3100 5182
777 471 998 554 ...122-

353 647 434 693 num
450 620 519 718 (ἢ),
535 643 610 690 cum
626 619 733 715 iuquit
754 644 762 687 :
782 619 1000 690 Sacerdotem
1019 627 1150 712 oportet
1165 615 1306 710 offerre,
1325 617 1428 688 berre-

350 722 464 792 dicem
470 770 483 806 ,
498 741 644 816 praecata
651 767 664 803 ,
673 717 876 813 praedicare
891 729 924 786 et
939 716 1135 812 baptizare.

409 918 417 974 t
455 913 565 976 Concil.
582 911 719 974 Trident.
734 929 805 973 cccc.
823 913 861 972 25
881 929 948 992 cop.
966 914 1004 972 tt
1015 909 1051 972 de
1065 908 1222 993 reformat.

392 913 435 1077 iti
456 996 544 1056 Part.
564 993 639 1054 itit.
657 995 696 1054 ld
709 990 736 1074 S.
759 995 862 1074 bpoy.
883 995 958 1072 tro,
973 991 1043 1054 edit.
1062 989 1204 1054 catalani
1217 994 1319 1054 torno
1336 993 1426 1052 1758.

398 1184 429 1286 §.
457 1184 583 1256 Xlllll.
611 1183 677 1256 Sed
700 1207 769 1254 non
793 1183 865 1258 haec
900 1187 1052 1257 omniuo
1088 1184 1236 1282 quolibet
1262 1183 1430 1255 sacerdote

351 1283 423 1355 lieri
450 1298 599 1380 possunt.
639 1279 795 1366 Quemvis
837 1285 926 1352 enim
956 1281 1115 1354 sacerdoti
1155 1285 1190 1351 in
1223 1280 1430 1353 ordinatione

354 1383 533 1476 assignetur
559 1377 693 1470 titulus,
722 1381 788 1450 sive
812 1379 944 1452 ecclesia
972 1383 1026 1452 cui
1057 1381 1229 1469 inserviat,
1261 1403 1330 1450 non
1353 1403 1432 1449 om-

352 1477 449 1549 nibus
478 1491 590 1548 tamen
623 1479 802 1571 assignatur
832 1476 994 1574 populus,
1028 1503 1129 1574 quem
1159 1491 1274 1570 regant
1311 1489 1345 1545 et
1376 1477 1431 1544 cui

353 1578 388 1644 in
413 1573 510 1645 rebus
536 1573 757 1671 spiritualibus
786 1583 922 1672 praeesse
952 1574 1106 1645 debeant.
1130 1573 1234 1644 Tituli
1260 1573 1431 1667 assignatio

354 1671 451 1761 iacit,
487 1687 525 1741 ut
558 1675 594 1740 in
623 1695 663 1742 eo
689 1671 795 1742 Missae
831 1669 1023 1742 sacrificium
1056 1669 1209 1758 offocant,
1244 1694 1433 1767 panemque

353 1767 610 1839 Eucharisticum
640 1769 764 1864 populo
793 1764 991 1840 distribuant
1020 1783 1055 1840 et
1089 1766 1245 1865 quasdam
1272 1765 1433 1837 benedic-

354 1868 460 1935 tiones
492 1866 683 1960 impertiant
714 1865 781 1960 (l).
816 1865 942 1936 Verum
973 1865 1064 1962 quod
1092 1868 1210 1936 attinet
1237 1863 1278 1934 ad
1307 1863 1431 1960 reliqua

356 1986 513 2050 munera,
547 1984 623 2057 quae
650 1963 687 2030 iu
720 1961 903 2034 Pontificali
936 1979 1178 2047 memorantur,
1211 1978 1324 2058 aptum
1354 1963 1433 2056 qui-

356 2059 434 2128 dem
468 2057 510 2126 ad
548 2083 585 2128 eo
618 2057 695 2128 iacit
726 2059 957 2158 presbyterum
999 2077 1032 2132 et
1062 2059 1217 2131 idoneum
1249 2057 1431 2146 ordinatio,

357 2155 416 2224 sed
447 2179 523 2226 cum
536 2210 541 2218 a
556 2172 741 2252 respectum
769 2155 910 2226 habeant
938 2155 978 2226 ad
1009 2157 1189 2254 populum,
1222 2159 1353 2252 sintque
1376 2157 1434 2223 in-

357 2252 440 2323 dicia
463 2253 640 2348 spiritualis
654 2255 690 2323 in
720 2279 797 2322 eum
826 2253 1054 2326 ‘urisdictionis
1080 2269 1113 2324 et
1138 2256 1327 2350 potestatis,
1356 2251 1436 2322 hi'nc

357 2351 463 2420 omnis
490 2348 681 2448 presbyter,
712 2353 770 2445 qui
797 2281 857 2420 sibi
884 2351 1045 2448 populum
1074 2349 1257 2450 subjectum
1285 2374 1354 2420 nou
1378 2349 1436 2420 ba-

358 2444 434 2532 bet,
466 2443 618 2516 facultate
648 2471 762 2517 corum
780 2448 914 2543 jurium
956 2447 1230 2536 exercendorum,
1265 2473 1365 2543 quam
1397 2449 1436 2516 in

357 2540 563 2612 ordinatione
599 2546 740 2639 aceepit,
769 2547 890 2640 partim
913 2561 1025 2616 contra
1054 2569 1193 2617 canones
1225 2543 1336 2617 illicite
1363 2547 1437 2615 uti·

357 2655 426 2728 tur,
446 2640 565 2736 partim
583 2639 704 2712 frustra
716 2643 852 2714 omnino
868 2657 902 2712 et
915 2641 1085 2713 inutiliter.

398 2843 441 2928 (i)
473 2848 588 2926 Duplex
613 2847 806 2930 distinguitur
833 2849 1020 2910 benedictio:
1049 2851 1156 2926 altera,
1185 2869 1251 2929 quae
1277 2849 1371 2928 major
1404 2860 1436 2913 ct

360 2927 498 2989 solemnis
512 2927 636 3004 dicitur,
656 2949 781 3010 qumque
801 2931 928 3009 episcopi
950 2934 1067 3010 propria
1082 2941 1146 2993 eet:
1167 2933 1257 2992 altera
1272 2933 1370 2992 minus
1386 2949 1438 2992 so-

359 3007 480 3084 lemnis,
505 3026 594 3084 quam
608 3010 695 3070 etiam
715 3011 802 3088 presb
824 3013 895 3073 teris
909 3013 1044 3072 emittere
1063 3013 1110 3092 jus
1124 3021 1168 3075 est
1187 3033 1255 3074 can.
1272 3015 1312 3074 96
1330 3031 1398 3094 cop.
1417 3016 1434 3074 l

358 3096 465 3182 quest:
494 3092 509 3150 l
536 3107 603 3170 cap.
631 3091 649 3150 t
674 3089 746 3152 ibid.
776 3033 856 3154 Glos.
886 3090 922 3152 dc
944 3091 1083 3175 privitae.
1105 3095 1137 3155 in
1160 3095 1190 3155 6.
1221 3097 1347 3156 Sunt'et
1370 3093 1439 3154 aliae

359 3169 595 3240 benedictiones,
612 3179 757 3249 utaque,
772 3192 915 3234 novorum
930 3175 1080 3236 fructuum
1095 3183 1124 3236 et
1137 3175 1263 3253 similcs3
1276 3175 1329 3236 scd
1343 3175 1374 3234 in
1388 3174 1440 3235 his

360 3249 495 3310 servandi
520 3259 589 3311 sunt
618 3252 693 3312 ritus
724 3261 753 3312 et
784 3255 1010 3315 consuetudines
1034 3255 1238 3332 eeclesiarum,
1267 3255 1439 3334 exquibus

360 3330 495 3409 quaedam
531 3331 749 3393 benedictiones
773 3335 931 3414 episcopis,
956 3335 1090 3414 quaedam
1119 3337 1270 3416 parochis,
1300 3337 1441 3416 quaedam

360 3412 425 3471 aliis
435 3411 473 3471 ab
486 3413 621 3492 episcopo
636 3413 775 3496 delegatis
788 3416 968 3495 presbyteris
980 3427 1178 3479 reservantur.

410 3599 441 3702 ς.
470 3600 596 3674 XXIV.
625 3603 851 3676 Ministrorum
867 3604 988 3704 duplex
1004 3623 1052 3680 est
1072 3635 1175 3704 genus
1195 3635 1203 3677 :
1224 3609 1277 3680 alii
1299 3609 1444 3682 mc'ores

341 3699 395 3768 'et
423 3701 522 3788 sacri,
555 3698 608 3770 alii
643 3703 784 3773 minores
821 3721 855 3774 et
888 3730 957 3776 non
989 3709 1070 3778 sacri
1094 3705 1313 3802 appellantur,
1390 3711 1444 3777 cri

361 3811 439 3867 suut
461 3795 616 3867 diaconus
634 3813 668 3868 et
695 3798 930 3889 subdiaconus,
955 3806 1013 3898 qui
1038 3807 1116 3874 sacri
1142 3803 1315 3893 dicuntur,
1346 3805 1444 3898 quod

361 3893 636 3964 intermissurum
658 3894 813 3966 solemnia
836 3895 1004 3970 ordinibus
1029 3903 1200 3972 initiantur
1222 3915 1257 3971 et
1276 3925 1335 3972 suo
1355 3901 1445 3972 iun«

363 4005 486 4082 guntur
502 4016 639 4063 munere
655 4017 751 4090 supra
765 3992 883 4090 gradus
896 3993 1015 4068 altaris.
