3164 5174
838 495 888 510 -·
913 451 985 526 298
1011 494 1060 508 —

414 605 707 704 permutationem,
742 602 897 700 quoniam
918 603 974 699 jus
1004 615 1210 698 patronatus,
1240 601 1300 672 nisi
1335 623 1399 696 qua
1431 597 1483 670 lex

415 701 651 800 impedimento
668 699 798 798 aitffi),
820 698 934 770 donari
956 701 1202 797 permutatique
1223 712 1343 796 potest.
1369 697 1486 768 Dona-

416 805 461 872 tio
478 804 513 870 iu
530 803 695 898 privatum
713 797 881 870 hominem
897 798 1012 870 collata
1034 797 1158 892 indiget
1177 798 1319 894 episcopi
1341 797 1488 866 auetori-

399 914 495 989 -ntc,
514 895 630 970 collatu
643 900 677 966 in
690 895 870 986 ecclesiam,
884 912 941 968 aut
953 897 1185 968 monasterinm
1202 919 1268 966 uon
1278 891 1402 988 indiget
1416 894 1485 990 (5).

403 995 514 1080 Quod
536 998 635 1068 etiam
663 994 789 1066 dictum
811 994 883 1066 volo
904 993 946 1066 de
965 996 1224 1092 permutatione,
1244 1017 1318 1090 quae
1339 991 1490 1062 similiter

415 1121 492 1166 cum
515 1097 641 1192 privato
666 1092 801 1166 homine
826 1091 971 1164 absoluta
995 1117 1077 1191 opus
1107 1091 1205 1162 habet
1231 1093 1371 1188 episcopi
1408 1117 1490 1161 auo-

417 1196 547 1265 toritate
576 1192 653 1289 (d),
687 1209 786 1288 atque
821 1205 979 1288 praeterea
1018 1203 1094 1260 'rem
1118 1189 1223 1260 aliam
1264 1187 1488 1284 spiritualem,

418 1307 474 1361 aut
492 1289 650 1387 spirituali
669 1315 828 1360 annexam
847 1287 1027 1378 desiderat,
1048 1305 1086 1359 ut
1110 1305 1195 1360 recte
1211 1289 1400 1384 perficiatur
1417 1287 1486 1384 (5).

418 1387 526 1461 Vendi
558 1405 669 1460 tamen
690 1390 745 1486 jus
771 1389 961 1486 patronatus
990 1413 1031 1458 ne
1056 1389 1105 1456 uit
1122 1385 1197 1482 (6),
1219 1388 1281 1456 nisi
1305 1385 1389 1456 forte
1412 1411 1492 1456 ven-

418 1483 648 1558 daturfundus
672 1503 729 1556 aut
745 1499 907 1576 castrum,
940 1487 992 1558 cui
1014 1414 1177 1574 adhaeret,
1196 1485 1272 1582 quia
1290 1499 1369 1554 tunc
1390 1485 1491 1555 etiam

403 1585 468 1684 'jus
494 1601 683 1684 patronatus
713 1586 748 1654 in
775 1609 829 1654 em
854 1599 960 1654 torem
983 1583 1175 1655 transfertur
1204 1581 1271 1680 (7).
1303 1580 1429 1652 Verum
1451 1608 1492 1654 ex

414 1685 490 1782 jure
517 1699 726 1781 patronatus,
756 1609 851 1778 quod
871 1678 974 1754 fundo
996 1680 1159 1772 adhaeret,
1189 1679 1279 1752 nulla
1298 1683 1396 1780 pretii
1419 1682 1493 1754 fieri

420 1781 518 1852 debet
544 1783 697 1869 accensio,
731 1783 807 1878 quia
836 1795 916 1852 tunc
950 1806 999 1851 res
1035 1778 1229 1878 spiritualis,
1254 1779 1305 1850 vel
1332 1779 1494 1876 spirituali

420 1903 558 1969 annexa,
575 1879 668 1974 quod
680 1877 753 1950 fieri
772 1879 907 1974 nequit,
926 1881 1022 1952 tacite
1034 1877 1231 1952 venderetur
1243 1878 1310 1976 (8).

461 2073 502 2158 (i)
524 2077 567 2136 tta
593 2077 646 2140 Jus
681 2081 851 2154 patronatus
878 2074 1019 2137 beneficio
1053 2085 1103 2138 aut
1131 2075 1264 2158 dignitati
1300 2075 1494 2153 conjunctum

422 2175 488 2218 cum
507 2155 649 2218 beneficio
674 2158 737 2236 ipso
755 2163 785 2217 et
801 2156 958 2238 dignitate,
989 2159 1159 2239 adjunctum
1180 2168 1271 2220 castro
1289 2167 1338 2220 aut
1361 2157 1494 2237 prndio,

422 2257 489 2300 cum
503 2240 655 2319 predicet
668 2245 762 2300 castro
773 2239 961 2300 transfertur.

463 2319 504 2404 (ἓ)
526 2323 574 2384 Sic
590 2319 714 2381 distrahi
733 2321 913 2402 gentilitium
929 2322 979 2402 jus
993 2331 1162 2400 patronatus
1183 2331 1262 2384 vetat
1281 2323 1328 2384 lex
1343 2321 1498 2383 fundatio-

358 2451 360 2456 .
424 2404 487 2479 uia,
508 2421 574 2482 que
594 2401 632 2464 ad
657 2403 731 2464 illud
753 2412 837 2464 vocat
855 2411 943 2465 certas
966 2404 1084 2466 familie
1107 2412 1242 2487 agnatos,
1268 2413 1318 2466 aut
1343 2414 1495 2485 cognatos,

427 2493 517 2564 prout
530 2485 716 2567 agnatitium,
731 2485 777 2545 vei
788 2486 977 2566 cognatitium
988 2485 1037 2564 jus
1050 2496 1219 2566 patronatus
1234 2498 1288 2549 est.

477 2567 507 2710 Ξ)
532 2571 605 2651 Cap.
618 2567 642 2710 ξ
655 2565 781 2711 ‘iillum
793 2577 875 2650 potr.
894 2587 962 2650 cop.
980 2589 1034 2629 un.
1050 2567 1115 2632 eod.
1131 2569 1165 2630 fn
1179 2571 1209 2630 6.

530 2653 603 2712 Cu.
646 2667 710 2710 ea.
1079 2676 1082 2682 ¹

479 2651 508 2810 5)
531 2671 605 2816 Caii.
623 2733 681 2794 tet
692 2727 750 2792 ult.
768 2729 803 2792 de
819 2751 879 2794 rar.
894 2741 1025 2814 parotut.

467 2733 509 2894 (ὃ)
532 2818 604 2896 Cap.
617 2815 636 2874 o
649 2821 678 2876 et
692 2815 730 2874 to
745 2809 780 2874 de
794 2811 871 2876 lure
882 2823 966 2898 potr.

480 2897 497 2954 7
534 2900 606 2976 Gap.
624 2891 719 2958 7eod.
1181 2927 1184 2933 ·
1580 2957 1581 2960 ,

468 2895 509 3056 (8)
531 2977 653 3038 Consule
664 2975 922 3058 Schmafsgruebcr
934 2983 993 3041 Jus
1006 2975 1105 3041 acates.
1121 2975 1171 3040 tit.
1187 2981 1236 3042 3t.
1252 2983 1290 3042 28
1302 2979 1330 3064 S.
1345 2985 1363 3044 5
1377 3001 1408 3042 a.
1424 2985 1496 3042 rso.
1580 3003 1581 3054 ;

476 3141 507 3244 §.
547 3142 633 3214 Lvt.
674 3142 882 3220 Successione
921 3148 1112 3220 transfertur
1148 3151 1203 3247 jus
1232 3165 1423 3246 patronatus
1457 3153 1500 3222 ad

428 3241 563 3314 heredes
590 3244 654 3314 sire
686 3241 867 3339 legitimos,
900 3249 964 3316 aire
996 3253 1250 3320 testamentariae
1278 3247 1336 3344 (f)
1365 3265 1399 3318 et
1421 3275 1503 3322 vero

331 3339 334 3346 ’
430 3340 608 3412 tranfertur
635 3343 670 3412 in
712 3341 873 3433 solidum,
904 3369 1103 3442 quamquam
1152 3345 1311 3416 hereditas
1343 3348 1505 3442 inaequa-

429 3437 504 3509 liter
548 3435 730 3531 dividatur,
775 3443 929 3540 quoniam
966 3443 1021 3542 jus
1058 3459 1247 3540 patronatus
1292 3442 1390 3513 dividi
1427 3471 1506 3518 non
1579 3523 1580 3526 ,

431 3551 538 3636 potest
570 3535 635 3656 (ἢ).
660 3537 744 3624 Quae
774 3541 929 3612 successio
960 3539 1105 3612 defertur
1133 3543 1168 3612 iu
1201 3545 1335 3641 stirpes,
1367 3541 1430 3613 hoe
1453 3563 1508 3616 est
1579 3539 1580 3551 ¹

426 3637 502 3734 jure
536 3639 843 3730 representationis3
884 3654 917 3711 et
953 3638 1027 3710 ideo
1059 3637 1206 3736 pluribus
1281 3641 1381 3712 tronis
1407 3639 1510 3716 deoc-

432 3731 602 3821 dentibus,
630 3759 771 3830 quorum
809 3734 891 3808 alter
923 3735 1004 3809 duos
1040 3736 1174 3810 heredes
1199 3667 1387 3836 refiipucrit,
1418 3739 1509 3813 alter

432 3855 555 3919 unum,
596 3829 661 3904 duo
689 3828 739 3902 illi
775 3831 910 3905 heredes
953 3861 1058 3906 unum
1092 3835 1261 3909 habebunt
1299 3836 1507 3934 suffragium

431 3929 472 4000 ud
493 3928 673 4000 faciendam
707 3935 1012 4025 presentationem,
1047 3938 1200 4030 quoniam
1233 3935 1330 4008 ambo
1365 3939 1508 4010 unicum
1578 3963 1579 4041 p

432 4043 561 4099 tantum
576 4043 751 4126 patronum
773 4047 1007 4128 repraesentent
1023 4033 1092 4130 (5).
