3122 5170
525 419 762 506 1--699--ι

124 582 297 654 necessaria
330 578 406 677 (1),
422 591 495 650 'aut
523 581 619 650 etiam
652 597 774 652 certum
808 584 874 652 rim
907 583 1078 680 pecuniam·
1111 607 1185 678 quae

124 705 213 751 nunc
246 694 381 776 sponte.
400 675 476 756 data
504 676 642 754 illorum
680 680 751 751 loco
785 681 885 774 accipi
920 695 1027 776 potest
1040 707 1061 766 3·
1089 680 1209 752 modo·

123 779 166 847 sit
195 803 259 848 una
300 775 524 873 procuratio‚·
541 801 618 848 cum
648 776 742 874 plura
777 776 894 848 eadem
936 777 989 849 die
1023 777 1092 851 locs
1118 777 1204 848 lus-⁴
1277 795 1281 806 ·

124 889 208 946 trata
224 889 302 946 sunt
335 873 402 969 (ἢ).
431 872 620 946 Cavendum
655 900 731 946 vero
760 877 1008 972 coepiscopis,
1035 901 1079 948 ne
1110 879 1206 948 inri-'

122 972 234 1044 tilibus
264 971 447 1069 sumptibus
472 997 584 1067 graves
620 975 686 1043 sint
715 973 875 1062 ecclesiis,
914 999 993 1071 quas
1036 976 1187 1066 visitant,

121 1087 159 1140 ct
185 1070 258 1144 ideo
298 1069 445 1142 modesto
483 1073 637 1142 comitatu
670 1074 815 1144 contenti
850 1097 916 1143 esse
954 1070 1076 1144 debent
1111 1071 1187 1170 (5);

121 1183 158 1238 et
189 1171 216 1239 si
243 1168 364 1266 pluries
392 1170 478 1238 intra
509 1195 633 1240 annum
667 1169 814 1242 eamdem
841 1169 1007 1242 ecclesiam
1042 1172 1189 1242 visitave-

120 1269 204 1358 rint,
228 1268 356 1339 nonnisi
390 1293 490 1338 unam
515 1269 775 1364 procurationem
802 1269 965 1366 occipiunt
989 1267 1056 1366 (l).

166 1454 208 1536 (1)
231 1455 305 1537 Cap.
323 1457 341 1516 6
356 1463 383 1516 ct
398 1457 436 1517 23
451 1453 486 1516 de
499 1457 582 1518 Cena.
598 1466 693 1519 excat.

166 1537 207 1618 (1)
230 1540 301 1620 Cap.
328 1540 347 1600 2
367 1545 396 1598 ct
412 1540 430 1598 5
448 1535 484 1599 de
499 1536 612 1600 Geumi.
634 1540 667 1600 iss
689 1541 719 1601 6.
736 1542 807 1601 lton
827 1537 923 1601 Bonii.
937 1538 1007 1602 vl11
1018 1537 1191 1620 abrogatum

124 1627 169 1682 est
179 1621 227 1699 jus
241 1621 395 1698 antiquum
409 1620 440 1680 in
458 1638 523 1703 cop.
547 1623 562 1682 1
583 1620 659 1699 eod„
679 1621 759 1700 quod
778 1621 990 1701 procurationis
1007 1639 1091 1682 causa
1105 1639 1193 1700 pecu-

124 1702 204 1762 niam
218 1702 348 1782 accipere
373 1701 500 1764 vetabat.
528 1703 635 1764 Eadem
663 1703 726 1766 haec
741 1703 820 1781 optio
846 1703 936 1764 dandi
960 1703 1113 1782 pecuniam
1130 1702 1193 1764 loco

124 1783 294 1844 victualium
309 1784 448 1863 permissa
462 1791 509 1844 est
520 1803 537 1846 a
548 1803 630 1846 conc.
647 1785 730 1848 Trid.
744 1803 816 1847 sess.
833 1787 872 1846 tl
886 1803 951 1867 cop.
970 1783 1039 1846 cde
1054 1783 1109 1867 res.

167 1866 208 1947 (ὅ)
231 1869 318 1928 conc.
341 1869 474 1928 lateran.
495 1865 529 1928 in
546 1885 613 1949 cap.
637 1869 656 1928 6
680 1866 932 1930 cccccccccc.
954 1865 1113 1946 praefinivit
1136 1884 1194 1926 nu·

125 1966 240 2008 merum
262 1966 420 2026 equorum,
444 1947 551 2027 quibus
571 1949 696 2029 episcopi
719 1948 866 2010 dioecesim
889 1949 1040 2010 visitantes
1064 1967 1118 2028 pro
1141 1966 1194 2008 suo

126 2032 267 2092 comitatu
279 2029 322 2090 uti
337 2039 476 2108 possunt3
492 2031 543 2090 sed
563 2049 597 2092 eo
611 2051 691 2092 nunc
701 2030 956 2093 indiscriminatim
970 2032 1013 2092 nli
1028 2037 1193 2110 nequeunt,

125 2113 204 2190 quod
221 2121 299 2174 recte
313 2119 413 2172 monet
427 2111 562 2175 Giraldus
582 2131 683 2196 capos.
703 2117 775 2176 Jur.
790 2115 880 2174 Pcnt.
919 2132 967 2173 ar.
985 2115 999 2174 1
1018 2109 1040 2173 1.
1060 2116 1079 2174 5
1095 2113 1192 2174 11169

124 2192 273 2256 Decretal.
296 2201 364 2256 sect.
384 2196 442 2255 685
455 2213 528 2277 pop.
546 2196 564 2255 s
585 2203 612 2256 et
626 2199 656 2256 6.
679 2194 813 2274 synodus
833 2195 884 2257 Tri
910 2239 917 2255 .
941 2213 1011 2258 sess.
1036 2196 1076 2256 11
1089 2195 1193 2276 ecp.5

125 2273 160 2338 de
175 2275 299 2358 reform.
324 2277 486 2357 generatim
506 2277 625 2354 statuit,
644 2286 679 2338 ut
698 2277 822 2357 episcopi
851 2277 983 2338 modesto
1008 2277 1139 2354 equitatu
1164 2282 1193 2335 et

124 2359 265 2420 famulatu
278 2359 407 2420 contenti
419 2358 614 2420 visitationem
628 2379 714 2440 quam
727 2359 879 2420 celerrime
892 2359 1058 2438 expediant.
1073 2362 1110 2420 Et
1123 2358 1191 2418 licet

126 2439 264 2502 definitus
288 2459 347 2502 non
368 2441 407 2502 sit
426 2441 609 2501 evectionum
629 2462 662 2503 ac
682 2442 798 2503 dierum
819 2459 975 2518 numerus,
1002 2441 1079 2500 intra
1102 2457 1191 2518 quem

124 2523 318 2586 visitationem
333 2523 475 2603 perlicere
494 2531 623 2603 oportet,
644 2532 742 2586 tamen
763 2525 827 2585 Sao.
846 2526 953 2603 congr.
976 2521 1089 2582 concilii
1103 2520 1135 2582 id
1151 2530 1193 2584 to·

124 2613 188 2665 tum
205 2605 386 2748 visitpntium
404 2605 587 2667 conscientie
604 2615 633 2667 et
652 2604 816 2687 prudentiae
840 2605 976 2684 reliquit,
994 2604 1038 2664 uti
1064 2603 1191 2665 ostendit

127 2687 263 2749 Giraldus
291 2707 333 2748 oc.
350 2687 398 2748 eit.

164 2765 206 2852 (1)
227 2771 350 2832 Consule
364 2773 435 2831 Ben.
452 2773 520 2833 XIV
534 2768 569 2832 dc
582 2771 657 2854 Syn.
671 2768 785 2832 dioeces.
803 2767 854 2832 tiu.
868 2769 907 2830 l0
920 2785 985 2850 cop.
1004 2769 1043 2828 10
1054 2765 1081 2848 S.
1096 2769 1126 2828 6.

173 2922 205 3023 l.
232 2922 306 2994 vll.
349 2923 462 2996 Danda
496 2942 544 2996 est
581 2927 764 3021 procuratio
801 2949 869 2996 non
900 2921 1005 2994 solum
1039 2924 1188 3018 eiscopo

125 3039 181 3094 aut
212 3021 322 3111 alteri,
352 3026 409 3120 qui
443 3025 512 3122 ejus
544 3021 614 3095 loco
646 3023 809 3094 dioecesim
842 3021 979 3110 lustrat,
1008 2947 1080 3091 scd
1090 3021 1187 3091 etism

124 3123 240 3194 vicario
280 3118 473 3217 capitulari,
511 3123 562 3192 coi
600 3137 674 3218 post
711 3145 834 3190 annum
871 3145 889 3189 a
928 3118 982 3190 die
1023 3133 1187 3215 postremo

125 3217 245 3290 habitae
272 3221 460 3292 visitationis
485 3218 646 3290 dioecesim
671 3219 799 3290 visitare
822 3217 899 3289 licet
928 3217 1001 3314 (l);
1035 3231 1067 3287 et
1092 3214 1187 3285 datur

125 3315 166 3386 ab
197 3317 371 3407 omnibus,
409 3320 466 3414 qui
499 3319 688 3404 visitantur3
727 3341 795 3387 non
826 3330 938 3387 tamen
973 3315 1014 3384 ab
1049 3314 1186 3386 ecclesiis

123 3418 271 3505 civitatis,
316 3417 350 3486 in
383 3443 447 3514 qua
480 3417 648 3514 episcopus
684 3413 809 3486 assidue
850 3427 1071 3486 commoratur
1099 3409 1182 3508 (ἓ),

123 3540 230 3611 neque
260 3516 339 3584 item
362 3540 402 3585 er
434 3515 566 3611 privatis
596 3513 760 3603 oratoriis,
791 3537 867 3612 quae
893 3514 928 3582 in
951 3507 1184 3581 monachorum

122 3615 258 3706 grauciis
294 3613 352 3682 sita
378 3629 456 3683 sunt
488 3611 553 3708 (ὅ).
585 3610 731 3682 Subsunt
763 3627 873 3682 autem
904 3609 1043 3705 episcopi
1072 3609 1184 3676 visita-

123 3713 204 3781 tioni
241 3708 381 3782 ecclesias
416 3735 546 3798 omnes,
580 3711 679 3780 ctiam
721 3723 900 3806 exemptae,
945 3721 1042 3803 atque
1086 3707 1184 3775 etiam

122 3806 305 3904 regulares,
359 3833 433 3905 qum
478 3809 686 3905 conjunctam
733 3805 855 3878 habent
903 3829 1014 3876 curam
1066 3805 1185 3872 anima-

123 3931 198 3976 rum
234 3906 311 4003 (5),
345 3908 489 4005 itemque
515 3905 740 3979 commendata
774 3905 985 3993 monasteria,
1025 3899 1181 3988 abbatiae,

123 4006 300 4100 prioratus,
351 4008 588 4105 praepositurae,
634 4004 691 4078 ubi
744 4029 811 4081 non
854 4000 940 4098 riget
985 3999 1185 4074 observantia
