3100 5182
565 411 782 483 -tss-

145 560 245 630 tiociis
264 560 355 656 regni
376 575 434 629 aut
458 561 614 650 nationis,
642 559 699 631 ubi
720 564 897 658 primatum
918 547 1052 634 habent.
1079 563 1203 664 Hujus-

144 657 225 728 modi
245 673 323 727 sunt
343 659 503 730 antistites
530 657 762 749 Bituricanois,
793 658 1040 757 Lugdunensis,
1070 661 1206 734 Toleta-

144 781 217 842 nus,
248 751 521 854 Salisburgensis,
547 755 695 844 Pisanus,
723 757 859 856 aliique,
884 757 1001 856 quibus
1033 787 1052 830 a
1079 776 1205 834 metro-
1309 799 1312 808 ·
1359 771 1363 779 '

144 853 245 948 politis
276 879 435 927 conoessae
457 853 708 952 appellationes,
732 871 765 926 et
786 857 842 956 jus
865 857 1086 930 anteferenda
1103 862 1206 930 erneis
1306 911 1312 924 .
1359 909 1363 918 -

144 949 262 1065 datum.
282 949 349 1022 Sed
375 951 473 1066 hodie
496 969 625 1023 tantum
649 957 779 1068 primati
804 953 1019 1070 Lugdpnensi
1040 955 1203 1070 reliqpum

145 1049 540 1244 fflggppgllatmnum,
569 1065 668 1122 oeten
689 1051 789 1125 solam
805 1050 935 1126 honoris
962 1069 1205 1150 praerogattvam

180 1293 220 1376 (t)
239 1301 284 1358 De
303 1298 425 1378 antiqua
442 1297 601 1378 primatum
621 1299 764 1382 dignitate
776 1319 810 1361 ae
827 1307 984 1382 potestate,
1001 1319 1106 1382 magna
1127 1301 1207 1362 intet-

148 1377 268 1472 ornditos
297 1379 466 1476 disputatio·
480 1389 535 1441 est.
558 1383 633 1444 Sunt
659 1382 739 1443 enim
762 1383 813 1462 qui
840 1400 889 1480 eos
910 1382 1106 1524 patriarchas,
1122 1389 1206 1480 'sunt

148 1462 1207 1634 tttfttttltttitt,tt‘ttt,tttttttstt‘tttftttttt

152 1619 287 1684 Ptthteum
306 1643 336 1686 to
359 1645 396 1687 ex
418 1645 524 1688 conon.
549 1635 607 1689 oet.
630 1625 728 1690 erato.
754 1631 882 1690 liutuun.
907 1645 979 1710 paq.
1005 1629 1079 1706 too,
1103 1627 1204 1690 Poris.

154 1705 227 1764 titt
241 1708 384 1800 'anates
409 1710 601 1790 metropolita
633 1719 734 1787 erant,
756 1715 843 1790 atque
874 1707 943 1770 hine
971 1709 1117 1772 Numidia
1142 1727 1208 1770 ma·

155 1786 344 1866 tropolttanum
355 1790 519 1873 primaten
537 1793 718 1873 Augustinus
734 1799 817 1854 vooat
833 1791 918 1874 epist.
937 1791 996 1852 ato
1015 1809 1099 1853 num.
1116 1793 1134 1852 6
1149 1789 1203 1853 ool.

152 1869 223 1930 tots
240 1878 309 1931 tons.
326 1875 360 1947 2,
375 1880 405 1933 et
419 1873 547 1935 Antiates
561 1873 798 1958 Carthaginensis
817 1873 980 1935 aPossidio
1002 1871 1035 1934 in
1059 1875 1121 1936 oito
1143 1875 1207 1934 Au·

145 1959 217 2032 pust.
236 1971 260 2014 ο.
277 1955 298 2014 8
316 1951 371 2016 tol.
392 1957 452 2016 iot
470 1964 541 2017 tom.
563 1957 602 2016 to
623 1975 693 2040 opp.
716 1959 844 2038 August.
867 1955 1008 2033 Primos,
1033 1955 1064 2016 in
1085 1955 1206 2018 oonsilio

145 2033 278 2112 Epheaino
303 2046 364 2098 oet.
389 2041 403 2098 t
432 2046 503 2100 tona.
531 2035 621 2100 toul.
645 2039 725 2108 itte
749 2035 816 2100 coll.
838 2035 996 2100 Hordnini
1015 2035 1203 2120 Metropolim

144 2115 307 2194 appellatur.
337 2123 380 2180 Ex
398 2139 456 2198 quo
479 2120 582 2181 confici
600 2120 718 2182 videtur
738 2137 837 2199 posse,
864 2119 978 2180 nullum
998 2119 1076 2181 inter
1094 2120 1205 2200 primo-

29 2259 30 2264 ,
147 2204 200 2257 tem
213 2207 241 2260 et
255 2203 472 2280 metropolitam
490 2202 648 2263 discrimen
667 2203 860 2263 intercedere.
875 2201 994 2264 Aooedit
1007 2201 1087 2279 quod
1101 2219 1168 2282 cop.
1186 2203 1204 2262 5

29 2283 31 2322 l
146 2275 180 2340 de
197 2283 261 2344 For.
284 2291 447 2366 oompeten.
468 2293 587 2346 cautum
607 2292 668 2360 ast,
687 2291 720 2345 ut
737 2292 800 2346 orta
818 2283 870 2344 lita
893 2283 971 2344 inter
988 2283 1137 2362 episeopus
1157 2283 1206 2344 di·

146 2377 283 2426 rersarum
297 2366 515 2445 provinciarum
533 2365 642 2428 dentur
657 2365 770 2445 judiees
787 2385 803 2426 a
821 2365 961 2448 primate,
983 2363 1065 2444 eujus
1086 2363 1117 2426 in
1135 2382 1206 2446 pro-

143 2444 226 2540 vincia
247 2447 334 2508 sedet
355 2448 450 2525 locus,
474 2449 512 2508 de
543 2467 602 2528 quo
626 2448 802 2530 disputatur.
828 2451 901 2542 Cum
932 2453 1030 2507 autem
1068 2447 1205 2542 proprius

144 2531 652 2675 ttttttttttttttttttltt
666 2529 1206 2673 tattttttttttt¹¹ttt

140 2707 204 2772 pop.
217 2653 256 2754 tio
268 2695 369 2772 inquit
384 2715 392 2752 ε
409 2693 499 2777 Apud
513 2713 566 2756 nos
579 2692 640 2756 lue
653 2631 716 2755 dud
726 2691 851 2754 nomino
861 2691 978 2784 paa'oaoo
991 2699 1019 2752 at
1028 2629 1204 2772 ,lausiacis

140 2775 343 2856 panepenna
362 2775 440 2838 idem
457 2785 579 2855 sottum,
594 2771 856 2858 compatriarchae
873 2781 901 2834 ot
920 2779 1067 2854 pnmotea
1089 2780 1206 2834 teneant

143 2871 226 2916 unam
243 2857 396 2938 formam,
421 2855 490 2922 lieet
511 2877 614 2920 eorum
633 2857 758 2920 imminu
780 2856 845 2918 sint
870 2853 999 2916 diuerso.
1023 2853 1132 2916 Eadem
1155 2871 1204 2916 oo-

140 2948 254 2999 ourrunt
267 2941 305 3000 in
318 2941 492 3020 apocryphis
507 2941 612 3002 litteris
627 2938 800 3016 Clementis,
816 2935 946 3014 Aniceti,
963 2937 1107 3012 Anaoleti,
1125 2937 1204 2998 lucii

140 3018 202 3095 att,
219 3041 288 3100 quae
305 3023 383 3100 apud
398 3023 567 3084 Gratianum
583 3029 697 3083 exstant
712 3040 781 3083 aon.
798 3021 813 3082 l
831 3027 860 3082 et
872 3022 891 3080 2
905 3017 975 3081 dist.
992 3021 1048 3094 80,
1060 3027 1088 3079 et
1100 3035 1167 3078 too.
1186 3020 1199 3078 i

139 3103 195 3196 ati
214 3101 289 3166 dist.
316 3105 367 3164 99.
391 3106 523 3184 Denique
542 3107 592 3183 qui
622 3103 712 3163 alium
736 3122 752 3164 a
778 3101 942 3181 patrimuha
965 3109 993 3162 et
1021 3099 1205 3196 metropolita

138 3193 290 3258 tanatem
313 3185 439 3262 iaciunt,
466 3187 603 3248 nituntur
624 3203 736 3246 aanona
763 3186 782 3245 9
806 3185 919 3246 aoncilii
946 3181 1203 3258 (thalamonensis,

139 3266 209 3408 tut
490 3265 593 3414 ut
619 3265 1035 3412 suntiono
1059 3264 1206 3408 uu

140 3425 179 3489 tel
196 3393 331 3493 llericus
356 3370 586 3494 controuerltam
600 3369 726 3510 lubeat,
751 3365 1078 3492 dioecesispoanrcltddt
1100 3449 1118 3488 o
1141 3391 1201 3504 out:

139 3507 179 3572 tel
204 3509 377 3596 inperialis
398 3511 481 3576 urbis
508 3507 778 3596 Constantinopolis
803 3507 953 3573 thronum.
978 3513 1090 3572 Primos
1114 3511 1206 3590 igitur

139 3591 205 3654 alins
218 3605 266 3656 ost
286 3614 305 3656 a
324 3597 524 3674 metropolita,
547 3605 577 3657 et
594 3595 668 3657 alius
685 3615 701 3657 a
720 3594 1037 3673 constantinopolitano
1054 3592 1204 3672 episeopo,

139 3670 188 3736 ltoe
199 3685 246 3738 est
260 3676 440 3757 patriarcha.
459 3683 552 3740 Pauoa
571 3678 609 3740 de
625 3677 680 3738 hae
697 3677 892 3739 oontroveasia
910 3675 1019 3737 dicam.
1045 3678 1117 3737 Cum
1141 3669 1205 3752 pn'·

137 3772 213 3820 utum
236 3759 361 3822 ecelesia
377 3759 510 3838 primatis
527 3759 699 3824 vocabulum
719 3777 861 3837 usurpare
878 3759 980 3838 otapit,
999 3775 1034 3818 eo
1058 3753 1205 3836 signifiea-

138 3837 176 3898 rit
191 3841 423 3921 metropolitam.
440 3843 588 3923 Episcopis
605 3841 765 3906 Arelatensi
784 3848 814 3901 et
833 3840 991 3902 Viennensi
1007 3838 1045 3900 de
1062 3837 1205 3916 primatus

135 3917 241 3984 honore
260 3923 520 4000 contendentibus,
547 3926 726 3987 Taurinense
750 3921 905 3985 eonsilium
924 3941 975 3982 on.
1000 3918 1058 3980 597
1080 3937 1148 3979 con.
1170 3919 1201 3994 ἓ,

138 4003 209 4079 apud
230 4005 371 4068 eumdem
392 4006 538 4069 labbeum
564 4013 634 4068 tons.
659 4001 754 4068 imi.
775 4005 855 4067 test
881 4004 921 4064 ita
945 3999 1115 4082 respondit:
1147 3997 1208 4078 Qui
