3164 5174
826 433 1047 504 ..wll-

398 615 507 664 secum
542 587 653 658 serunt
681 583 832 657 beneficii
865 581 1085 656 collationem.
1119 582 1253 656 Litterae
1281 589 1322 656 in
1350 587 1478 680 farma

396 692 570 788 deputam,
595 709 670 781 quae
695 686 741 754 ita
766 679 992 780 appellantur,
1013 679 1105 778 quod
1130 681 1231 754 abeo
1258 683 1356 756 verbo
1372 709 1480 756 exor-

397 788 553 872 diuntur,
574 782 683 853 locum
705 779 848 870 habeut,
877 805 954 852 cum
969 778 1053 850 illud
1068 781 1210 878 episcopi
1225 783 1478 869 testimonium,

397 912 435 956 ex
468 908 535 982 quo
550 895 659 979 pateat
686 878 842 951 idoneum
866 903 935 950 ease
961 877 1135 968 clericum,
1159 880 1196 948 iu
1212 878 1359 950 medium
1386 879 1480 950 alla-

398 999 470 1054 tum
496 1005 566 1052 non
582 979 664 1066 fuit,
687 993 860 1076 propterea
884 979 1063 1046 mittuntur
1086 975 1128 1046 ad
1143 978 1352 1075 episcopum,
1378 980 1482 1075 cujus

398 1106 466 1152 esse
498 1077 597 1150 debet
626 1091 714 1148 certo
750 1075 866 1148 clerieo
906 1072 1103 1146 beneficium
1140 1075 1339 1166 attribuere,
1375 1093 1483 1172 post-

395 1203 494 1276 quam
519 1179 608 1274 ipae,
639 1175 723 1246 lactu
751 1173 916 1272 periculo,
940 1172 1059 1270 dignus
1087 1188 1121 1244 et
1149 1172 1285 1246 idoneus
1320 1189 1481 1270 repertus

397 1295 457 1346 est.
489 1275 640 1372 Denique
670 1275 856 1368 informa
885 1275 1124 1344 commr‘raera'u
1154 1270 1380 1344 conceduntur
1414 1273 1482 1344 lit-

396 1389 495 1464 tere,
517 1397 592 1444 eum
622 1370 756 1444 clericus
782 1369 865 1440 illud
886 1369 1021 1467 quidem
1046 1369 1138 1441 dedit
1162 1371 1304 1468 episcopi
1320 1373 1482 1443 testimo-

397 1473 511 1561 nium,
528 1470 585 1541 sed
607 1469 712 1540 multa
730 1466 837 1540 adbuc
864 1467 905 1538 ab
929 1494 963 1539 se
987 1484 1116 1538 narrata
1141 1493 1270 1540 summo
1292 1468 1479 1560 Pontifici,

401 1590 440 1640 ut
471 1568 668 1640 beneficium
704 1582 944 1664 consequatur,
982 1565 1204 1638 demonstrare
1231 1566 1330 1638 debet
1360 1593 1482 1640 coram

397 1666 570 1763 designatis
587 1667 880 1760 exequutort'bua,
898 1666 1016 1736 vocatia
1031 1663 1202 1754 omnibus,
1227 1689 1369 1762 quorum
1387 1669 1482 1738 inte·

396 1781 475 1835 rest.
517 1765 545 1834 A
585 1789 625 1834 ue
656 1763 710 1835 hae
746 1763 865 1836 litterae
902 1787 971 1834 uon
995 1787 1103 1834 reram
1126 1761 1331 1836 collationem
1366 1769 1482 1836 couti-

398 1878 500 1953 nent,
593 1877 721 1932 tantum
748 1861 986 1948 mandalum,
1003 1875 1041 1932 ut
1056 1863 1169 1960 ajunt,
1186 1861 1229 1934 de
1250 1865 1479 1957 meando.

444 2056 475 2158 §.
503 2056 623 2128 XLVI.
651 2057 828 2155 Episcopus
845 2059 943 2128 etiam
958 2057 1090 2155 publico
1107 2060 1339 2146 instrumento,
1357 2083 1482 2157 eoque

397 2155 438 2226 ab
461 2157 532 2254 ejus
553 2154 741 2228 cancellario
771 2155 958 2252 obsignato,
984 2155 1213 2254 complectitur
1229 2155 1377 2228 beneficii
1398 2157 1484 2231 cul-

396 2252 564 2324 latiouem.
595 2253 726 2352 Ubique
745 2257 869 2327 mentio
897 2255 939 2327 fit
968 2253 1010 2328 de
1028 2271 1162 2344 natura,
1187 2272 1286 2352 atque
1307 2254 1484 2330 reditibus

397 2350 569 2442 beneficii,
593 2351 635 2424 de
657 2368 804 2450 tempore
823 2380 860 2424 ac
884 2351 1007 2445 modo,
1035 2378 1101 2451 quo
1121 2351 1202 2425 illud
1228 2357 1406 2444 vacaverit,
1433 2357 1486 2430 de

398 2451 519 2522 meritis
538 2451 620 2549 ejus,
639 2453 697 2547 qui
713 2449 799 2524 idem
817 2449 970 2549 postulat.
