3100 5182
808 411 1027 484 -tuo-

379 565 579 628 coustantium
599 581 625 624 c.
654 563 708 624 151
735 570 765 622 et
785 562 886 622 canter
909 579 974 620 can.
998 562 1038 620 ut
1063 559 1176 622 concilii
1202 557 1375 622 Antiocheni
1395 581 1449 622 nn.

381 648 457 721 541,
478 645 557 724 apud
580 643 727 706 labbeum
756 651 826 704 tom.
853 645 871 703 5
895 639 948 702 col.
975 644 1049 718 595,
1076 640 1146 702 edit.
1181 643 1297 719 Venet,
1318 643 1368 702 ubi
1390 651 1453 704 sta-

257 783 266 794 ,
378 729 473 788 tuitur
494 727 572 805 quad
597 723 757 809 manifesta
779 725 854 800 sint,
898 744 946 786 noe
973 723 1014 786 nd
1040 721 1191 786 eoelmiam
1212 723 1363 804 pertinent
1383 743 1452 786 cnm

380 808 544 890 cognitione
569 805 806 891 presbyterorum
827 815 855 868 et
870 743 1079 884 diocesearum,
1108 805 1162 890 qui
1178 815 1249 866 aunt
1272 807 1351 869 circa
1364 825 1450 884 cam,

379 891 435 952 hoc
449 899 493 952 cst
507 891 686 970 episcopum.
1520 927 1521 962 ,

421 972 463 1054 (2)
486 973 576 1034 Omni
589 972 682 1055 agitur
695 978 766 1032 actu
783 969 824 1032 ad
837 989 883 1032 me
896 966 1023 1052 perlato,
1040 970 1137 1111 inspuit
1150 969 1300 1032 cornelius
1312 973 1346 1032 Ρ.
1360 971 1451 1052 epist.

381 1052 453 1116 cad
468 1058 559 1138 cypr.
576 1073 660 1115 num.
675 1056 705 1116 2.
718 1073 745 1114 c.
764 1049 1074 1133 temptacionum
1096 1052 1108 1112 i
1117 1050 1344 1134 presbyterium.

433 1139 451 1197 5
484 1137 559 1198 Vide
571 1137 643 1200 Sixti
657 1139 684 1198 V
701 1138 799 1198 const.
813 1137 852 1195 76
864 1141 934 1196 tam.
948 1138 1048 1215 bpar.
1065 1137 1084 1194 b
1096 1135 1244 1278 pam
1257 1131 1379 1195 Bullar.

433 1222 452 1280 b
485 1218 651 1281 cardinales
665 1217 799 1297 appellati
822 1217 994 1278 videntura
1016 1214 1134 1276 cardan'
1192 1217 1290 1294 ,quia
1309 1217 1452 1278 nimirum

382 1300 432 1361 lixi
451 1309 481 1361 et
496 1300 664 1376 immobiles,
675 1309 770 1360 meent
792 1307 940 1378 tamquam
967 1298 1111 1374 cardines,
1137 1307 1167 1360 ct
1190 1299 1265 1358 circa
1286 1317 1335 1359 cos
1358 1299 1452 1360 ecclc-

382 1384 448 1458 sioe,
474 1383 564 1442 veluti
589 1383 679 1442 valve
703 1383 778 1442 circa
803 1381 951 1456 cardines,
979 1381 1176 1442 volverentur.
1207 1384 1315 1442 Omnes
1342 1381 1450 1461 igitur,

381 1465 432 1544 qui
449 1474 535 1525 certas
549 1465 776 1526 ccclesiae'crant
796 1463 920 1538 addicti,
942 1463 1002 1522 sive
1023 1461 1218 1538 incardinnti,
1239 1471 1272 1522 ut
1289 1463 1315 1523 ei
1336 1481 1452 1542 semper
1521 1456 1522 1510 Ϊ

380 1546 426 1606 vel
446 1556 618 1626 praeessent,
637 1546 683 1606 vel
698 1547 859 1621 servirent,
875 1543 1034 1604 cardinales
1046 1543 1236 1620 dicebantur,
1256 1545 1291 1605 iis
1309 1545 1450 1623 oppositi,

381 1627 431 1706 qui
450 1637 529 1690 certo
547 1635 809 1706 tantumtempora
829 1627 978 1686 ecclesiam
996 1627 1151 1708 regebant,
1176 1627 1222 1685 vel
1249 1627 1276 1686 ei
1303 1633 1452 1704 tamquam

381 1711 535 1770 auxiliares
552 1711 773 1770 addicebantur.
790 1714 832 1769 lta
849 1709 979 1771 celesius
995 1712 1110 1770 P.-can.
1133 1705 1237 1769 5de'st.
1261 1711 1315 1782 24,
1333 1709 1453 1786 Episco-

382 1811 452 1871 pum
476 1789 660 1853 cardinalem
686 1791 806 1869 opponit
824 1791 958 1869 episcopo
978 1790 1141 1867 visitatori,
1168 1783 1223 1868 qui
1243 1790 1350 1850 scilicet
1374 1799 1453 1850 tam-

381 1891 469 1952 quam
484 1875 616 1934 visitator
634 1871 670 1932 ad
688 1881 802 1951 tempus
817 1873 966 1934 ecclesiam
984 1891 1102 1948 curare,
1119 1889 1177 1932 non
1195 1872 1221 1932 ei
1240 1879 1377 1950 perpetuo
1395 1873 1452 1932 ad-

381 1955 477 2016 dictus
495 1973 557 2016 esec
572 1953 707 2016 debebat.
725 1955 882 2034 Gregorius
899 1958 938 2016 Μ.
964 1955 1073 2032 pluries
1088 1963 1230 2014 memorat
1249 1953 1393 2032 episcopos
1419 1963 1451 2012 et

383 2037 567 2116 presbyteros
586 2036 760 2111 cardinales,
779 2054 851 2114 quos
878 2035 1016 2096 describit
1038 2045 1186 2116 tamquam
1209 2035 1334 2094 addictos
1359 2043 1451 2094 certae

383 2117 524 2195 ecclesie,
549 2119 579 2178 in
598 2137 654 2197 qua
669 2118 797 2178 officium
814 2137 901 2178 suum
918 2119 1062 2197 explicare
1077 2117 1232 2179 debebant.
1250 2117 1369 2178 Romani
1385 2133 1451 2176 cor·

376 2209 509 2267 rectores
533 2201 563 2260 in
586 2219 653 2261 can.
677 2204 695 2262 5
721 2198 791 2262 dist.
816 2201 851 2261 rt
876 2209 994 2262 censent
1014 2219 1098 2277 eum,
1122 2199 1172 2280 qui
1193 2199 1230 2259 dc
1244 2215 1300 2258 una
1321 2197 1358 2258 ad
1375 2199 1454 2257 alte-

382 2302 446 2344 ram
460 2283 608 2344 ecclesiam
622 2283 869 2356 transferebatur,
884 2283 944 2343 sive
958 2283 1140 2361 episcopum,
1156 2281 1217 2342 sive
1229 2280 1451 2360 presbyterum,

382 2367 442 2424 sive
466 2367 636 2440 diaconum,
656 2365 686 2425 in
705 2365 797 2444 priori
814 2365 931 2426 ccclesia
950 2363 1136 2442 ordinatum,
1157 2365 1187 2424 in
1208 2364 1298 2424 altera
1316 2360 1454 2422 incardi-

382 2455 489 2508 natum
513 2466 530 2506 a
556 2447 695 2527 Gregorio
722 2447 779 2506 diei
802 2445 994 2508 consuevisse.
1023 2449 1087 2522 Quo
1107 2465 1193 2507 sensu
1218 2443 1296 2506 idern
1319 2438 1454 2506 Pontifex

382 2547 448 2588 cun.
474 2531 531 2589 bc.
553 2531 588 2589 cl
607 2549 636 2612 q.
656 2529 685 2589 l.
708 2527 861 2610 Agnellum
879 2529 1050 2590 Fundanum
1069 2529 1253 2610 episcopum,
1268 2525 1305 2586 ab
1319 2525 1454 2588 hostibus
1523 2584 1524 2608 ,

382 2619 489 2671 vastata
503 2611 566 2689 ejus
579 2612 709 2686 civitate,
725 2609 902 2671 cardinalem
916 2612 1082 2690 episcopum
1103 2610 1267 2673 Terracina
1285 2609 1453 2684 constituit,
1523 2615 1524 2678 ,

384 2697 470 2754 Petro
491 2691 579 2772 hujus
598 2693 723 2754 civitatis
746 2693 880 2772 episcopo
901 2693 962 2754 vita
985 2695 1095 2754 iuncto.
1121 2689 1171 2754 lib.
1198 2693 1213 2753 l
1241 2691 1327 2832 epist.
1351 2693 1390 2752 85
1414 2691 1456 2752 nd

383 2775 568 2836 Ianuarium
581 2775 751 2857 episcopum
767 2772 976 2836 calaritanum
990 2793 1058 2856 opp.
1076 2785 1146 2836 tanc
1163 2776 1198 2835 ll
1217 2793 1248 2834 co
1265 2817 1272 2831 .
1287 2774 1358 2850 556,
1376 2771 1449 2834 edit.

384 2858 484 2918 Paris.
513 2859 591 2917 1705
617 2859 762 2932 scribens,
788 2854 958 2932 Liberatus,
988 2858 1100 2936 inquit,
1138 2855 1194 2939 qui
1217 2853 1338 2916 diocom
1361 2853 1456 2938 fungi

405 2935 553 2998 erbibctnr
576 2935 683 3032 officio,
711 2937 740 2998 si
760 2958 780 2998 o
802 2936 947 3000 decessore
966 2947 1016 3000 tuo
1035 2955 1095 2999 non
1117 2947 1160 3000 est
1178 2935 1279 3020 foetus
1304 2935 1457 2998 carolino-

383 2957 434 3094 bis,
462 3017 609 3080 ordinatas
635 3039 654 3080 a
692 3027 717 3078 te
749 3017 921 3081 diaconibus
943 3017 1030 3082 nulla
1055 3017 1135 3082 debet
1162 3018 1278 3080 rotimte
1303 3019 1454 3100 propani.

383 3103 406 3160 Α
422 3101 559 3160 Romanis
573 3099 785 3162 correctoribus
807 3100 961 3163 dissentire
976 3103 1094 3163 videtur
1114 3105 1160 3164 Jo.
1184 3101 1328 3162 Diaconus
1340 3101 1372 3161 in
1398 3101 1453 3161 uit.

382 3184 414 3242 S.
434 3182 632 3262 drepanius.
654 3179 704 3242 lib.
729 3185 746 3242 5
764 3201 831 3264 cap.
854 3185 889 3260 6,
909 3203 979 3265 opp.
1005 3186 1037 3246 S.
1059 3185 1179 3266 Grcpor.
1204 3189 1274 3244 toan.
1297 3185 1317 3242 4
1338 3179 1397 3244 col.
1415 3185 1456 3243 88

383 3261 453 3322 edit.
481 3262 542 3338 cit,
568 3282 634 3357 cum
659 3264 753 3357 inquit
778 3262 946 3358 cardinales
970 3263 1111 3326 uiolenter
1138 3265 1170 3326 in
1194 3261 1345 3345 parocbiis
1369 3265 1458 3326 urdi-

384 3353 466 3488 tlt?
486 3343 1457 3506 55555555555555555555555ῗέ

382 3507 569 3568 manifestum
590 3516 649 3584 est,
674 3517 733 3569 tam
756 3510 788 3568 in
811 3511 917 3586 altera,
942 3530 1029 3589 quam
1051 3513 1082 3572 in
1106 3510 1198 3590 prima
1224 3509 1338 3570 ecelesia
1355 3511 1459 3570 cardi·

383 3589 478 3650 ualem
499 3590 629 3650 ordinari
653 3593 851 3666 consuevisse,
877 3601 964 3670 atque
982 3601 1066 3655 aetate
1087 3591 1218 3672 Gregorii
1240 3592 1340 3666 latius,
1360 3609 1459 3668 quam

382 3679 559 3732 correctores
582 3671 729 3751 putarint,
751 3671 933 3734 cardinandi
954 3676 1125 3736 vocabulum
1151 3674 1288 3752 patuisse.
1313 3675 1402 3736 Certe
1428 3683 1459 3734 et

382 3755 499 3830 clerici,
521 3754 572 3832 qui
590 3771 706 3832 semper
721 3755 887 3815 serviebant
903 3758 1043 3832 ccclesia,
1064 3757 1109 3818 cui
1133 3756 1310 3834 primum.in
1331 3753 1460 3816 ordina-

382 3837 461 3898 tiane
482 3837 619 3914 adscripti
634 3837 765 3910 lucrant,
786 3837 946 3898 cardinales
967 3839 1149 3900 dicebantur.
1166 3838 1224 3900 Sed
1235 3837 1365 3898 canonici
1381 3855 1458 3917 prm

382 3921 483 3980 sertim
498 3919 624 3980 eeclesia
637 3917 826 3994 cathedralis,
841 3920 892 3996 gari
916 3921 994 3980 iuter
1007 3931 1118 3982 ceteros
1138 3919 1256 3980 clericas
1291 3920 1458 3997 raetpuum

383 4009 412 4063 ct
437 4001 609 4064 nobiliorem
631 3999 769 4071 tenebant
792 4001 902 4078 locum,
927 4003 1024 4064 media
1049 4021 1111 4064 aero
1136 3999 1243 4062 cardin
1275 4020 1304 4062 es
1328 4003 1458 4080 appella·
