3134 5144
595 471 816 543 -205-

148 645 304 694 marcere
329 644 399 692 non
440 633 576 716 possunt
609 645 810 716 quamquam
840 623 873 690 in
911 621 978 716 ipsa
1003 621 1233 720 jurisdictione

147 723 247 792 insita
275 735 311 790 et
334 715 435 788 infixa
463 716 647 788 videantur.
675 717 841 812 Principio
859 733 1010 789 vetantur
1031 717 1176 794 indicere
1202 741 1237 794 et

150 817 278 888 babere
308 813 474 913 synodum
495 813 729 904 dioecesanam,
763 819 824 886 nisi
851 839 1036 912 expressam
1071 841 1108 888 ea
1141 817 1182 890 de
1203 847 1238 891 re

148 913 346 984 facultatem
367 937 384 980 a
414 935 544 982 summo
574 913 730 1008 pontifice
745 913 1013 1010 impetraverint,
1032 939 1135 1010 eaque
1153 941 1238 988 sem·

146 1037 211 1108 per
237 1012 289 1080 nsi
315 1009 460 1094 luerint3
493 1023 527 1078 et
552 1007 649 1078 simili
678 1007 779 1079 modo
809 1023 959 1080 vetantur
992 1011 1088 1080 etiam
1118 1011 1237 1108 eligere

146 1109 404 1196 examinatores,
423 1103 465 1175 ad
481 1105 681 1201 parochiales
701 1105 847 1177 ecclesias
863 1132 922 1202 per
937 1106 1082 1179 solemne
1101 1133 1237 1182 examen

147 1203 370 1276 conserendas
393 1203 464 1298 (1).
499 1201 584 1272 Hinc
609 1205 745 1274 vicinior
770 1206 942 1300 episcopua
971 1207 1005 1274 in
1028 1207 1118 1300 quasi
1151 1206 1236 1280 dioe-

149 1304 239 1392 cesi,
271 1325 347 1396 quaa
381 1299 504 1369 nullius
534 1324 643 1370 revera
672 1315 740 1388 est,
771 1316 804 1370 et
837 1303 1007 1396 episcopus
1039 1300 1237 1376 dioecesanus

148 1401 188 1470 in
214 1397 349 1470 ecclesia
380 1411 550 1492 exempta,
580 1421 656 1493 quae
681 1397 773 1467 sedet
801 1400 887 1466 intra
916 1395 1000 1467 fines
1028 1423 1096 1470 suae
1121 1400 1238 1474 dioece-

149 1519 246 1584 seos,
276 1493 443 1592 parochias
474 1491 621 1583 confert,
648 1509 772 1564 serrata
800 1493 871 1588 lege
899 1517 1093 1582 concursus,
1119 1521 1236 1592 quaea

151 1591 294 1663 concilio
309 1591 505 1662 Tridentino
529 1593 704 1664 constituta
720 1605 780 1662 ast.
800 1589 866 1660 Par
881 1605 929 1660 est
950 1593 1032 1662 ratio
1052 1589 1235 1667 litterarum

155 1687 436 1778 dimissorialinm‚
466 1713 545 1786 quaa
567 1687 614 1758 illi
639 1685 718 1758 dare
745 1700 916 1784 nequeunt
942 1686 1147 1760 saecularibus
1174 1694 1235 1762 sibi

155 1783 296 1856 subditis
319 1811 377 1884 pro
398 1785 567 1858 ordinibus
592 1787 675 1856 snsci
700 1783 821 1871 iendis3
844 1809 919 1854 cum
943 1783 1062 1856 borum
1085 1789 1234 1860 omnium

151 1881 376 1956 ordinationes
410 1883 598 1978 pertineant
635 1810 698 1953 rel
716 1882 758 1950 ad
796 1883 984 1952 viciniorem
1022 1885 1232 1980 episcopum,

148 1981 178 2050 si
205 1977 360 2076 praelatus
379 1982 468 2078 quasi
487 1979 651 2050 dioecesim
674 1994 853 2076 separatam
876 1977 1011 2068 babeat,
1043 1978 1094 2050 vel
1121 1983 1149 2053 si
1177 2007 1235 2054 ec·

147 2077 365 2148 desinerem
392 2095 424 2147 ta
453 2079 513 2166 sit,
542 2075 584 2146 ad
607 2079 817 2173 episcopum,
841 2078 933 2174 cujus
966 2075 1093 2148 dioecesi
1126 2083 1235 2151 conti-

148 2191 257 2246 netur
273 2174 338 2270 (2).
357 2103 407 2246 lle
427 2177 528 2246 causis
551 2199 627 2245 vero
647 2173 869 2244 criminalibus
884 2190 917 2244 et
942 2175 1234 2248 matrimonialibus

148 2287 247 2342 recte
269 2271 418 2368 judicant
444 2271 591 2368 praelati,
625 2270 744 2368 quibus
770 2297 827 2340 sua
850 2273 941 2366 quasi
966 2270 1111 2342 dioecesis
1137 2299 1234 2370 sepa-

148 2384 226 2440 rata
250 2384 310 2455 est3
334 2394 401 2440 non
428 2371 507 2439 itam
524 2367 653 2465 praelati
670 2371 832 2464 exempti‚
858 2371 918 2437 nisi
941 2367 1003 2438 buc
1024 2369 1228 2464 privilegium

147 2465 362 2537 obtinuerint
379 2465 429 2536 vel
445 2492 462 2535 a
476 2489 604 2536 summo
617 2463 797 2554 pontifice,
812 2465 862 2535 vel
879 2491 938 2562 per
954 2468 1232 2564 praescriptionem

147 2585 235 2659 quae
247 2562 333 2633 ultra
349 2563 519 2634 bominum
534 2565 725 2634 memoriam
741 2578 789 2632 est
801 2561 868 2658 (ὅ).

194 2778 238 2862 (l)
263 2781 546 2923 gida⁷Benedictum
563 2784 633 2844 xlv
652 2780 688 2842 de
707 2779 814 2865 synod.
837 2779 969 2856 dioeces,
989 2777 1038 2841 lib.
1063 2783 1082 2862 2
1102 2800 1168 2862 cop.
1195 2786 1227 2844 ll

147 2881 243 2924 num.
294 2869 322 2922 et
355 2907 363 2924 .

193 2943 238 3024 (Ξ)
262 2945 422 3005 Concilium
441 2945 650 3007 Tridentinum
667 2963 738 3007 aeas.
759 2945 799 3006 25
815 2963 880 3026 cap.
903 2945 942 3006 10
960 2941 996 3004 tle
1014 2941 1138 3026 reform.
1156 2947 1233 3007 Con·

144 3025 219 3088 sule
233 3026 424 3086 Benedictum
441 3030 510 3090 xlv
528 3023 590 3088 loco
603 3043 674 3088 moa
690 3024 822 3087 indicato
841 3044 925 3086 aum.
944 3027 981 3085 lb
997 3033 1026 3085 et
1042 3028 1099 3100 ro,-
1116 3027 1229 3088 cardin.

145 3112 273 3170 Petram
290 3105 330 3166 cd
348 3108 501 3170 constitut.
519 3103 644 3189 cpoald.
662 3109 696 3168 ira
710 3108 861 3169 corastitut.
880 3112 898 3170 l
919 3104 1045 3168 Callisti
1060 3109 1115 3170 111
1129 3111 1231 3170 secti

146 3207 229 3250 num
245 3189 284 3247 67
298 3196 326 3248 et
336 3207 396 3272 aeq.
408 3209 481 3272 pap.
497 3191 556 3250 166
571 3197 600 3250 et
611 3197 742 3272 aequent.
761 3197 830 3250 tom.
850 3191 877 3267 5,
896 3199 925 3250 et
938 3189 1090 3251 Giraldum
1104 3190 1228 3272 exposit.

144 3274 226 3332 laer.
245 3269 384 3352 Pontific.
400 3289 471 3353 por.
494 3271 632 3332 item
664 3289 713 3352 ay.
728 3271 799 3330 961.

194 3349 238 3432 (5)
260 3353 366 3495 Ceppler
380 3353 494 3416 cardiu.
512 3356 628 3416 Petram
640 3289 702 3413 lac.
719 3351 783 3430 cit,
801 3369 886 3412 curra.
903 3353 941 3414 57
957 3360 985 3414 et
1005 3369 1066 3435 aeq.
1081 3371 1154 3434 paq.
1170 3353 1227 3415 toa

146 3443 180 3496 et
194 3450 268 3516 aequ
320 3477 328 3494 .
404 3443 406 3448 '
