<?xml version="1.0" encoding="UTF-8"?>
<!DOCTYPE html PUBLIC "-//W3C//DTD XHTML 1.0 Transitional//EN"
    "http://www.w3.org/TR/xhtml1/DTD/xhtml1-transitional.dtd">
<html xmlns="http://www.w3.org/1999/xhtml" xml:lang="en" lang="en">
 <head>
  <title>
</title>
<meta http-equiv="Content-Type" content="text/html;charset=utf-8" />
  <meta name='ocr-system' content='tesseract 3.04.00' />
  <meta name='ocr-capabilities' content='ocr_page ocr_carea ocr_par ocr_line ocrx_word'/>
</head>
<body>
  <div class='ocr_page' id='page_1' title='image "./institutionumca00devogoog_0311.png"; bbox 0 0 3164 5174; ppageno 0'>
   <div class='ocr_carea' id='block_1_1' title="bbox 803 431 1028 502">
    <p class='ocr_par' dir='ltr' id='par_1_1' title="bbox 803 431 1028 502">
     <span class='ocr_line' id='line_1_1' title="bbox 803 431 1028 502; baseline -0.004 0"><span class='ocrx_word' id='word_1_1' title='bbox 803 431 1028 502; x_wconf 84' lang='grc'><strong>-508-</strong></span> 
     </span>
    </p>
   </div>
   <div class='ocr_carea' id='block_1_2' title="bbox 376 571 1455 658">
    <p class='ocr_par' dir='ltr' id='par_1_2' title="bbox 376 571 1455 658">
     <span class='ocr_line' id='line_1_2' title="bbox 376 571 1455 658; baseline -0.007 -12"><span class='ocrx_word' id='word_1_2' title='bbox 376 585 450 646; x_wconf 85' lang='lat' dir='ltr'><strong>blica</strong></span> <span class='ocrx_word' id='word_1_3' title='bbox 471 592 501 644; x_wconf 86' lang='lat' dir='ltr'><strong>et</strong></span> <span class='ocrx_word' id='word_1_4' title='bbox 519 585 629 645; x_wconf 85' lang='lat' dir='ltr'><strong>occulta</strong></span> <span class='ocrx_word' id='word_1_5' title='bbox 654 577 777 643; x_wconf 79' lang='lat' dir='ltr'><strong>crimina</strong></span> <span class='ocrx_word' id='word_1_6' title='bbox 804 581 1009 656; x_wconf 85' lang='lat' dir='ltr'><strong>distinctione,</strong></span> <span class='ocrx_word' id='word_1_7' title='bbox 1032 597 1121 658; x_wconf 87' lang='lat' dir='ltr'><strong>quam</strong></span> <span class='ocrx_word' id='word_1_8' title='bbox 1137 577 1274 658; x_wconf 74' lang='lat' dir='ltr'><strong>probavit</strong></span> <span class='ocrx_word' id='word_1_9' title='bbox 1295 571 1455 640; x_wconf 76' lang='lat' dir='ltr'><strong>Gratianus</strong></span> 
     </span>
    </p>
   </div>
   <div class='ocr_carea' id='block_1_3' title="bbox 257 623 1456 746">
    <p class='ocr_par' dir='ltr' id='par_1_3' title="bbox 257 623 1456 746">
     <span class='ocr_line' id='line_1_3' title="bbox 257 623 1456 746; baseline -0.006 -17"><span class='ocrx_word' id='word_1_10' title='bbox 257 709 260 716; x_wconf 87' lang='lat'>-</span> <span class='ocrx_word' id='word_1_11' title='bbox 376 675 442 746; x_wconf 83' lang='lat' dir='ltr'><strong>post</strong></span> <span class='ocrx_word' id='word_1_12' title='bbox 459 685 527 727; x_wconf 82' lang='lat' dir='ltr'><strong>oon.</strong></span> <span class='ocrx_word' id='word_1_13' title='bbox 544 668 584 728; x_wconf 87' lang='grc'><strong>55</strong></span> <span class='ocrx_word' id='word_1_14' title='bbox 599 663 669 726; x_wconf 83' lang='lat' dir='ltr'><strong>diat.</strong></span> <span class='ocrx_word' id='word_1_15' title='bbox 688 667 742 739; x_wconf 91' lang='grc'><strong>50,</strong></span> <span class='ocrx_word' id='word_1_16' title='bbox 763 663 900 732; x_wconf 88' lang='lat' dir='ltr'><strong>omuibus</strong></span> <span class='ocrx_word' id='word_1_17' title='bbox 918 623 1038 724; x_wconf 82' lang='lat' dir='ltr'><strong>firmaim</strong></span> <span class='ocrx_word' id='word_1_18' title='bbox 1052 668 1150 722; x_wconf 88' lang='lat' dir='ltr'><strong>ratum</strong></span> <span class='ocrx_word' id='word_1_19' title='bbox 1165 679 1229 721; x_wconf 86' lang='lat' dir='ltr'><strong>esse</strong></span> <span class='ocrx_word' id='word_1_20' title='bbox 1246 660 1351 738; x_wconf 83' lang='lat' dir='ltr'><strong>eoepit,</strong></span> <span class='ocrx_word' id='word_1_21' title='bbox 1372 659 1456 742; x_wconf 86' lang='lat' dir='ltr'><strong>quod</strong></span> 
     </span>
    </p>
   </div>
   <div class='ocr_carea' id='block_1_4' title="bbox 373 741 1455 1986">
    <p class='ocr_par' dir='ltr' id='par_1_4' title="bbox 376 741 1455 1320">
     <span class='ocr_line' id='line_1_4' title="bbox 377 741 1454 827; baseline -0.006 -19"><span class='ocrx_word' id='word_1_22' title='bbox 377 767 413 808; x_wconf 87' lang='lat' dir='ltr'><strong>ex</strong></span> <span class='ocrx_word' id='word_1_23' title='bbox 430 747 571 827; x_wconf 85' lang='lat' dir='ltr'><strong>publicis,</strong></span> <span class='ocrx_word' id='word_1_24' title='bbox 588 766 647 808; x_wconf 93' lang='lat' dir='ltr'><strong>non</strong></span> <span class='ocrx_word' id='word_1_25' title='bbox 666 755 775 808; x_wconf 89' lang='lat' dir='ltr'><strong>autem</strong></span> <span class='ocrx_word' id='word_1_26' title='bbox 783 765 817 808; x_wconf 86' lang='lat' dir='ltr'><strong>ex</strong></span> <span class='ocrx_word' id='word_1_27' title='bbox 837 744 956 807; x_wconf 78' lang='lat' dir='ltr'><strong>oocsdtis</strong></span> <span class='ocrx_word' id='word_1_28' title='bbox 970 743 1144 806; x_wconf 78' lang='lat' dir='ltr'><strong>criminibus</strong></span> <span class='ocrx_word' id='word_1_29' title='bbox 1163 741 1365 823; x_wconf 73' lang='lat' dir='ltr'><strong>irregularitas</strong></span> <span class='ocrx_word' id='word_1_30' title='bbox 1381 760 1454 802; x_wconf 77' lang='lat' dir='ltr'><strong>exn-</strong></span> 
     </span>
     <span class='ocr_line' id='line_1_5' title="bbox 377 824 1455 906; baseline -0.005 -17"><span class='ocrx_word' id='word_1_31' title='bbox 377 831 481 890; x_wconf 84' lang='lat' dir='ltr'><strong>riatur.</strong></span> <span class='ocrx_word' id='word_1_32' title='bbox 498 831 592 891; x_wconf 84' lang='lat' dir='ltr'><strong>Hodie</strong></span> <span class='ocrx_word' id='word_1_33' title='bbox 607 829 724 891; x_wconf 88' lang='lat' dir='ltr'><strong>nonnisi</strong></span> <span class='ocrx_word' id='word_1_34' title='bbox 739 829 861 889; x_wconf 89' lang='lat' dir='ltr'><strong>crimina</strong></span> <span class='ocrx_word' id='word_1_35' title='bbox 877 827 1006 905; x_wconf 85' lang='lat' dir='ltr'><strong>occulta,</strong></span> <span class='ocrx_word' id='word_1_36' title='bbox 1023 845 1089 906; x_wconf 81' lang='lat' dir='ltr'><strong>quae</strong></span> <span class='ocrx_word' id='word_1_37' title='bbox 1106 824 1217 904; x_wconf 84' lang='lat' dir='ltr'><strong>injure</strong></span> <span class='ocrx_word' id='word_1_38' title='bbox 1231 841 1366 905; x_wconf 86' lang='lat' dir='ltr'><strong>expressa</strong></span> <span class='ocrx_word' id='word_1_39' title='bbox 1382 831 1455 884; x_wconf 88' lang='lat' dir='ltr'><strong>sunt</strong></span> 
     </span>
     <span class='ocr_line' id='line_1_6' title="bbox 377 905 1453 990; baseline -0.005 -19"><span class='ocrx_word' id='word_1_40' title='bbox 377 917 405 972; x_wconf 87' lang='lat' dir='ltr'><strong>et</strong></span> <span class='ocrx_word' id='word_1_41' title='bbox 427 911 540 990; x_wconf 85' lang='lat' dir='ltr'><strong>relique</strong></span> <span class='ocrx_word' id='word_1_42' title='bbox 560 912 684 972; x_wconf 82' lang='lat' dir='ltr'><strong>erimina</strong></span> <span class='ocrx_word' id='word_1_43' title='bbox 701 910 838 990; x_wconf 85' lang='lat' dir='ltr'><strong>publica,</strong></span> <span class='ocrx_word' id='word_1_44' title='bbox 858 929 925 988; x_wconf 88' lang='lat' dir='ltr'><strong>quse</strong></span> <span class='ocrx_word' id='word_1_45' title='bbox 944 910 1094 972; x_wconf 69' lang='lat' dir='ltr'><strong>infamiam</strong></span> <span class='ocrx_word' id='word_1_46' title='bbox 1114 905 1259 982; x_wconf 79' lang='lat' dir='ltr'><strong>efferunt,</strong></span> <span class='ocrx_word' id='word_1_47' title='bbox 1280 905 1453 988; x_wconf 80' lang='lat' dir='ltr'><strong>irregulari·</strong></span> 
     </span>
     <span class='ocr_line' id='line_1_7' title="bbox 376 951 1450 1086; baseline -0.004 -34"><span class='ocrx_word' id='word_1_48' title='bbox 376 999 466 1053; x_wconf 87' lang='lat' dir='ltr'><strong>tatem</strong></span> <span class='ocrx_word' id='word_1_49' title='bbox 477 994 696 1055; x_wconf 74' lang='lat' dir='ltr'><strong>serumserum</strong></span> <span class='ocrx_word' id='word_1_50' title='bbox 711 993 847 1074; x_wconf 86' lang='lat' dir='ltr'><strong>synodus</strong></span> <span class='ocrx_word' id='word_1_51' title='bbox 857 992 1030 1056; x_wconf 79' lang='lat' dir='ltr'><strong>Tridentino</strong></span> <span class='ocrx_word' id='word_1_52' title='bbox 1043 1007 1114 1053; x_wconf 79' lang='lat' dir='ltr'><strong>sess.</strong></span> <span class='ocrx_word' id='word_1_53' title='bbox 1121 992 1162 1052; x_wconf 89' lang='grc'><strong>55</strong></span> <span class='ocrx_word' id='word_1_54' title='bbox 1173 1009 1241 1086; x_wconf 88' lang='lat' dir='ltr'><strong>cop</strong></span> <span class='ocrx_word' id='word_1_55' title='bbox 1232 951 1450 1085; x_wconf 49' lang='lat' dir='ltr'><strong>Adeamus.</strong></span> 
     </span>
     <span class='ocr_line' id='line_1_8' title="bbox 376 1073 1452 1172; baseline -0.003 -38"><span class='ocrx_word' id='word_1_56' title='bbox 376 1082 454 1136; x_wconf 85' lang='lat' dir='ltr'><strong>ortas</strong></span> <span class='ocrx_word' id='word_1_57' title='bbox 468 1094 504 1136; x_wconf 85' lang='lat' dir='ltr'><strong>ex</strong></span> <span class='ocrx_word' id='word_1_58' title='bbox 516 1077 635 1138; x_wconf 84' lang='lat' dir='ltr'><strong>occultis</strong></span> <span class='ocrx_word' id='word_1_59' title='bbox 646 1075 819 1138; x_wconf 79' lang='lat' dir='ltr'><strong>criminibus</strong></span> <span class='ocrx_word' id='word_1_60' title='bbox 829 1075 1067 1172; x_wconf 81' lang='lat' dir='ltr'><strong>irregularitates</strong></span> <span class='ocrx_word' id='word_1_61' title='bbox 1081 1073 1220 1153; x_wconf 81' lang='lat' dir='ltr'><strong>ognovit,</strong></span> <span class='ocrx_word' id='word_1_62' title='bbox 1235 1089 1303 1132; x_wconf 90' lang='lat' dir='ltr'><strong>cum</strong></span> <span class='ocrx_word' id='word_1_63' title='bbox 1316 1089 1452 1150; x_wconf 80' lang='lat' dir='ltr'><strong>episcopo</strong></span> 
     </span>
     <span class='ocr_line' id='line_1_9' title="bbox 376 1149 1451 1240; baseline -0.004 -22"><span class='ocrx_word' id='word_1_64' title='bbox 376 1157 544 1222; x_wconf 82' lang='lat' dir='ltr'><strong>facultatem</strong></span> <span class='ocrx_word' id='word_1_65' title='bbox 561 1158 644 1220; x_wconf 92' lang='lat' dir='ltr'><strong>dedit</strong></span> <span class='ocrx_word' id='word_1_66' title='bbox 660 1153 810 1222; x_wconf 82' lang='lat' dir='ltr'><strong>relaxandi</strong></span> <span class='ocrx_word' id='word_1_67' title='bbox 827 1157 1057 1240; x_wconf 78' lang='lat' dir='ltr'><strong>irregularitates</strong></span> <span class='ocrx_word' id='word_1_68' title='bbox 1074 1162 1104 1214; x_wconf 89' lang='lat' dir='ltr'><strong>et</strong></span> <span class='ocrx_word' id='word_1_69' title='bbox 1122 1155 1325 1234; x_wconf 81' lang='lat' dir='ltr'><strong>suspensiones</strong></span> <span class='ocrx_word' id='word_1_70' title='bbox 1345 1171 1380 1216; x_wconf 73' lang='lat' dir='ltr'><strong>cx</strong></span> <span class='ocrx_word' id='word_1_71' title='bbox 1397 1149 1451 1214; x_wconf 84' lang='lat' dir='ltr'><strong>de-</strong></span> 
     </span>
     <span class='ocr_line' id='line_1_10' title="bbox 377 1235 1278 1320; baseline -0.003 -21"><span class='ocrx_word' id='word_1_72' title='bbox 377 1236 447 1300; x_wconf 83' lang='lat' dir='ltr'><strong>beto</strong></span> <span class='ocrx_word' id='word_1_73' title='bbox 455 1237 568 1302; x_wconf 79' lang='lat' dir='ltr'><strong>occulto</strong></span> <span class='ocrx_word' id='word_1_74' title='bbox 580 1241 797 1320; x_wconf 82' lang='lat' dir='ltr'><strong>provenientes</strong></span> <span class='ocrx_word' id='word_1_75' title='bbox 813 1249 932 1320; x_wconf 81' lang='lat' dir='ltr'><strong>excepto</strong></span> <span class='ocrx_word' id='word_1_76' title='bbox 944 1237 1102 1300; x_wconf 82' lang='lat' dir='ltr'><strong>bomrerdro</strong></span> <span class='ocrx_word' id='word_1_77' title='bbox 1112 1235 1278 1298; x_wconf 79' lang='lat' dir='ltr'><strong>voluntario</strong></span> 
     </span>
    </p>

    <p class='ocr_par' dir='ltr' id='par_1_5' title="bbox 415 1315 1404 1484">
     <span class='ocr_line' id='line_1_11' title="bbox 415 1315 1404 1484; baseline -0.007 -100"><span class='ocrx_word' id='word_1_78' title='bbox 415 1319 446 1484; x_wconf 87' lang='grc'><strong>(5</strong></span> <span class='ocrx_word' id='word_1_79' title='bbox 480 1325 554 1384; x_wconf 83' lang='lat' dir='ltr'><strong>Coo.</strong></span> <span class='ocrx_word' id='word_1_80' title='bbox 570 1322 695 1384; x_wconf 81' lang='lat' dir='ltr'><strong>fibdist.</strong></span> <span class='ocrx_word' id='word_1_81' title='bbox 714 1325 793 1382; x_wconf 80' lang='grc'><strong>505</strong></span> <span class='ocrx_word' id='word_1_82' title='bbox 809 1319 865 1383; x_wconf 82' lang='lat' dir='ltr'><strong>ult.</strong></span> <span class='ocrx_word' id='word_1_83' title='bbox 882 1320 1002 1404; x_wconf 87' lang='lat' dir='ltr'><strong>chop</strong></span> <span class='ocrx_word' id='word_1_84' title='bbox 1005 1321 1084 1382; x_wconf 83' lang='lat' dir='ltr'><strong>tism.</strong></span> <span class='ocrx_word' id='word_1_85' title='bbox 1100 1337 1167 1402; x_wconf 88' lang='lat' dir='ltr'><strong>cap.</strong></span> <span class='ocrx_word' id='word_1_86' title='bbox 1186 1315 1404 1400; x_wconf 67' lang='lat' dir='ltr'><strong>bchpostot·</strong></span> 
     </span>
    </p>

    <p class='ocr_par' dir='ltr' id='par_1_6' title="bbox 396 1342 1448 1570">
     <span class='ocr_line' id='line_1_12' title="bbox 427 1342 1448 1472; baseline -0.006 -8"><span class='ocrx_word' id='word_1_87' title='bbox 427 1405 445 1464; x_wconf 98' lang='grc'><strong>5</strong></span> <span class='ocrx_word' id='word_1_88' title='bbox 480 1407 553 1466; x_wconf 83' lang='lat' dir='ltr'><strong>Coo.</strong></span> <span class='ocrx_word' id='word_1_89' title='bbox 571 1403 674 1467; x_wconf 79' lang='grc'><strong>555555.</strong></span> <span class='ocrx_word' id='word_1_90' title='bbox 694 1406 733 1466; x_wconf 90' lang='grc'><strong>55</strong></span> <span class='ocrx_word' id='word_1_91' title='bbox 755 1405 853 1466; x_wconf 85' lang='lat' dir='ltr'><strong>Sixtus</strong></span> <span class='ocrx_word' id='word_1_92' title='bbox 872 1407 900 1472; x_wconf 88' lang='lat' dir='ltr'>V</span> <span class='ocrx_word' id='word_1_93' title='bbox 920 1342 1044 1467; x_wconf 79' lang='lat' dir='ltr'><strong>Gmtstit.</strong></span> <span class='ocrx_word' id='word_1_94' title='bbox 1070 1403 1226 1464; x_wconf 81' lang='lat' dir='ltr'><strong>Sanctum.</strong></span> <span class='ocrx_word' id='word_1_95' title='bbox 1248 1401 1307 1462; x_wconf 93' lang='grc'><strong>550</strong></span> <span class='ocrx_word' id='word_1_96' title='bbox 1337 1407 1406 1460; x_wconf 88' lang='lat' dir='ltr'><strong>tom.</strong></span> <span class='ocrx_word' id='word_1_97' title='bbox 1432 1401 1448 1458; x_wconf 89' lang='grc'><strong>5</strong></span> 
     </span>
     <span class='ocr_line' id='line_1_13' title="bbox 373 1483 906 1570; baseline 0.008 -26.184"><span class='ocrx_word' id='word_1_98' title='bbox 373 1503 441 1566; x_wconf 69' lang='lat' dir='ltr'><strong>pm</strong></span> <span class='ocrx_word' id='word_1_99' title='bbox 464 1489 566 1570; x_wconf 79' lang='lat' dir='ltr'><strong>lpop.</strong></span> <span class='ocrx_word' id='word_1_100' title='bbox 585 1489 626 1548; x_wconf 88' lang='grc'><strong>50</strong></span> <span class='ocrx_word' id='word_1_101' title='bbox 638 1483 748 1548; x_wconf 81' lang='lat' dir='ltr'><strong>bullar</strong></span> <span class='ocrx_word' id='word_1_102' title='bbox 763 1483 821 1547; x_wconf 80' lang='lat' dir='ltr'><strong>ult.</strong></span> <span class='ocrx_word' id='word_1_103' title='bbox 835 1485 906 1548; x_wconf 81' lang='lat' dir='ltr'><strong>edit</strong></span> 
     </span>
    </p>

    <p class='ocr_par' dir='ltr' id='par_1_7' title="bbox 373 1503 1070 1730">
     <span class='ocr_line' id='line_1_14' title="bbox 373 1503 1070 1730; baseline 0 -102"><span class='ocrx_word' id='word_1_104' title='bbox 373 1503 458 1730; x_wconf 76' lang='grc' dir='ltr'><strong>ρ(5)</strong></span> <span class='ocrx_word' id='word_1_105' title='bbox 481 1571 553 1652; x_wconf 83' lang='lat' dir='ltr'><strong>Cup.</strong></span> <span class='ocrx_word' id='word_1_106' title='bbox 566 1589 620 1630; x_wconf 83' lang='lat' dir='ltr'><strong>oo.</strong></span> <span class='ocrx_word' id='word_1_107' title='bbox 636 1566 781 1630; x_wconf 83' lang='lat' dir='ltr'><strong>declem&#39;c.</strong></span> <span class='ocrx_word' id='word_1_108' title='bbox 774 1588 848 1663; x_wconf 75' lang='lat' dir='ltr'><strong>‚per</strong></span> <span class='ocrx_word' id='word_1_109' title='bbox 862 1566 931 1631; x_wconf 82' lang='lat' dir='ltr'><strong>solt.</strong></span> <span class='ocrx_word' id='word_1_110' title='bbox 941 1576 1070 1664; x_wconf 77' lang='lat' dir='ltr'><strong>prenset.</strong></span> 
     </span>
    </p>

    <p class='ocr_par' dir='ltr' id='par_1_8' title="bbox 416 1649 1034 1815">
     <span class='ocr_line' id='line_1_15' title="bbox 416 1649 1034 1815; baseline -0.005 -102.833"><span class='ocrx_word' id='word_1_111' title='bbox 416 1649 554 1815; x_wconf 42' lang='lat' dir='ltr'><strong>lamp..</strong></span> <span class='ocrx_word' id='word_1_112' title='bbox 520 1649 668 1733; x_wconf 58' lang='lat' dir='ltr'><strong>pdoler</strong></span> <span class='ocrx_word' id='word_1_113' title='bbox 683 1650 889 1747; x_wconf 69' lang='lat' dir='ltr'><strong>socordiam.</strong></span> <span class='ocrx_word' id='word_1_114' title='bbox 902 1649 1034 1712; x_wconf 80' lang='lat' dir='ltr'><strong>ministr.</strong></span> 
     </span>
    </p>

    <p class='ocr_par' dir='ltr' id='par_1_9' title="bbox 427 1727 1208 1817">
     <span class='ocr_line' id='line_1_16' title="bbox 427 1727 1208 1817; baseline 0.003 -25"><span class='ocrx_word' id='word_1_115' title='bbox 427 1733 446 1792; x_wconf 86' lang='lat'><strong>6</strong></span> <span class='ocrx_word' id='word_1_116' title='bbox 480 1735 520 1794; x_wconf 83' lang='lat' dir='ltr'><strong>ca</strong></span> <span class='ocrx_word' id='word_1_117' title='bbox 569 1736 596 1809; x_wconf 88' lang='grc'><strong>5,</strong></span> <span class='ocrx_word' id='word_1_118' title='bbox 611 1735 641 1810; x_wconf 95' lang='grc'><strong>5,</strong></span> <span class='ocrx_word' id='word_1_119' title='bbox 659 1735 738 1796; x_wconf 80' lang='grc'><strong>505</strong></span> <span class='ocrx_word' id='word_1_120' title='bbox 751 1751 783 1794; x_wconf 85' lang='lat' dir='ltr'><strong>eo</strong></span> <span class='ocrx_word' id='word_1_121' title='bbox 797 1731 882 1817; x_wconf 74' lang='lat' dir='ltr'><strong>quis</strong></span> <span class='ocrx_word' id='word_1_122' title='bbox 861 1731 970 1817; x_wconf 76' lang='lat' dir='ltr'><strong>fortio.</strong></span> <span class='ocrx_word' id='word_1_123' title='bbox 982 1727 1081 1796; x_wconf 81' lang='lat' dir='ltr'><strong>ordin.</strong></span> <span class='ocrx_word' id='word_1_124' title='bbox 1093 1750 1208 1814; x_wconf 82' lang='lat' dir='ltr'><strong>emecp.</strong></span> 
     </span>
    </p>

    <p class='ocr_par' dir='ltr' id='par_1_10' title="bbox 375 1779 1447 1977">
     <span class='ocr_line' id='line_1_17' title="bbox 427 1779 1447 1910; baseline -0.004 -35"><span class='ocrx_word' id='word_1_125' title='bbox 423 1753 551 1910; x_wconf 72' lang='lat' dir='ltr'><strong>ildop.</strong></span> <span class='ocrx_word' id='word_1_126' title='bbox 575 1779 816 1876; x_wconf 63' lang='lat' dir='ltr'><strong>innoeentes.</strong></span> <span class='ocrx_word' id='word_1_127' title='bbox 844 1834 954 1878; x_wconf 75' lang='lat' dir='ltr'><strong>excom.</strong></span> <span class='ocrx_word' id='word_1_128' title='bbox 978 1815 1100 1877; x_wconf 84' lang='lat' dir='ltr'><strong>Minoris</strong></span> <span class='ocrx_word' id='word_1_129' title='bbox 1123 1823 1222 1876; x_wconf 84' lang='lat' dir='ltr'><strong>tamen</strong></span> <span class='ocrx_word' id='word_1_130' title='bbox 1246 1811 1447 1873; x_wconf 82' lang='lat' dir='ltr'><strong>exeommuni-</strong></span> 
     </span>
     <span class='ocr_line' id='line_1_18' title="bbox 375 1893 1446 1986; baseline 0.003 -33"><span class='ocrx_word' id='word_1_131' title='bbox 375 1895 496 1986; x_wconf 79' lang='lat' dir='ltr'><strong>cationis</strong></span> <span class='ocrx_word' id='word_1_132' title='bbox 511 1897 680 1958; x_wconf 75' lang='lat' dir='ltr'><strong>violatorem</strong></span> <span class='ocrx_word' id='word_1_133' title='bbox 699 1897 891 1977; x_wconf 80' lang='lat' dir='ltr'><strong>irregularem</strong></span> <span class='ocrx_word' id='word_1_134' title='bbox 910 1916 969 1958; x_wconf 92' lang='lat' dir='ltr'><strong>non</strong></span> <span class='ocrx_word' id='word_1_135' title='bbox 990 1897 1073 1974; x_wconf 87' lang='lat' dir='ltr'><strong>lieri,</strong></span> <span class='ocrx_word' id='word_1_136' title='bbox 1090 1897 1220 1958; x_wconf 80' lang='lat' dir='ltr'><strong>decrevit</strong></span> <span class='ocrx_word' id='word_1_137' title='bbox 1233 1893 1390 1976; x_wconf 81' lang='lat' dir='ltr'><strong>Gregorius</strong></span> <span class='ocrx_word' id='word_1_138' title='bbox 1406 1897 1446 1956; x_wconf 83' lang='lat' dir='ltr'><strong>tx</strong></span> 
     </span>
    </p>
   </div>
   <div class='ocr_carea' id='block_1_5' title="bbox 376 1975 1199 2143">
    <p class='ocr_par' dir='ltr' id='par_1_11' title="bbox 376 1975 1189 2143">
     <span class='ocr_line' id='line_1_19' title="bbox 376 1975 1188 2075; baseline 0.005 -40"><span class='ocrx_word' id='word_1_139' title='bbox 376 1974 486 2059; x_wconf 82' lang='lat' dir='ltr'><strong>incop</strong></span> <span class='ocrx_word' id='word_1_140' title='bbox 500 1975 556 2039; x_wconf 83' lang='lat' dir='ltr'><strong>ult.</strong></span> <span class='ocrx_word' id='word_1_141' title='bbox 570 1977 713 2040; x_wconf 74' lang='lat' dir='ltr'><strong>decies-io.</strong></span> <span class='ocrx_word' id='word_1_142' title='bbox 727 1997 838 2041; x_wconf 80' lang='lat' dir='ltr'><strong>excom.</strong></span> <span class='ocrx_word' id='word_1_143' title='bbox 848 1978 954 2075; x_wconf 38' lang='lat' dir='ltr'><strong>&#39;depos</strong></span> <span class='ocrx_word' id='word_1_144' title='bbox 967 1979 1047 2040; x_wconf 83' lang='lat' dir='ltr'><strong>inter</strong></span> <span class='ocrx_word' id='word_1_145' title='bbox 1055 1979 1188 2042; x_wconf 70' lang='lat' dir='ltr'><strong>ministr.</strong></span> 
     </span>
     <span class='ocr_line' id='line_1_20' title="bbox 415 2057 1199 2143; baseline 0.005 -23"><span class='ocrx_word' id='word_1_146' title='bbox 415 2057 457 2139; x_wconf 88' lang='grc'><strong>(8)</strong></span> <span class='ocrx_word' id='word_1_147' title='bbox 480 2062 553 2143; x_wconf 84' lang='lat' dir='ltr'><strong>Cep.</strong></span> <span class='ocrx_word' id='word_1_148' title='bbox 567 2064 580 2122; x_wconf 93' lang='grc'><strong>5</strong></span> <span class='ocrx_word' id='word_1_149' title='bbox 597 2063 674 2124; x_wconf 78' lang='grc'><strong>5550</strong></span> <span class='ocrx_word' id='word_1_150' title='bbox 686 2059 722 2122; x_wconf 88' lang='lat' dir='ltr'><strong>de</strong></span> <span class='ocrx_word' id='word_1_151' title='bbox 735 2060 884 2124; x_wconf 79' lang='lat' dir='ltr'><strong>Hosnicid.</strong></span> <span class='ocrx_word' id='word_1_152' title='bbox 896 2059 1012 2124; x_wconf 76' lang='lat' dir='ltr'><strong>colom.</strong></span> <span class='ocrx_word' id='word_1_153' title='bbox 1024 2061 1071 2124; x_wconf 88' lang='lat' dir='ltr'><strong>vel</strong></span> <span class='ocrx_word' id='word_1_154' title='bbox 1083 2058 1199 2124; x_wconf 78' lang='lat' dir='ltr'><strong>eosool</strong></span> 
     </span>
    </p>
   </div>
   <div class='ocr_carea' id='block_1_6' title="bbox 366 2213 1449 3298">
    <p class='ocr_par' dir='ltr' id='par_1_12' title="bbox 372 2213 1449 3298">
     <span class='ocr_line' id='line_1_21' title="bbox 424 2213 1447 2316; baseline 0 -28"><span class='ocrx_word' id='word_1_155' title='bbox 424 2213 455 2314; x_wconf 93' lang='grc'><strong>5.</strong></span> <span class='ocrx_word' id='word_1_156' title='bbox 499 2217 560 2288; x_wconf 87' lang='grc'><strong>155.</strong></span> <span class='ocrx_word' id='word_1_157' title='bbox 604 2215 704 2302; x_wconf 84' lang='lat' dir='ltr'><strong>Quod</strong></span> <span class='ocrx_word' id='word_1_158' title='bbox 723 2220 867 2316; x_wconf 87' lang='lat' dir='ltr'><strong>pertinet</strong></span> <span class='ocrx_word' id='word_1_159' title='bbox 890 2221 988 2290; x_wconf 87' lang='lat' dir='ltr'><strong>etism</strong></span> <span class='ocrx_word' id='word_1_160' title='bbox 1018 2217 1060 2289; x_wconf 89' lang='lat' dir='ltr'><strong>ad</strong></span> <span class='ocrx_word' id='word_1_161' title='bbox 1084 2244 1156 2310; x_wconf 81' lang='lat' dir='ltr'><strong>eos,</strong></span> <span class='ocrx_word' id='word_1_162' title='bbox 1183 2219 1240 2316; x_wconf 89' lang='lat' dir='ltr'><strong>qui</strong></span> <span class='ocrx_word' id='word_1_163' title='bbox 1265 2217 1447 2288; x_wconf 75' lang='lat' dir='ltr'><strong>animatum</strong></span> 
     </span>
     <span class='ocr_line' id='line_1_22' title="bbox 376 2314 1447 2412; baseline 0.006 -30"><span class='ocrx_word' id='word_1_164' title='bbox 376 2314 505 2385; x_wconf 87' lang='lat' dir='ltr'><strong>mulieri</strong></span> <span class='ocrx_word' id='word_1_165' title='bbox 534 2331 665 2412; x_wconf 89' lang='lat' dir='ltr'><strong>partum</strong></span> <span class='ocrx_word' id='word_1_166' title='bbox 698 2315 898 2410; x_wconf 78' lang='lat' dir='ltr'><strong>abegerunt,</strong></span> <span class='ocrx_word' id='word_1_167' title='bbox 931 2320 999 2390; x_wconf 86' lang='lat' dir='ltr'><strong>sive</strong></span> <span class='ocrx_word' id='word_1_168' title='bbox 1028 2316 1063 2387; x_wconf 93' lang='lat' dir='ltr'><strong>id</strong></span> <span class='ocrx_word' id='word_1_169' title='bbox 1092 2316 1403 2406; x_wconf 75' lang='lat' dir='ltr'><strong>medicamentis,</strong></span> <span class='ocrx_word' id='word_1_170' title='bbox 1380 2341 1447 2388; x_wconf 78' lang='lat' dir='ltr'><strong>sire</strong></span> 
     </span>
     <span class='ocr_line' id='line_1_23' title="bbox 374 2412 1446 2514; baseline 0.003 -35"><span class='ocrx_word' id='word_1_171' title='bbox 374 2412 437 2482; x_wconf 91' lang='lat' dir='ltr'><strong>alio</strong></span> <span class='ocrx_word' id='word_1_172' title='bbox 472 2415 585 2508; x_wconf 84' lang='lat' dir='ltr'><strong>quovis</strong></span> <span class='ocrx_word' id='word_1_173' title='bbox 612 2412 712 2484; x_wconf 90' lang='lat' dir='ltr'><strong>modo</strong></span> <span class='ocrx_word' id='word_1_174' title='bbox 740 2413 909 2486; x_wconf 80' lang='lat' dir='ltr'><strong>effecerint</strong></span> <span class='ocrx_word' id='word_1_175' title='bbox 932 2415 1000 2514; x_wconf 79' lang='grc'><strong>(5);</strong></span> <span class='ocrx_word' id='word_1_176' title='bbox 1040 2417 1186 2512; x_wconf 88' lang='lat' dir='ltr'><strong>itemque</strong></span> <span class='ocrx_word' id='word_1_177' title='bbox 1214 2413 1256 2484; x_wconf 92' lang='lat' dir='ltr'><strong>ad</strong></span> <span class='ocrx_word' id='word_1_178' title='bbox 1280 2438 1352 2503; x_wconf 72' lang='lat' dir='ltr'><strong>eos,</strong></span> <span class='ocrx_word' id='word_1_179' title='bbox 1386 2416 1446 2510; x_wconf 89' lang='lat' dir='ltr'><strong>qui</strong></span> 
     </span>
     <span class='ocr_line' id='line_1_24' title="bbox 373 2508 1446 2610; baseline 0.004 -31"><span class='ocrx_word' id='word_1_180' title='bbox 373 2508 566 2602; x_wconf 77' lang='lat' dir='ltr'><strong>concilium,</strong></span> <span class='ocrx_word' id='word_1_181' title='bbox 614 2511 829 2603; x_wconf 86' lang='lat' dir='ltr'><strong>mandatum,</strong></span> <span class='ocrx_word' id='word_1_182' title='bbox 869 2538 965 2610; x_wconf 91' lang='lat' dir='ltr'><strong>opem</strong></span> <span class='ocrx_word' id='word_1_183' title='bbox 1006 2513 1099 2588; x_wconf 84' lang='lat' dir='ltr'><strong>alicui</strong></span> <span class='ocrx_word' id='word_1_184' title='bbox 1128 2512 1292 2585; x_wconf 89' lang='lat' dir='ltr'><strong>dederunt</strong></span> <span class='ocrx_word' id='word_1_185' title='bbox 1319 2525 1357 2582; x_wconf 92' lang='lat' dir='ltr'><strong>ut</strong></span> <span class='ocrx_word' id='word_1_186' title='bbox 1378 2509 1446 2583; x_wconf 93' lang='lat' dir='ltr'><strong>ho-</strong></span> 
     </span>
     <span class='ocr_line' id='line_1_25' title="bbox 373 2608 1446 2706; baseline 0.003 -28"><span class='ocrx_word' id='word_1_187' title='bbox 373 2610 497 2685; x_wconf 88' lang='lat' dir='ltr'><strong>minem</strong></span> <span class='ocrx_word' id='word_1_188' title='bbox 538 2609 737 2682; x_wconf 88' lang='lat' dir='ltr'><strong>interficeret</strong></span> <span class='ocrx_word' id='word_1_189' title='bbox 780 2611 848 2706; x_wconf 79' lang='grc'><strong>(5).</strong></span> <span class='ocrx_word' id='word_1_190' title='bbox 888 2613 1072 2684; x_wconf 83' lang='lat' dir='ltr'><strong>Fortuitum</strong></span> <span class='ocrx_word' id='word_1_191' title='bbox 1110 2637 1185 2684; x_wconf 86' lang='lat' dir='ltr'><strong>vero</strong></span> <span class='ocrx_word' id='word_1_192' title='bbox 1211 2608 1446 2700; x_wconf 81' lang='lat' dir='ltr'><strong>homicidium,</strong></span> 
     </span>
     <span class='ocr_line' id='line_1_26' title="bbox 373 2705 1449 2808; baseline 0.001 -31"><span class='ocrx_word' id='word_1_193' title='bbox 373 2707 462 2802; x_wconf 90' lang='lat' dir='ltr'><strong>quod</strong></span> <span class='ocrx_word' id='word_1_194' title='bbox 494 2705 670 2779; x_wconf 85' lang='lat' dir='ltr'><strong>admissum</strong></span> <span class='ocrx_word' id='word_1_195' title='bbox 701 2724 750 2780; x_wconf 90' lang='lat' dir='ltr'><strong>est</strong></span> <span class='ocrx_word' id='word_1_196' title='bbox 776 2709 818 2778; x_wconf 87' lang='lat' dir='ltr'><strong>ab</strong></span> <span class='ocrx_word' id='word_1_197' title='bbox 850 2735 907 2801; x_wconf 82' lang='lat' dir='ltr'><strong>eo,</strong></span> <span class='ocrx_word' id='word_1_198' title='bbox 946 2712 1003 2808; x_wconf 92' lang='lat' dir='ltr'><strong>qui</strong></span> <span class='ocrx_word' id='word_1_199' title='bbox 1032 2712 1080 2781; x_wconf 92' lang='lat' dir='ltr'><strong>rei</strong></span> <span class='ocrx_word' id='word_1_200' title='bbox 1104 2711 1201 2781; x_wconf 78' lang='lat' dir='ltr'><strong>licitse</strong></span> <span class='ocrx_word' id='word_1_201' title='bbox 1222 2732 1357 2806; x_wconf 82' lang='lat' dir='ltr'><strong>operam</strong></span> <span class='ocrx_word' id='word_1_202' title='bbox 1384 2707 1449 2778; x_wconf 84' lang='lat' dir='ltr'><strong>da-</strong></span> 
     </span>
     <span class='ocr_line' id='line_1_27' title="bbox 373 2803 1446 2918; baseline 0.005 -45"><span class='ocrx_word' id='word_1_203' title='bbox 373 2803 431 2875; x_wconf 82' lang='lat' dir='ltr'><strong>bat</strong></span> <span class='ocrx_word' id='word_1_204' title='bbox 458 2805 527 2918; x_wconf 80' lang='grc'><strong>(5),</strong></span> <span class='ocrx_word' id='word_1_205' title='bbox 553 2805 832 2904; x_wconf 86' lang='lat' dir='ltr'><strong>quemadmodum</strong></span> <span class='ocrx_word' id='word_1_206' title='bbox 861 2823 896 2880; x_wconf 88' lang='lat' dir='ltr'><strong>et</strong></span> <span class='ocrx_word' id='word_1_207' title='bbox 929 2807 1142 2880; x_wconf 87' lang='lat' dir='ltr'><strong>homicidium</strong></span> <span class='ocrx_word' id='word_1_208' title='bbox 1154 2806 1280 2904; x_wconf 81' lang='lat' dir='ltr'><strong>,quod</strong></span> <span class='ocrx_word' id='word_1_209' title='bbox 1299 2821 1446 2896; x_wconf 80' lang='lat' dir='ltr'><strong>serrato,</strong></span> 
     </span>
     <span class='ocr_line' id='line_1_28' title="bbox 372 2903 1447 3004; baseline 0.004 -33"><span class='ocrx_word' id='word_1_210' title='bbox 372 2917 411 2972; x_wconf 90' lang='lat' dir='ltr'><strong>ut</strong></span> <span class='ocrx_word' id='word_1_211' title='bbox 435 2903 609 3000; x_wconf 90' lang='lat' dir='ltr'><strong>inquiunt</strong></span> <span class='ocrx_word' id='word_1_212' title='bbox 653 2905 892 2979; x_wconf 77' lang='lat' dir='ltr'><strong>moderamine</strong></span> <span class='ocrx_word' id='word_1_213' title='bbox 935 2909 1130 3004; x_wconf 71' lang='lat' dir='ltr'><strong>inculpatos</strong></span> <span class='ocrx_word' id='word_1_214' title='bbox 1175 2906 1292 2978; x_wconf 74' lang='lat' dir='ltr'><strong>tutelo</strong></span> <span class='ocrx_word' id='word_1_215' title='bbox 1329 2905 1447 3004; x_wconf 85' lang='lat' dir='ltr'><strong>aliquis</strong></span> 
     </span>
     <span class='ocr_line' id='line_1_29' title="bbox 366 3003 1449 3117; baseline 0.005 -48.028"><span class='ocrx_word' id='word_1_216' title='bbox 366 3007 501 3094; x_wconf 84' lang='lat' dir='ltr'><strong>patrare</strong></span> <span class='ocrx_word' id='word_1_217' title='bbox 524 3017 652 3074; x_wconf 88' lang='lat' dir='ltr'><strong>coactus</strong></span> <span class='ocrx_word' id='word_1_218' title='bbox 673 3017 741 3094; x_wconf 85' lang='lat' dir='ltr'><strong>est,</strong></span> <span class='ocrx_word' id='word_1_219' title='bbox 768 3006 816 3075; x_wconf 92' lang='lat' dir='ltr'><strong>sui</strong></span> <span class='ocrx_word' id='word_1_220' title='bbox 840 3007 937 3102; x_wconf 88' lang='lat' dir='ltr'><strong>ipsius</strong></span> <span class='ocrx_word' id='word_1_221' title='bbox 959 3003 1157 3077; x_wconf 81' lang='lat' dir='ltr'><strong>defendendi</strong></span> <span class='ocrx_word' id='word_1_222' title='bbox 1178 3029 1272 3077; x_wconf 85' lang='lat' dir='ltr'><strong>causa</strong></span> <span class='ocrx_word' id='word_1_223' title='bbox 1290 3003 1368 3117; x_wconf 79' lang='grc'><strong>(5),</strong></span> <span class='ocrx_word' id='word_1_224' title='bbox 1390 3019 1449 3074; x_wconf 83' lang='lat' dir='ltr'><strong>aut</strong></span> 
     </span>
     <span class='ocr_line' id='line_1_30' title="bbox 374 3097 1447 3196; baseline 0.005 -26"><span class='ocrx_word' id='word_1_225' title='bbox 374 3097 464 3192; x_wconf 87' lang='lat' dir='ltr'><strong>quod</strong></span> <span class='ocrx_word' id='word_1_226' title='bbox 491 3102 699 3172; x_wconf 88' lang='lat' dir='ltr'><strong>commissum</strong></span> <span class='ocrx_word' id='word_1_227' title='bbox 724 3117 773 3174; x_wconf 86' lang='lat' dir='ltr'><strong>est</strong></span> <span class='ocrx_word' id='word_1_228' title='bbox 795 3101 836 3172; x_wconf 88' lang='lat' dir='ltr'><strong>ab</strong></span> <span class='ocrx_word' id='word_1_229' title='bbox 866 3120 996 3176; x_wconf 90' lang='lat' dir='ltr'><strong>amente</strong></span> <span class='ocrx_word' id='word_1_230' title='bbox 1004 3103 1233 3196; x_wconf 70' lang='lat' dir='ltr'><strong>,lurioso,in</strong></span> <span class='ocrx_word' id='word_1_231' title='bbox 1198 3103 1341 3194; x_wconf 84' lang='lat' dir='ltr'><strong>mlonte,</strong></span> <span class='ocrx_word' id='word_1_232' title='bbox 1358 3103 1447 3175; x_wconf 90' lang='lat' dir='ltr'><strong>irre-</strong></span> 
     </span>
     <span class='ocr_line' id='line_1_31' title="bbox 373 3195 876 3298; baseline 0.01 -32"><span class='ocrx_word' id='word_1_233' title='bbox 373 3195 518 3289; x_wconf 84' lang='lat' dir='ltr'><strong>gularem</strong></span> <span class='ocrx_word' id='word_1_234' title='bbox 535 3197 612 3270; x_wconf 84' lang='lat' dir='ltr'><strong>lacit</strong></span> <span class='ocrx_word' id='word_1_235' title='bbox 627 3201 793 3271; x_wconf 90' lang='lat' dir='ltr'><strong>neminem</strong></span> <span class='ocrx_word' id='word_1_236' title='bbox 810 3201 876 3298; x_wconf 83' lang='lat'><strong>(5).</strong></span> 
     </span>
    </p>
   </div>
   <div class='ocr_carea' id='block_1_7' title="bbox 369 3369 1451 4026">
    <p class='ocr_par' dir='ltr' id='par_1_13' title="bbox 369 3369 1451 3849">
     <span class='ocr_line' id='line_1_32' title="bbox 410 3369 1450 3453; baseline 0.004 -23"><span class='ocrx_word' id='word_1_237' title='bbox 410 3369 452 3450; x_wconf 94' lang='grc'><strong>(5)</strong></span> <span class='ocrx_word' id='word_1_238' title='bbox 474 3371 547 3453; x_wconf 81' lang='lat' dir='ltr'><strong>Gap.</strong></span> <span class='ocrx_word' id='word_1_239' title='bbox 575 3373 615 3434; x_wconf 85' lang='grc'><strong>50</strong></span> <span class='ocrx_word' id='word_1_240' title='bbox 642 3369 678 3434; x_wconf 84' lang='lat' dir='ltr'><strong>de</strong></span> <span class='ocrx_word' id='word_1_241' title='bbox 704 3369 843 3436; x_wconf 76' lang='grc' dir='ltr'><strong>15555ιί555.</strong></span> <span class='ocrx_word' id='word_1_242' title='bbox 864 3375 962 3438; x_wconf 83' lang='lat' dir='ltr'><strong>ertus</strong></span> <span class='ocrx_word' id='word_1_243' title='bbox 986 3380 1024 3440; x_wconf 97' lang='lat' dir='ltr'>V</span> <span class='ocrx_word' id='word_1_244' title='bbox 1050 3377 1084 3438; x_wconf 82' lang='grc'><strong>555</strong></span> <span class='ocrx_word' id='word_1_245' title='bbox 1110 3376 1225 3438; x_wconf 73' lang='lat' dir='ltr'><strong>mestit</strong></span> <span class='ocrx_word' id='word_1_246' title='bbox 1251 3376 1282 3436; x_wconf 83' lang='grc' dir='ltr'><em>Ε</em></span> <span class='ocrx_word' id='word_1_247' title='bbox 1305 3381 1450 3435; x_wconf 76' lang='lat' dir='ltr'><strong>matam</strong></span> 
     </span>
     <span class='ocr_line' id='line_1_33' title="bbox 373 3389 1450 3552; baseline 0.006 -40"><span class='ocrx_word' id='word_1_248' title='bbox 373 3453 433 3512; x_wconf 88' lang='grc'><strong>555</strong></span> <span class='ocrx_word' id='word_1_249' title='bbox 452 3470 522 3534; x_wconf 82' lang='lat' dir='ltr'><strong>por.</strong></span> <span class='ocrx_word' id='word_1_250' title='bbox 513 3389 663 3515; x_wconf 65' lang='lat' dir='ltr'><strong>p.btom</strong></span> <span class='ocrx_word' id='word_1_251' title='bbox 693 3457 804 3552; x_wconf 83' lang='lat' dir='ltr'><strong>lpop.</strong></span> <span class='ocrx_word' id='word_1_252' title='bbox 826 3457 865 3518; x_wconf 87' lang='grc'><strong>55</strong></span> <span class='ocrx_word' id='word_1_253' title='bbox 887 3454 1011 3520; x_wconf 74' lang='grc'><strong>5555555555</strong></span> <span class='ocrx_word' id='word_1_254' title='bbox 1031 3457 1101 3520; x_wconf 84' lang='lat' dir='ltr'><strong>edit.</strong></span> <span class='ocrx_word' id='word_1_255' title='bbox 1127 3458 1210 3520; x_wconf 83' lang='lat' dir='ltr'><strong>citat.</strong></span> <span class='ocrx_word' id='word_1_256' title='bbox 1239 3477 1271 3518; x_wconf 87' lang='lat' dir='ltr'><strong>es</strong></span> <span class='ocrx_word' id='word_1_257' title='bbox 1293 3475 1338 3517; x_wconf 87' lang='lat' dir='ltr'><strong>em</strong></span> <span class='ocrx_word' id='word_1_258' title='bbox 1354 3473 1450 3534; x_wconf 84' lang='lat' dir='ltr'><strong>poene</strong></span> 
     </span>
     <span class='ocr_line' id='line_1_34' title="bbox 372 3534 1451 3619; baseline 0.007 -27"><span class='ocrx_word' id='word_1_259' title='bbox 372 3534 459 3612; x_wconf 88' lang='lat' dir='ltr'><strong>plecti</strong></span> <span class='ocrx_word' id='word_1_260' title='bbox 482 3535 575 3596; x_wconf 80' lang='lat' dir='ltr'><strong>voluit</strong></span> <span class='ocrx_word' id='word_1_261' title='bbox 597 3536 678 3614; x_wconf 89' lang='lat' dir='ltr'><strong>illos,</strong></span> <span class='ocrx_word' id='word_1_262' title='bbox 702 3539 753 3616; x_wconf 89' lang='lat' dir='ltr'><strong>qui</strong></span> <span class='ocrx_word' id='word_1_263' title='bbox 781 3539 898 3600; x_wconf 90' lang='lat' dir='ltr'><strong>mulieri</strong></span> <span class='ocrx_word' id='word_1_264' title='bbox 927 3549 1044 3619; x_wconf 88' lang='lat' dir='ltr'><strong>partum</strong></span> <span class='ocrx_word' id='word_1_265' title='bbox 1063 3541 1161 3602; x_wconf 87' lang='lat' dir='ltr'><strong>edbuc</strong></span> <span class='ocrx_word' id='word_1_266' title='bbox 1177 3541 1274 3602; x_wconf 86' lang='lat' dir='ltr'><strong>anima</strong></span> <span class='ocrx_word' id='word_1_267' title='bbox 1293 3547 1451 3600; x_wconf 82' lang='lat' dir='ltr'><strong>carentem</strong></span> 
     </span>
     <span class='ocr_line' id='line_1_35' title="bbox 370 3615 1451 3712; baseline 0.009 -38"><span class='ocrx_word' id='word_1_268' title='bbox 370 3615 549 3712; x_wconf 77' lang='lat' dir='ltr'><strong>abegissent,</strong></span> <span class='ocrx_word' id='word_1_269' title='bbox 572 3635 675 3679; x_wconf 88' lang='lat' dir='ltr'><strong>verum</strong></span> <span class='ocrx_word' id='word_1_270' title='bbox 698 3618 809 3682; x_wconf 89' lang='lat' dir='ltr'><strong>bacin</strong></span> <span class='ocrx_word' id='word_1_271' title='bbox 833 3639 881 3698; x_wconf 88' lang='lat' dir='ltr'><strong>re,</strong></span> <span class='ocrx_word' id='word_1_272' title='bbox 908 3623 981 3684; x_wconf 87' lang='lat' dir='ltr'><strong>Sixti</strong></span> <span class='ocrx_word' id='word_1_273' title='bbox 1003 3623 1210 3684; x_wconf 85' lang='lat' dir='ltr'><strong>constitutione</strong></span> <span class='ocrx_word' id='word_1_274' title='bbox 1226 3623 1381 3702; x_wconf 85' lang='lat' dir='ltr'><strong>abrogata,</strong></span> <span class='ocrx_word' id='word_1_275' title='bbox 1397 3622 1451 3702; x_wconf 85' lang='lat' dir='ltr'><strong>jus</strong></span> 
     </span>
     <span class='ocr_line' id='line_1_36' title="bbox 369 3700 1451 3849; baseline 0.008 -92"><span class='ocrx_word' id='word_1_276' title='bbox 369 3700 522 3842; x_wconf 49' lang='lat' dir='ltr'><strong>millum</strong></span> <span class='ocrx_word' id='word_1_277' title='bbox 542 3703 651 3844; x_wconf 56' lang='lat' dir='ltr'><strong>amirari</strong></span> <span class='ocrx_word' id='word_1_278' title='bbox 666 3701 752 3846; x_wconf 43' lang='lat' dir='ltr'><strong>ligii</strong></span> <span class='ocrx_word' id='word_1_279' title='bbox 766 3705 931 3848; x_wconf 57' lang='lat' dir='ltr'><strong>bGrlggorigs</strong></span> <span class='ocrx_word' id='word_1_280' title='bbox 943 3708 1017 3849; x_wconf 60' lang='grc' dir='ltr'><strong>Θ55555</strong></span> <span class='ocrx_word' id='word_1_281' title='bbox 1034 3706 1156 3768; x_wconf 77' lang='lat' dir='ltr'><strong>constit.</strong></span> <span class='ocrx_word' id='word_1_282' title='bbox 1176 3701 1264 3766; x_wconf 84' lang='lat' dir='ltr'><strong>Sedes</strong></span> <span class='ocrx_word' id='word_1_283' title='bbox 1282 3707 1387 3786; x_wconf 79' lang='lat' dir='ltr'><strong>Apost.</strong></span> <span class='ocrx_word' id='word_1_284' title='bbox 1408 3708 1451 3766; x_wconf 93' lang='grc'><strong>50</strong></span> 
     </span>
    </p>

    <p class='ocr_par' dir='ltr' id='par_1_14' title="bbox 534 3801 867 3847">
     <span class='ocr_line' id='line_1_37' title="bbox 534 3801 867 3847; baseline 0.018 -6"><span class='ocrx_word' id='word_1_285' title='bbox 534 3801 551 3841; x_wconf 87' lang='lat' dir='ltr'><strong>r</strong></span> <span class='ocrx_word' id='word_1_286' title='bbox 784 3806 805 3846; x_wconf 87' lang='lat' dir='ltr'><strong>o</strong></span> <span class='ocrx_word' id='word_1_287' title='bbox 850 3805 867 3847; x_wconf 86' lang='lat' dir='ltr'><strong>r</strong></span> 
     </span>
    </p>

    <p class='ocr_par' dir='ltr' id='par_1_15' title="bbox 409 3801 1443 3962">
     <span class='ocr_line' id='line_1_38' title="bbox 409 3801 1443 3962; baseline 0.007 -38"><span class='ocrx_word' id='word_1_288' title='bbox 409 3863 451 3944; x_wconf 90' lang='grc'><strong>(5)</strong></span> <span class='ocrx_word' id='word_1_289' title='bbox 474 3801 560 3959; x_wconf 55' lang='lat' dir='ltr'><strong>‘illl&#39;-</strong></span> <span class='ocrx_word' id='word_1_290' title='bbox 570 3803 675 3927; x_wconf 60' lang='lat' dir='ltr'><strong>diii.</strong></span> <span class='ocrx_word' id='word_1_291' title='bbox 676 3869 783 3962; x_wconf 75' lang='lat' dir='ltr'><strong>‚Cup</strong></span> <span class='ocrx_word' id='word_1_292' title='bbox 805 3807 880 3932; x_wconf 65' lang='lat' dir='ltr'><strong>Vade</strong></span> <span class='ocrx_word' id='word_1_293' title='bbox 902 3866 972 3931; x_wconf 86' lang='lat' dir='ltr'><strong>cler.</strong></span> <span class='ocrx_word' id='word_1_294' title='bbox 991 3891 1143 3955; x_wconf 71' lang='lat' dir='ltr'><strong>papatem,</strong></span> <span class='ocrx_word' id='word_1_295' title='bbox 1166 3889 1232 3931; x_wconf 83' lang='lat' dir='ltr'><strong>coo.</strong></span> <span class='ocrx_word' id='word_1_296' title='bbox 1262 3869 1301 3928; x_wconf 84' lang='grc'><strong>55</strong></span> <span class='ocrx_word' id='word_1_297' title='bbox 1324 3865 1401 3930; x_wconf 81' lang='lat' dir='ltr'><strong>dist.</strong></span> <span class='ocrx_word' id='word_1_298' title='bbox 1429 3875 1443 3931; x_wconf 96' lang='grc'><strong>5</strong></span> 
     </span>
    </p>

    <p class='ocr_par' dir='ltr' id='par_1_16' title="bbox 371 3941 824 4026">
     <span class='ocr_line' id='line_1_39' title="bbox 371 3941 824 4026; baseline 0.018 -22"><span class='ocrx_word' id='word_1_299' title='bbox 371 3941 407 4004; x_wconf 85' lang='lat' dir='ltr'><strong>de</strong></span> <span class='ocrx_word' id='word_1_300' title='bbox 417 3945 536 4026; x_wconf 76' lang='lat' dir='ltr'><strong>ponit,</strong></span> <span class='ocrx_word' id='word_1_301' title='bbox 552 3966 618 4008; x_wconf 80' lang='lat' dir='ltr'><strong>con.</strong></span> <span class='ocrx_word' id='word_1_302' title='bbox 633 3947 673 4009; x_wconf 85' lang='grc'><strong>00</strong></span> <span class='ocrx_word' id='word_1_303' title='bbox 687 3947 756 4012; x_wconf 86' lang='lat' dir='ltr'><strong>diet.</strong></span> <span class='ocrx_word' id='word_1_304' title='bbox 774 3953 824 4012; x_wconf 90' lang='grc'><strong>50.</strong></span> 
     </span>
    </p>
   </div>
   <div class='ocr_carea' id='block_1_8' title="bbox 411 4027 1448 4114">
    <p class='ocr_par' dir='ltr' id='par_1_17' title="bbox 411 4027 1448 4114">
     <span class='ocr_line' id='line_1_40' title="bbox 411 4027 1448 4114; baseline 0.011 -28"><span class='ocrx_word' id='word_1_305' title='bbox 411 4027 547 4112; x_wconf 77' lang='grc' dir='ltr'><strong>(5)6αρ.</strong></span> <span class='ocrx_word' id='word_1_306' title='bbox 572 4033 626 4108; x_wconf 89' lang='grc'><strong>55,</strong></span> <span class='ocrx_word' id='word_1_307' title='bbox 657 4033 716 4109; x_wconf 87' lang='grc'><strong>55,</strong></span> <span class='ocrx_word' id='word_1_308' title='bbox 740 4035 792 4110; x_wconf 86' lang='grc'><strong>55,</strong></span> <span class='ocrx_word' id='word_1_309' title='bbox 823 4035 863 4096; x_wconf 84' lang='grc'><strong>55</strong></span> <span class='ocrx_word' id='word_1_310' title='bbox 891 4031 1086 4098; x_wconf 82' lang='lat' dir='ltr'><strong>debomicid.</strong></span> <span class='ocrx_word' id='word_1_311' title='bbox 1112 4039 1240 4098; x_wconf 78' lang='lat' dir='ltr'><strong>Atvero</strong></span> <span class='ocrx_word' id='word_1_312' title='bbox 1268 4033 1448 4114; x_wconf 78' lang='lat' dir='ltr'><strong>irregularis</strong></span> 
     </span>
    </p>
   </div>
   <div class='ocr_carea' id='block_1_9' title="bbox 0 0 1586 5172">
    <p class='ocr_par' dir='ltr' id='par_1_18' title="bbox 0 0 1586 5172">
     <span class='ocr_line' id='line_1_41' title="bbox 0 0 1586 5172; baseline 0 0"><span class='ocrx_word' id='word_1_313' title='bbox 0 0 1586 5172; x_wconf 95' lang='lat' dir='ltr'><strong> </strong></span> 
     </span>
    </p>
   </div>
  </div>
 </body>
</html>
