3140 5168
785 427 1006 500 -556-

358 580 478 669 eadat,
523 594 581 650 aut
613 579 683 678 ejus
724 603 815 650 mora
848 577 1000 675 injuriam
1034 577 1183 671 religioni
1223 575 1357 664 afferat,
1391 605 1433 651 ac

357 675 512 778 peccandi
545 681 743 750 occasionem
784 675 928 772 praebeat
966 673 1032 772 (ἓ).
1077 673 1177 760 Quod
1212 677 1239 744 si
1274 678 1429 772 conjugi,

359 779 416 874 qui
439 774 559 847 Christi
595 774 698 848 fidem
735 799 787 844 am
811 774 901 846 lenus
927 789 996 864 cst,
1029 773 1183 844 molestus
1210 799 1278 844 non
1306 777 1349 844 sit
1379 779 1431 844 in-

357 873 487 964 fidelis,
534 873 710 946 disortium
747 872 839 943 fieli
864 895 933 946 non
960 871 1170 962 conceditur,
1205 887 1244 941 ut
1270 874 1432 942 nimirum

356 973 439 1048 alter
487 970 617 1042 alterius
653 971 790 1044 salutem
821 985 987 1066 procuret.
1021 967 1176 1066 Separato
1208 986 1320 1041 autem
1346 995 1431 1042 oon-

352 1074 445 1171 jugio
474 1093 533 1166 per
563 1069 769 1142 christianam
802 1069 992 1164 religionem
1021 1069 1062 1138 ab
1094 1067 1195 1140 altero
1223 1085 1428 1165 susceptam,

358 1173 384 1241 si
413 1168 565 1264 deinceps
605 1169 702 1239 ctiam
727 1165 869 1238 infidelis
896 1165 1085 1238 christianus
1128 1166 1208 1255 fiat,
1250 1183 1431 1264 antequam

357 1265 439 1338 alter
479 1291 577 1337 novas
607 1267 739 1362 nuptias
778 1265 947 1353 conciliet,
990 1265 1236 1337 matrimonium
1278 1263 1431 1336 redinte-

356 1380 468 1462 gratur
497 1363 563 1460 (5).
594 1363 719 1435 Verum
747 1365 944 1436 matrimonii
978 1363 1140 1436 vinculum
1171 1389 1239 1434 non
1265 1362 1429 1450 solvitur,

356 1467 382 1534 si
407 1462 474 1535 duo
501 1461 614 1534 fideles
651 1463 801 1561 conjugio
824 1463 933 1560 juncti
960 1465 1045 1553 sint,
1076 1477 1176 1560 atque
1198 1459 1282 1532 alter
1313 1483 1431 1532 corun

358 1587 377 1632 a
398 1561 467 1634 fide
488 1559 631 1634 discedat
648 1559 716 1658 (d)

398 1710 440 1794 (l)
462 1707 526 1772 lod
542 1713 607 1772 Cor.
625 1709 687 1770 VH
705 1727 734 1769 o.
752 1709 803 1768 59.
823 1710 887 1772 Non
907 1707 1065 1770 defuerunt
1080 1707 1228 1781 heretici,
1245 1707 1430 1770 Montanistae

357 1801 445 1872 atque
456 1793 520 1868 alii,
534 1793 584 1870 qui
598 1799 697 1852 contra
714 1791 840 1852 ecclesio
861 1791 1023 1852 doctrinam
1037 1791 1178 1852 socundus
1195 1791 1313 1869 nuptias
1326 1793 1432 1854 votus

358 1877 507 1937 dixerunt.
523 1875 629 1936 Confer
642 1873 750 1934 lucain
761 1871 797 1934 da
807 1873 942 1934 sacram
958 1871 1034 1934 dias.
1051 1875 1090 1934 to
1100 1892 1131 1956 q.
1144 1877 1164 1934 4
1178 1891 1205 1933 c.
1223 1873 1236 1932 l
1256 1891 1276 1932 a
1290 1873 1322 1933 i.

357 1953 731 2104 ⁷taista-„uta·
927 1959 1035 2116 cta
1050 1963 1194 2112 {aaut
1313 1957 1344 2098 s

358 2119 467 2184 Christi
493 2119 547 2180 reli
570 2119 665 2180 ionem
683 2119 817 2197 amplecti
837 2119 924 2194 volit,
947 2127 1103 2198 antequam
1127 2117 1183 2180 hoc
1207 2117 1430 2182 matrimonium

357 2202 530 2263 dissolutum
549 2138 704 2261 habeatur.
728 2201 867 2277 Consule,
897 2199 947 2280 qui
968 2219 1001 2262 ea
1025 2203 1062 2262 de
1083 2219 1116 2260 re
1140 2201 1255 2279 copiose
1279 2199 1427 2281 disputat,

357 2287 428 2347 Bon.
444 2286 513 2346 xlv
525 2280 561 2344 dc
571 2301 640 2366 syo.
654 2279 769 2343 diceas.
786 2280 836 2344 lah.
851 2283 888 2344 to
903 2301 928 2344 c.
945 2283 980 2344 il
998 2303 1031 2344 n.
1046 2286 1064 2345 5
1078 2291 1107 2346 et
1118 2301 1179 2368 atq.

398 2363 441 2446 (5)
466 2368 540 2448 Cup.
555 2367 574 2426 8
588 2363 624 2426 dc
634 2363 751 2426 Dioort.
766 2361 807 2446 (l)
830 2367 901 2448 Gap.
918 2367 936 2427 ⁷
951 2361 1014 2426 cod.

404 2493 435 2596 ὃ.
492 2493 590 2566 CLll.
634 2493 756 2566 Ratum
806 2495 1070 2584 matrimonium,
1119 2511 1238 2592 praeter
1295 2494 1431 2567 alterius

356 2593 506 2682 obitum,
551 2607 584 2662 et
615 2591 756 2663 infidelis
802 2593 947 2690 conjugis
990 2595 1255 2686 conversionem,
1292 2593 1432 2666 solvitur

357 2695 454 2764 etiam
496 2693 686 2762 auctoritate
715 2693 834 2761 summi
877 2689 1062 2782 pontificis,
1089 2695 1146 2790 qui
1174 2715 1212 2763 aa
1248 2707 1360 2763 tamen
1381 2697 1433 2764 uti

358 2815 427 2862 non
458 2789 558 2879 solet,
590 2791 651 2859 nisi
667 2814 773 2868 ‘causa
801 2789 929 2884 cognita
953 2789 1027 2886 (l),
1063 2805 1097 2860 et
1122 2789 1284 2886 religionis
1308 2790 1433 2888 prosm-

358 2890 459 2960 sione.
495 2885 581 2960 Nam
611 2901 647 2956 ut
687 2889 840 2986 conjuges
868 2885 910 2958 de
956 2887 1081 2959 meliori
1115 2891 1281 2986 proposito
1309 2888 1433 2961 delibe-

357 3000 455 3076 rent,
498 3002 672 3083 postquam
709 2986 951 3058 matrimonium
991 3002 1240 3074 contraxerunt,
1285 3013 1352 3058 non
1393 3015 1432 3061 eo

359 3085 469 3156 statim
496 3085 545 3154 uti
573 3099 756 3178 coguntur,
787 3083 843 3155 sed
874 3081 999 3158 habent
1029 3084 1109 3156 duos
1133 3111 1275 3173 meuses3
1309 3112 1328 3156 a
1389 3114 1431 3160 uo

356 3183 514 3278 temporis
550 3179 720 3253 intervallo
743 3183 769 3252 si
795 3206 907 3253 eorum
940 3180 1022 3254 alter
1052 3183 1239 3277 religionem
1268 3113 1432 3279 ingredia-

356 3295 412 3350 tur
449 3280 485 3349 in
523 3303 627 3375 eaque
665 3277 896 3377 professionem
940 3283 1087 3372 emittat,
1117 3284 1162 3351 ita
1194 3280 1331 3353 solvitur
1362 3309 1431 3353 ma-

258 3435 268 3454 .
357 3378 565 3466 trimonium‚
597 3393 635 3446 ut
675 3379 806 3474 con'ugi
833 3378 945 3450 relicto
982 3405 1040 3450 suo
1071 3377 1179 3450 lubitu
1216 3378 1313 3451 liceat
1352 3381 1431 3452 alias

357 3481 486 3574 nuptias
503 3473 672 3546 conciliare
694 3405 763 3572 (ἦ.

397 3609 439 3693 (l)
458 3611 566 3674 contar
586 3613 657 3672 Bcn.
686 3613 756 3674 xtv
777 3609 832 3673 loc.
856 3612 906 3673 cit.
930 3617 1066 3690 numi,
1090 3614 1206 3676 atride
1228 3615 1431 3694 etiamipsius

357 3697 458 3755 corut.
474 3693 533 3754 Dei
543 3691 733 3755 misnutione
748 3695 787 3755 55
802 3691 829 3775 §.
849 3698 886 3757 15
898 3701 969 3756 om.
991 3699 1005 3757 l
1022 3693 1131 3758 bullar.
1142 3715 1215 3779 pop.
1233 3700 1271 3758 tn
1286 3697 1351 3776 cit,
1365 3695 1431 3773 ed„

354 3775 407 3836 ubi
423 3775 602 3850 declaratur,
618 3775 765 3854 quomodo
780 3785 809 3837 et
824 3795 882 3856 quo
895 3777 956 3838 ritu
969 3780 1190 3841 matrimonium
1203 3789 1302 3840 ratum
1318 3797 1335 3838 a
1356 3779 1430 3842 sede

357 3860 458 3936 Apost.
470 3856 654 3918 dissolvatur.

396 3939 438 4020 (l)
461 3942 534 4022 Cup.
559 3939 594 4015 2,
610 3939 645 4016 7,
671 3941 709 4000 ll
724 3937 761 4001 de
784 3943 922 4002 convers.
938 3940 1055 4025 conjop.
1077 3945 1165 4004 conc.
1190 3943 1272 4005 Trid.
1295 3963 1369 4007 scos.
1388 3947 1430 4008 at

354 4035 420 4080 con.
438 4023 456 4083 6
469 4019 505 4083 de
520 4021 877 4086 Mutrinssridcntinum
892 4023 970 4086 hunc
980 4043 1122 4086 canonem
1136 4034 1166 4086 et
1182 4026 1348 4106 pontificias
1361 4029 1430 4092 illas
