3100 5182
565 387 786 460 -115-

124 532 213 600 sium
238 531 347 626 spatio
372 531 531 602 amittunt
561 531 656 604 aliam
681 551 831 631 quartam
861 550 989 632 partem
1017 537 1211 610 eorumdem

125 627 324 712 fruetuum,
357 643 430 700 tum
462 629 661 723 gravioribus
692 635 791 702 etiam
818 631 1008 728 plectuntur
1030 637 1159 732 poenie,
1188 639 1216 706 si

12 727 17 734 “
124 723 420 920 ᾶίιιῐίυὶἳίδιὶηῑ,
458 751 528 798 non
564 726 753 800 festinantes
795 728 937 800 reditum
972 730 1012 800 ad
1049 729 1214 804 dioeesaim

125 847 223 893 suum
304 878 314 893 .

167 993 214 1076 (i)
236 995 400 1056 Concilium
420 995 628 1057 Tridentinum
649 1015 783 1078 expresse
810 995 935 1062 definire
959 999 1070 1076 noluit,
1100 999 1211 1080 episeo-

125 1092 238 1152 porum
256 1077 286 1136 in
305 1095 357 1136 sua
377 1077 493 1137 diaecesi
509 1078 699 1139 residentiam
719 1079 811 1140 divini
834 1080 911 1160 juris
933 1101 1011 1158 esse,
1038 1100 1095 1160 qua
1120 1082 1158 1142 de
1179 1099 1214 1142 ra

126 1157 235 1217 multis
253 1156 435 1238 disputatum
452 1165 511 1235 ost,
537 1159 581 1220 uti
598 1168 698 1220 namet
720 1163 912 1224 Pallavieinus
927 1163 959 1224 in
983 1161 1088 1224 histor.
1107 1157 1210 1224 norit

127 1234 183 1298 lid.
205 1240 308 1320 Toup.
328 1241 347 1300 6
366 1237 416 1300 isit.
436 1241 475 1300 to
503 1259 571 1322 cop.
599 1243 637 1316 4,·
659 1242 711 1302 sed
735 1245 913 1305 enumeratis
932 1243 1122 1320 muneribus,
1147 1263 1212 1323 quoe

129 1319 356 1400 qriseopisjurs
374 1321 476 1381 divino
493 1324 744 1398 commissarum,
767 1325 864 1404 inquit
885 1343 956 1388 esse.
984 1329 1023 1387 25
1047 1345 1114 1406 eop.
1139 1327 1150 1386 t
1177 1323 1214 1386 de

131 1397 307 1494 resonant,
325 1421 361 1462 eo
376 1405 519 1482 prestari
539 1424 599 1466 noo
619 1423 704 1486 posse
723 1403 760 1466 ao
782 1405 835 1482 iis,
862 1407 891 1466 si
912 1408 997 1490 qreyi
1012 1425 1066 1468 suo
1088 1423 1148 1466 oon
1167 1405 1215 1466 in-

130 1479 593 1627 }tqgioztmffioslsisffi
607 1485 659 1627 serug
685 1485 938 1628 marmoreorum
959 1505 1040 1548 more
1063 1485 1212 1548 deserunt.

165 1581 227 1722 Ἡ)
249 1585 1215 1730 onurnuieimidt.1⁰⁶i'r0'0m.‚·nunvonn

138 1723 180 1785 de
191 1722 344 1805 soluisti,
360 1747 434 1812 pay.
452 1731 491 1789 56
504 1738 574 1790 tom.
591 1733 691 1812 iper.
710 1731 729 1792 2
745 1733 797 1792 Bu
821 1749 868 1790 or.
886 1727 983 1792 ultim
1000 1728 1071 1806 edit.
1085 1730 1171 1792 Rom.

184 1879 214 1981 ς.
244 1881 318 1954 ΧΠ.
348 1882 477 1981 Siquis
504 1899 614 1957 tamen
644 1885 720 1958 velit
742 1885 982 1984 aliquantulum
1015 1884 1209 1975 obsordere,

133 1977 234 2052 datur
255 1982 284 2050 ei
307 2007 441 2078 quoque
463 2008 551 2054 anno
574 1987 714 2078 spatium
747 1982 911 2072 duorum,
941 1984 1083 2054 triumve
1117 2009 1214 2054 men·

133 2077 240 2166 dum,
262 2079 363 2150 modo
383 2079 418 2148 id
444 2103 540 2176 usqua
563 2105 601 2150 ex
631 2107 724 2151 eausa
749 2079 807 2150 fiat
842 2107 879 2151 ae
900 2081 968 2150 sine
1003 2079 1071 2153 ullo
1097 2079 1213 2176 populi

133 2173 335 2248 detrimento
377 2177 443 2273 (i).
484 2177 585 2264 Quod
620 2181 647 2248 si
680 2181 753 2275 quis
785 2177 879 2249 aliter
911 2177 1071 2268 abfuerit,
1108 2203 1212 2344 guam

133 2273 216 2342 sacri
245 2297 383 2346 oenones
420 2275 542 2346 abesse.
572 2277 708 2364 sinunt,
740 2274 891 2346 beneficii
934 2273 1073 2365 fruetus,
1132 2297 1214 2345 oneo

132 2369 259 2460 abiait,
293 2396 368 2444 suos
398 2397 468 2444 non
494 2373 589 2464 feeit,
620 2371 711 2469 quod
736 2372 779 2444 de
809 2371 962 2446 omnibus
996 2388 1130 2444 cautum
1162 2385 1212 2442 est

131 2469 337 2562 generatim,
372 2473 430 2566 qui
458 2495 572 2542 euram
602 2468 726 2541 habent
755 2473 951 2545 animarum.
984 2467 1071 2541 Sunt
1099 2485 1211 2542 autem

63 2631 70 2642 .
126 2569 231 2664 juste
258 2591 379 2655 musae,
410 2591 485 2664 qum
523 2567 664 2639 eeclesiae
694 2583 837 2664 pastores
871 2583 1025 2638 excusant
1052 2593 1070 2637 a
1096 2589 1212 2664 perso·

131 2661 204 2734 nati
232 2663 425 2754 residentia,
448 2669 474 2736 si
501 2667 659 2736 nimirum
704 2689 833 2736 summo
870 2661 1026 2734 Pontifici
1063 2663 1211 2760 probetae

132 2761 281 2850 herine,
305 2763 503 2836 edreitiano
526 2762 703 2853 ebaritas,
729 2786 862 2862 torqueo
882 2765 1078 2848 aaronem,
1095 2759 1212 2833 dehita

132 2859 353 3052 obdigtia,
379 2885 423 2933 ao
446 2861 583 2937 auidam
607 2859 772 2948 ooolosiw,
802 2857 854 2932 eat
880 2857 1084 2954 rm’prubiiom
1107 2857 1232 2930 otili--

133 2961 224 3050 tao(
269 3011 277 3028 .

177 3126 223 3208 (i)
243 3128 321 3189 Fieri
335 3127 367 3188 id
383 3127 486 3205 dehet,
506 3136 540 3190 ut
560 3127 658 3209 inquit
674 3129 805 3208 synodus
818 3127 990 3192 Tridentino
1001 3145 1073 3192 aem.
1090 3129 1129 3190 25
1148 3146 1173 3190 o.
1196 3129 1211 3190 i

135 3209 176 3272 de
194 3207 365 3292 reformat,
390 3228 478 3294 coque
498 3229 534 3272 se
557 3229 666 3288 cauae,
701 3209 765 3274 siue
783 3207 846 3272 ulio
868 3209 967 3293 Μία
988 3207 1162 3272 detrinwnto
1188 3217 1217 3270 et

136 3299 227 3355 extra
239 3287 330 3372 festos
346 3289 409 3353 diss
425 3289 594 3367 Adventus,
611 3289 876 3374 Quodroyesimoe,
896 3289 1088 3369 Natiuitatis,
1105 3293 1216 3354 Resur-

137 3373 292 3450 rationis,
307 3375 490 3436 Pmteeostea
502 3381 531 3435 et
545 3373 686 3455 Corporis
702 3369 823 3436 coristi.

180 3453 224 3534 (2)
244 3455 354 3516 Goneii.
370 3455 506 3517 Trident.
522 3453 554 3516 d.
570 3473 641 3518 sesa.
659 3456 699 3516 25
714 3453 750 3518 ds
762 3454 920 3539 resoromt.
935 3454 1068 3516 Pertinet
1077 3453 1166 3514 etiam
1178 3449 1216 3546 sd

137 3539 342 3616 episcoporum
361 3537 550 3600 residentiam
563 3538 733 3598 constitutio
747 3539 858 3599 Sancto
870 3533 1003 3618 synodus
1021 3537 1078 3598 iii
1106 3535 1217 3598 Urbem

139 3623 209 3682 vlit
224 3625 295 3680 tom.
316 3619 419 3700 iper.
436 3619 455 3680 2
474 3637 546 3700 paq.
561 3621 599 3682 ii
617 3618 667 3680 eit.
690 3615 830 3696 Rullum,
854 3636 911 3696 qua
935 3618 1078 3680 sancitum
1097 3624 1157 3692 est,
1183 3623 1215 3676 ut

137 3701 266 3782 episcopi
284 3717 387 3761 reeens
408 3701 439 3762 in
464 3701 539 3760 urbe
562 3701 671 3778 ereati,
697 3699 773 3770 inira
790 3715 921 3762 mensem
947 3699 985 3759 ab
1008 3718 1041 3760 ea
1067 3697 1218 3758 discedere

138 3791 228 3861 atque
242 3783 279 3842 ad
294 3781 427 3860 proprias
441 3782 576 3842 dioeeeses
589 3782 717 3862 migrare
732 3781 869 3856 debeant,
885 3779 964 3858 quod
975 3787 1073 3840 nmen
1087 3787 1214 3854 tempus,

139 3865 260 3926 decreto
271 3863 375 3943 synodi
387 3867 525 3925 Romanae
540 3864 595 3923 sub
607 3863 765 3925 Benedioto
780 3857 1219 3952 x111,mruinalisvieartusad

139 3947 213 4008 alios
240 3945 433 4026 quadraginta
454 3943 518 4008 dies
539 3961 698 4026 prorogare
720 3952 833 4026 potast3
857 3951 946 4022 atque
967 3941 1011 4002 uti
1036 3955 1162 4019 eptswpt
1180 3938 1218 4000 od
