3106 5170
803 343 951 454 ..lon
976 423 1026 440 .-

377 487 526 622 privilcgio
538 533 636 597 omnia
652 550 785 596 concesso
797 497 997 612 regularibus,
1013 531 1135 610 aliisque
1157 530 1293 593 omnibus
1306 531 1445 594 audiendi

283 625 287 638 '
326 618 331 632 ⁸
378 621 560 683 secularium
579 616 860 684 onloesionmum
873 615 1026 692 impetrata
1043 614 1172 692 primum
1195 615 1232 674 ab
1257 615 1392 694 episeopo
1405 615 1447 677 la—

377 703 494 765 culutc.
509 701 586 764 Alius
600 699 702 760 eadem
716 697 755 758 de
764 715 798 756 re
809 695 1035 776 propositiones,
1051 697 1262 778 angularibus
1272 696 1447 774 quibusdam

309 807 312 816 ·
377 783 525 858 Andcgav.
542 782 689 862 evulgatas
699 786 800 840 contra
814 778 1015 858 episcoporum
1026 785 1214 858 potestatem,
1225 777 1373 840 confixere
1384 780 1448 843 Cle-

153 827 159 839 ,
193 873 195 882 ’
243 883 246 892 ¹
366 866 516 930 6666611.
533 865 564 925 16
585 861 710 925 comitiis
731 859 914 942 generalibus
935 861 1097 936 661666,
1121 867 1152 920 et
1175 861 1258 922 Alex.
1275 859 1390 924 Vlldie
1410 866 1447 924 61

230 979 233 988 ·
347 1007 353 1020 ,
377 958 452 1030 sept.
466 949 546 1010 1666
563 948 662 1008 Cortst.
677 943 737 1006 116
748 939 843 1026 ejusd.
859 937 969 1004 tuaac.
983 949 1053 1004 tom.
1070 944 1088 1002 6
1098 960 1169 1024 por.
1185 943 1353 1028 666661.

426 1129 457 1228 §.
486 1124 649 1218 LXXXV
695 1123 775 1199 llaec
806 1139 916 1195 autem
947 1123 988 1194 ab
1021 1125 1171 1224 eoiscopo
1201 1123 1277 1198 data
1307 1133 1447 1223 potestas

257 1217 259 1224 ’
376 1226 476 1300 modo
507 1224 745 1322 angustioribus
784 1237 950 1295 coercetur
979 1197 1119 1312 finibus,
1152 1239 1187 1295 et
1219 1223 1320 1296 modo
1353 1223 1448 1296 1666-

379 1325 468 1398 ribus
498 1325 688 1421 explicatur.
723 1320 808 1394 Nam
841 1345 879 1392 ec
912 1345 962 1392 res
992 1319 1115 1416 pendet
1144 1322 1185 1392 ab
1218 1325 1363 1422 episcopi
1396 1349 1448 1394 rr-

379 1423 495 1514 bitrio',
523 1425 581 1520 qui
608 1437 646 1492 ut
665 1419 927 1520 jurisdictionem
955 1417 1117 1510 attribuit,
1147 1422 1191 1490 ita
1222 1447 1295 1496 eam
1327 1437 1444 1512 arctat,

378 1517 599 1616 constringit,
635 1517 787 1616 explicat]
812 1543 870 1588 suo
914 1515 1084 1587 arbitratu.
1126 1518 1175 1588 Ex
1217 1545 1286 1616 quo
1336 1535 1445 1618 patet,

378 1645 472 1718 posse
499 1622 686 1716 episcopum
721 1642 781 1687 suo
807 1614 914 1686 lubitu
938 1629 1069 1684 tantum
1099 1617 1134 1685 in
1166 1634 1270 1688 certos
1299 1616 1447 1690 homines

379 1736 479 1814 atque
518 1719 553 1786 in
588 1731 677 1788 certa
713 1716 848 1786 crimina
884 1728 1077 1811 potestatem
1117 1715 1319 1802 concedere;
1362 1716 1447 1788 unde

379 1815 599 1908 intelligitur,
658 1813 873 1912 quamobrem
919 1810 1098 1884 sacerdotes
1154 1829 1321 1910 nequeunt
1367 1814 1447 1887 1666

380 1913 575 1984 senteutiam
613 1914 648 1982 in
680 1927 785 1983 certos
831 1911 1001 2000 homines,
1038 1937 1075 1984 ac
1104 1911 1251 2010 judicare
1295 1912 1338 1984 de
1375 1915 1447 2011 qui·

380 2009 517 2082 busdam
553 2009 763 2100 criminibus,
801 2035 944 2108 quorum
980 2007 1040 2078 sibi
1077 2009 1242 2108 judicium
1282 2013 1447 2109 episcopus

380 2109 564 2181 reservarit.
602 2106 684 2178 Inde
713 2110 768 2206 jus
801 2110 905 2178 oritur
938 2132 1111 2200 corum,
1149 2133 1231 2206 quos
1264 2121 1446 2182 moveos

380 2231 557 2296 vocamus,
596 2203 685 2302 quod
726 2204 842 2295 efficit,
883 2221 920 2275 ut
957 2205 1123 2298 sacerdos,
1165 2223 1301 2304 excepto
1337 2209 1445 2278 mortis

380 2305 515 2377 articulo
536 2303 609 2401 (1),
642 2301 724 2374 nihil
751 2305 852 2400 possit
879 2305 912 2373 in
951 2306 987 2374 iis
1015 2303 1112 2376 rebus
1137 2331 1279 2403 quarum
1306 2320 1444 2402 potesta·

377 2423 445 2477 tem
474 2403 646 2501 episcopus
679 2427 751 2473 nun
775 2399 978 2476 mandaverit
1009 2401 1076 2500 (b)

418 2589 461 2673 (1)
475 2590 577 2654 lllortis
589 2589 729 2650 articulus
742 2608 758 2650 a
771 2589 902 2668 periculo
917 2587 1029 2650 diliert.
1049 2615 1062 2643 a
1077 2594 1128 2653 Est
1140 2608 1269 2669 namque
1282 2591 1444 2669 666661666-

375 2674 519 2749 riculum,
544 2673 642 2752 inquit
664 2671 805 2734 ldelehior
824 2675 919 2733 66666
932 2669 968 2732 de
985 2671 1095 2734 Ponit.
1115 2691 1188 2756 por.
1204 2675 1239 2752 9,
1255 2674 1287 2733 16
1302 2672 1349 2733 bis
1362 2673 1445 2733 duna·
1551 2741 1552 2744 Ἴ

377 2765 455 2818 taxat
487 2755 566 2816 unde
593 2773 672 2815 mors
696 2755 866 2832 frequenter
894 2752 968 2814 solet
1004 2754 1170 2816 accidere..
1190 2797 1222 2816 ..
1251 2759 1290 2817 nt
1310 2755 1445 2816 articulus

377 2837 480 2900 mortis
494 2837 682 2918 intelligitur,
697 2855 764 2896 cum
775 2835 949 2915 regulariter
963 2844 1041 2897 certe
1064 2855 1143 2898 mors
1158 2844 1211 2898 est.
1233 2862 1245 2890 6
1270 2839 1337 2900 Non
1356 2837 1444 2898 solum

377 2921 410 2980 iu
423 2919 561 2995 articulo,
580 2919 632 2978 sed
655 2917 743 2979 etiam
756 2917 788 2978 in
807 2917 888 2998 gravi
907 2919 1010 2978 mortis
1035 2918 1179 2997 periculo,
1203 2937 1270 2980 cum
1294 2918 1379 2980 abest
1398 2937 1445 2998 pa·

376 3001 500 3078 rochus,
512 3010 562 3060 aut
586 3001 659 3062 alius
672 3001 709 3061 ab
723 2999 857 3078 episcopo
878 2999 1055 3078 approbatus
1065 3001 1273 3076 confessarius,
1288 3001 1444 3080 quemlibet

376 3083 556 3146 sacerdotem
573 3082 785 3144 absolutionem
803 3081 948 3161 impertiri
960 3099 1058 3162 posse,
1081 3082 1209 3144 ostendit
1222 3085 1289 3145 cu.
1311 3083 1444 3146 Blascbus
1550 3131 1551 3134 ,

378 3167 413 3227 a'o
427 3184 499 3247 opp.
516 3162 566 3226 od.
583 3163 656 3226 6166.
672 3163 708 3226 66
716 3183 797 3247 port.

419 3247 461 3330 (6)
474 3251 561 3308 Cone.
577 3246 659 3308 lrid.
672 3265 744 3309 sess.
763 3241 848 3308 1166
873 3251 1011 3311 Sacram.
1033 3265 1115 3330 pon.
1141 3247 1243 3330 cop.7
1268 3253 1298 3308 et
1310 3265 1379 3309 cco.
1397 3249 1443 3308 ll.

377 3330 477 3409 lnquit
487 3337 585 3389 autem
598 3330 659 3408 ipsa
673 3327 808 3409 synodus
819 3327 868 3388 cit.
884 3349 952 3413 cop.
965 3331 996 3405 7,
1009 3329 1088 3408 quod
1105 3354 1119 3384 u
1139 3329 1224 3393 Nulla
1237 3329 1445 3392 sit'reservatio

378 3415 409 3472 in
428 3409 551 3472 articulo
567 3413 686 3488 mortis,
701 3420 789 3488 atque
804 3411 871 3470 ideo
888 3431 989 3473 omncs
1012 3411 1176 3474 sacerdotes
1198 3411 1346 3490 quoslibet
1361 3411 1446 3492 puni·
1549 3401 1550 3416 ³

377 3503 473 3555 tentes
490 3513 507 3554 6
525 3493 675 3572 quibusvis
693 3494 816 3573 peccatis
833 3500 864 3552 et
881 3495 1010 3556 censuris
1025 3494 1174 3556 absolvere
1189 3503 1320 3574 possunt.
1334 3521 1348 3548 n
1378 3497 1445 3571 Quo

377 3576 467 3640 verba
480 3593 548 3636 cum
569 3583 685 3654 pateant
695 3575 889 3658 amplissime,
911 3596 945 3637 ec
962 3576 1074 3638 nullum
1091 3576 1271 3638 sacerdotem
1286 3577 1444 3656 excipiant,

378 3657 587 3719 omnibuslcre
607 3658 798 3738 scriptoribus
817 3659 896 3719 luris
911 3659 1048 3722 canonici
1068 3665 1241 3740 argumento
1254 3656 1444 3736 sunt‚quod‚
1548 3729 1549 3734 γ

377 3748 503 3822 urgente
524 3740 708 3818 necessitate,
724 3741 873 3802 absolvere
888 3741 977 3819 possit
1002 3743 1097 3820 quivis
1115 3741 1265 3816 sacerdos,
1293 3741 1384 3801 etiam
1396 3757 1445 3799 ex-

376 3819 622 3899 communicatus,
650 3839 822 3902 suspensus,
847 3821 1038 3904 degradatus,
1064 3823 1234 3900 hacreticus,
1261 3822 1350 3883 modo
1374 3821 1445 3882 absit

310 3941 313 3950 ·
378 3905 494 3982 publica
513 3903 634 3966 offensio
651 3922 684 3965 ac
707 3903 870 3985 periculum
891 3904 1097 3966 subversionis.
1122 3907 1257 3968 Graviter
1278 3912 1308 3965 et
1333 3905 1444 3984 copiose

376 3983 410 4044 'lu
425 3986 480 4049 boc
493 3987 657 4070 argumenti
671 4005 779 4070 genere
795 3995 928 4050 versatur
951 3989 1016 4049 Car.
1036 3986 1173 4050 Blascbus
1185 3987 1269 4050 Dirc
1283 3989 1302 4048 2
1317 3984 1354 4050 66
1364 4004 1443 4069 poeo·
