3164 5174
838 403 1060 474 -514-

406 583 473 629 non
496 579 582 646 esse,
599 577 675 624 curn
692 549 794 622 illatas
816 551 876 624 sibi
901 577 921 621 a
942 549 1030 622 laicis
1053 551 1188 649 injurias
1213 568 1471 650 persequuntur,

404 653 505 727 modo
540 675 614 722 rere
636 666 735 748 atque
775 675 814 720 ex
842 651 951 721 animo
987 648 1174 741 declarent,
1203 675 1238 722 se
1265 677 1335 724 nou
1355 650 1473 724 ultores

406 753 597 852 injuriarum
620 774 736 848 agere,
754 761 793 818 ut
807 749 936 844 sanguis
954 745 1156 819 effundatur.

446 913 488 994 (ll
512 913 588 996 Cap.
602 909 660 972 ult.
674 905 831 982 Neclerie'.
848 907 894 970 vel
906 906 1044 970 nwnool.

446 995 490 1078 (2)
514 996 589 1076 Cep.
605 989 869 1055 ult-Debomiet'd.
887 992 961 1052 inc.
1009 995 1014 1006 '

453 1137 485 1237 ς.
525 1135 602 1207 llll.
643 1134 731 1207 Sunt
753 1136 871 1232 etiam,
905 1135 954 1204 uti
994 1132 1201 1224 dicebamus,
1227 1135 1418 1231 irregulares
1433 1139 1471 1227 ii,

406 1261 548 1334 quorum
575 1260 668 1306 mens
699 1243 774 1304 saba
796 1257 862 1306 non
888 1247 956 1322 cst,
983 1247 1017 1302 et
1042 1231 1106 1304 buc
1128 1229 1284 1305 vocantur
1310 1251 1471 1325 amentes,

404 1337 531 1423 l'uriosi,
556 1334 774 1428 'energumeni
796 1347 830 1402 et
859 1337 1040 1430 quotquot,
1060 1330 1114 1402 rel
1134 1347 1249 1402 natura
1265 1331 1316 1402 rel
1339 1331 1471 1422 morbo,

405 1449 516 1506 mente
541 1435 618 1503 sun‘t
646 1429 871 1522 imbecilliores
896 1427 972 1526 (l),
1008 1425 1174 1526 praeterea
1197 1431 1254 1526 qui
1281 1427 1367 1501 bona
1392 1430 1474 1500 fame

407 1555 475 1604 non
494 1546 590 1619 suut,
623 1547 658 1602 et
680 1527 745 1600 buc
772 1525 933 1600 referendi
955 1526 1111 1617 baeretici,
1143 1526 1353 1618 schismatici,
1378 1555 1474 1626 apos·

409 1645 503 1719 tate,
535 1643 634 1725 atque
659 1629 701 1717 ii,
736 1651 876 1724 quorum
895 1639 994 1791 pater
1023 1651 1166 1724 avusque
1192 1625 1337 1698 baeretici
1376 1643 1471 1716 sunt,

408 1727 455 1797 vel
484 1727 628 1797 baeretici
651 1724 894 1821 decesserunt(
920 1725 953 1820 ),
983 1725 1129 1822 itemque
1157 1723 1315 1814 adulteri,
1333 1728 1471 1824 perjuri,

407 1823 477 1894 lalsi
499 1839 616 1912 testes,
643 1821 777 1894 lenones
812 1838 846 1894 et
874 1825 920 1894 rei
956 1837 1138 1892 ceterorum
1166 1824 1360 1909 criminum,
1401 1847 1474 1920 quae

407 1923 502 1992 alicui
543 1921 710 1992 infamiam
745 1919 892 1994 inferunt
922 1919 988 2016 (ὅ).
1031 1917 1176 1991 Crimina
1206 1920 1280 1993 baee
1314 1937 1370 1991 aut
1398 1936 1473 1992 ncta

408 2017 572 2109 omnibus,
590 2035 647 2090 eut
664 2017 789 2117 judicic
815 2018 966 2115 probata,
992 2043 1107 2090 eorum
1131 2043 1201 2092 reos
1236 2019 1278 2090 ab
1309 2017 1474 2090 ordinibus

407 2116 603 2215 repellunt(
628 2117 655 2214 )

448 2289 490 2370 (l)
515 2291 589 2350 Can.
606 2291 639 2369 5,
666 2293 701 2367 t,
727 2289 830 2352 udor.
855 2291 906 2352 55.
929 2291 1006 2352 Vide
1026 2293 1113 2353 Cone.
1135 2291 1343 2352 Aurelianense
1360 2293 1400 2352 ΙΙΙ
1415 2293 1474 2350 eti

408 2369 465 2433 col.
489 2373 569 2433 1275
592 2381 662 2434 om.
680 2375 714 2448 5,
730 2381 760 2433 et
775 2373 948 2434 Toletanum
968 2377 1005 2434 11.
1026 2391 1093 2432 con.
1117 2374 1208 2434 let3
1229 2372 1307 2452 apud
1330 2371 1474 2434 labbeum
1573 2371 1574 2408 ἒ

409 2463 480 2515 tom.
497 2458 514 2516 5
535 2451 590 2515 eol.
610 2455 670 2514 879
684 2453 755 2515 edit.
779 2455 897 2530 Venet.,·
912 2457 942 2516 S.
968 2458 1091 2535 Gregon
1110 2457 1149 2516 lt.
1166 2451 1278 2536 dialog.
1296 2451 1346 2516 tit.
1367 2458 1425 2516 ac.
1440 2455 1474 2514 15

410 2546 480 2598 tom.
497 2533 583 2597 ficol.
599 2538 660 2598 eto
672 2535 742 2597 edit.
756 2536 908 2598 Parisino.
926 2537 1018 2598 1705.

462 2617 491 2697 2)
517 2619 592 2700 Gap.
611 2621 649 2679 lb
663 2615 699 2680 de
712 2621 824 2680 liceret.
838 2619 871 2679 in
884 2621 916 2679 6.

462 2703 479 2762 5
514 2702 832 2786 tan.llo.6qu.l.
1572 2749 1573 2772 2

448 2786 480 2864 (l
514 2785 587 2864 Cap.
603 2785 623 2844 l
638 2792 666 2844 et
680 2779 738 2844 ult.
756 2779 792 2842 de
810 2785 946 2878 Tempor.
963 2780 1063 2844 ordin.
1079 2783 1130 2843 ubi
1144 2785 1304 2845 statuitur:
1331 2783 1476 2862 eSipro·
1572 2811 1573 2850 ;

407 2865 501 2944 posita
523 2865 647 2926 crimina
669 2863 774 2926 ordine
795 2864 951 2943 judiciario
975 2865 1176 2944 comprobata,
1200 2867 1247 2926 vel
1271 2865 1341 2927 alias
1364 2865 1475 2926 notoria

407 2965 467 3006 non
488 2946 614 3022 luerint,
634 2964 693 3006 non
715 2945 824 3006 debent
843 2947 874 3006 bi
900 2944 1020 3025 (praeter
1038 2965 1103 3007 reos
1126 2947 1304 3028 homicidii),
1333 2956 1400 3025 post
1417 2965 1476 3025 pte-

408 3029 579 3106 nitcntiam,
593 3027 623 3088 in
632 3028 693 3106 jam
705 3029 861 3107 susceptis,
873 3029 918 3098 ,vet
931 3029 1123 3108 suscipiendis
1132 3029 1286 3090 ordinibus
1296 3029 1445 3108 impediri.
1459 3054 1470 3080 r·

458 3181 488 3284 §.
526 3183 619 3254 Xlll.
657 3181 807 3255 Vacuitns
837 3183 878 3254 ab
902 3186 992 3256 omni
1016 3184 1110 3256 sorde
1135 3200 1332 3283 suspectat,
1359 3203 1400 3256 ut
1429 3209 1478 3258 or·
1571 3177 1572 3238 ἒ

411 3283 503 3353 dines
538 3283 717 3378 suscepturi
750 3281 879 3354 nullum
919 3281 1058 3355 dedecus
1096 3283 1265 3382 nullasque
1296 3283 1406 3355 sordes
1439 3309 1477 3353 es

409 3381 576 3452 nativitate
609 3383 840 3452 contraxerint.
876 3381 922 3451 Ea
961 3380 1003 3452 de
1037 3408 1129 3454 causa
1162 3382 1203 3452 ab
1233 3381 1400 3454 ordinibus
1422 3409 1478 3451 ar·

410 3493 526 3556 centur
559 3476 717 3572 illegitimi
743 3478 818 3575 (l),
853 3481 913 3550 nisi
947 3497 1056 3576 postea
1093 3483 1218 3577 nuptiae
1249 3482 1334 3551 inter
1360 3505 1479 3550 eorum

411 3592 561 3674 parentes
584 3579 645 3646 rite
669 3575 881 3650 concilientur
908 3577 985 3676 (2),
1016 3593 1072 3648 aut
1101 3581 1162 3649 nisi
1185 3576 1373 3672 religionem
1397 3605 1481 3676 pro-
1570 3591 1571 3636 t

409 3677 499 3766 sessi,
521 3691 735 3746 monumento
757 3674 819 3746 boe
866 3677 968 3748 ietatis
999 3673 1158 3748 natalium
1183 3675 1292 3748 sordes
1317 3675 1476 3762 eluerint,

412 3776 488 3872 quia
512 3789 593 3843 tunc
616 3789 702 3844 reete
729 3701 898 3844 ordinibus
927 3773 1117 3865 initiantur,
1141 3773 1216 3846 licet
1237 3800 1255 3843 a
1279 3776 1329 3844 sui
1354 3773 1480 3844 ordinis

409 3873 627 3968 praelecturis,
663 3872 723 3941 nisi
751 3875 894 3968 primurn
920 3899 956 3943 ea
982 3873 1053 3969 lege
1084 3873 1180 3944 soluti
1216 3871 1359 3962 luerint,
1383 3873 1479 3944 absti-

410 3997 486 4044 nere
515 3997 547 4043 se
576 3967 716 4040 debeant
742 3969 808 4067 (5).
842 3967 906 4041 Sed
933 3988 966 4042 et
991 3971 1076 4047 bona
1097 3997 1171 4042 eum
1197 3972 1290 4042 venia
1313 3971 1476 4068 episcopi,
1569 3963 1570 4014 3
