3164 5174
536 487 757 562 481-

138 638 175 712 lV
193 638 257 738 (l),
284 639 539 730 beneficiorum,
567 667 643 739 quae
668 667 728 738 per
754 641 880 713 obitum
907 643 941 710 in
974 639 1062 710 curia
1080 663 1177 710 vacua

137 737 213 808 liunt.
243 737 328 824 Quae
350 742 521 812 reservatio
552 765 569 810 a
597 739 762 812 Bonilaeio
791 739 869 809 Vlll
904 737 1052 809 traducta
1080 736 1178 806 dein-

57 945 59 994 ε
135 837 769 1034 ttttbtlptblttfffittttt
783 835 1178 1008 tltffldtttttt

57 1049 59 1128 j
135 1035 234 1104 cunam
259 1037 444 1126 venientes,
476 1034 525 1106 vel
563 1034 604 1104 ab
643 1057 682 1106 eo
727 1033 935 1122 recedentes,
976 1035 1001 1103 si
1029 1033 1064 1101 in
1101 1031 1179 1104 loeis

135 1133 213 1200 curie
254 1131 402 1204 finitimis
444 1132 505 1206 boe
547 1149 597 1204 est
638 1132 781 1204 duorum
816 1132 945 1202 dierum
987 1133 1023 1204 in
1062 1129 1180 1202 itinere

134 1225 303 1302 distantibus
333 1257 372 1304 ex
398 1231 461 1302 hae
485 1234 551 1302 vita
578 1231 807 1326 migraverint3
837 1233 983 1326 itemque
1010 1226 1052 1300 ad
1075 1225 1179 1302 bene·

134 1322 192 1396 luia
206 1329 387 1420 annalium,
417 1333 474 1427 qui
498 1355 533 1402 se
560 1332 596 1400 in
621 1329 730 1402 locum
754 1327 953 1400 contulerint
978 1329 1077 1398 euriae
1097 1325 1178 1398 lini·

134 1425 249 1516 timum,
270 1428 382 1526 ibique
399 1427 608 1517 decesserint,
625 1445 682 1499 aut
707 1431 831 1500 curiam
858 1429 1069 1514 comitantes,
1097 1424 1178 1496 dum

133 1547 163 1590 ea
177 1525 368 1617 transfertur,
386 1531 421 1596 iu
441 1529 556 1598 itinere
570 1529 689 1598 mortui
706 1541 783 1596 sunt
795 1525 862 1622 (ᾗ).

170 1683 193 1847 ql
220 1689 284 1769 Cap.
296 1689 357 1751 ide
367 1687 495 1772 praeben.
508 1691 540 1752 ia
554 1693 584 1752 6.

181 1769 198 1827 2
221 1771 284 1852 Cap.
304 1775 340 1834 34
356 1769 421 1834 eod.
438 1773 483 1834 tit.
498 1771 530 1833 in
545 1775 576 1834 6.

175 1920 202 2020 l.
226 1924 382 1998 xxxtll.
409 1927 529 2001 Eatru
556 1953 683 2026 eorpus
705 1929 790 2026 juris
817 1943 894 1998 sunt
926 1928 1176 2014 reservationes,

131 2045 194 2114 que
216 2027 511 2121 extravagantibus,
539 2052 612 2124 quae
643 2029 723 2097 item
746 2025 843 2096 bullis
865 2049 1068 2098 summorum
1083 2023 1179 2096 Pon-

131 2116 255 2212 tificum,
284 2149 360 2220 quae
405 2124 547 2222 denique
578 2125 775 2196 cancellariae
810 2123 928 2218 regulis
959 2121 1179 2220 eomprehen-

58 2279 59 2298 ,
131 2213 248 2294 duntur.
265 2221 431 2318 Principio
453 2223 593 2294 Joannes
617 2222 714 2293 XXII
736 2223 790 2319 (l)
811 2219 1034 2310 confirmavit,
1063 2219 1178 2290 latius·

59 2337 60 2353 *
130 2339 183 2408 que
263 2318 371 2390 lieavit
397 2323 666 2410 reservationem,
686 2347 785 2418 quam
814 2321 934 2391 lecerat
956 2317 1108 2390 Clemens
1124 2315 1175 2402 Ἲς

129 2427 186 2484 tum
254 2420 263 2488 i
288 2419 489 2514 Apostolicae
521 2421 692 2490 reservavit
714 2419 919 2490 collationem
943 2416 1176 2488 beneficiorum

130 2517 289 2587 vacantium
323 2542 382 2614 per
426 2515 622 2614 prohibitam
661 2543 776 2589 eorum
812 2514 1078 2604 multitudinem,
1113 2516 1178 2584 sive

58 2629 60 2707 l,
126 2607 328 2702 pluralitatem
352 2613 419 2711 (2).
448 2613 565 2686 Postea
587 2613 783 2687 Benedictus
809 2613 881 2687 XlI
908 2615 1073 2710 superiora
1095 2635 1178 2682 eon-

126 2705 260 2802 fitmam,
277 2729 439 2784 reservata
462 2739 530 2785 esse
552 2711 654 2786 voluit
668 2714 846 2804 benelieia,
889 2735 939 2783 uae
960 2735 1058 2780 vacua
1073 2708 1175 2796 fiunt,

59 2885 60 2897 ἢ
125 2804 171 2877 vbi
191 2813 257 2908 qais
279 2813 504 2909 episcopatum
530 2827 578 2882 ert
617 2827 826 2910 assequutus,
856 2813 913 2880 ui
946 2807 1008 2880 alio
1035 2804 1176 2878 transla-

60 2917 61 2979 ἰ
127 2917 183 2996 tus,
213 2908 266 2979 ubi
301 2923 412 2980 motus
441 2908 617 3005 dignitate,
643 2911 700 2980 ubi
727 2910 874 2982 addictus
900 2909 997 2978 curia
1021 2904 1175 2992 decessit,

59 3059 60 3072 2
125 3021 268 3096 postremo
283 3005 464 3097 beneficia,
484 3033 560 3106 quae
577 3034 687 3080 eoram
702 3005 864 3080 Pontifice
880 3008 1085 3100 resignantur
1106 3001 1174 3098 (5).

125 3102 218 3201 Atque
244 3105 301 3179 boe
329 3107 560 3178 reservationes
580 3121 675 3198 sunt,
694 3131 769 3206 qus
796 3101 1078 3199 extravagantibus
1097 3126 1179 3174 eon-

58 3209 60 3246 ss
125 3201 257 3274 lineatur
272 3205 344 3302 (4)
370 3249 373 3258 .

166 3347 191 3430 l)
203 3351 377 3432 saeratae.
397 3369 434 3412 en
448 3345 542 3414 debito
558 3353 575 3414 b
590 3345 625 3414 de
638 3347 770 3414 stretton.
784 3349 840 3413 int.
855 3367 1034 3412 ammones.

202 3436 374 3515 Extruuoq.
389 3431 558 3496 execrabilis
574 3437 592 3496 l
606 3433 642 3496 de
654 3431 783 3516 proban.
800 3433 876 3494 inter
896 3449 1077 3494 aeramenta.

59 3571 60 3574 ,
164 3513 180 3574 l
202 3517 375 3598 Extrartus.
399 3513 440 3576 nd
463 3515 593 3599 reptatas
611 3515 650 3578 ts
671 3513 734 3577 aod.
760 3515 806 3577 at.
825 3515 881 3577 int.
902 3532 1080 3576 ammones.
1102 3513 1180 3575 Vide

124 3593 224 3674 ngvut.
236 3597 280 3660 ud
291 3595 390 3679 repul.
406 3601 421 3658 l
436 3595 594 3659 amellae
605 3597 633 3680 S.
649 3601 664 3660 l
681 3615 766 3660 satu.
780 3599 821 3659 58
834 3607 932 3682 etseq.

155 3677 191 3758 lt)
217 3685 448 3760 Extravrgantes
468 3689 532 3741 turn
556 3697 740 3752 aerumnosa,
762 3687 827 3742 tura
848 3681 968 3744 Joannls
990 3682 1075 3741 xxtt
1101 3695 1180 3738 nune

121 3764 233 3838 erroris
254 3763 341 3826 luris
355 3762 486 3822 canonici
503 3771 617 3843 partem
631 3763 805 3840 eontieiunt3
822 3763 874 3824 sed
895 3761 1032 3842 queniam
1052 3767 1181 3822 extrava-

121 3844 236 3916 antium
267 3845 391 3905 nomine
417 3843 486 3904 huie
520 3847 633 3926 corpori
655 3845 771 3906 insertae
796 3855 879 3922 sunt,
908 3845 1061 3925 pristinam
1084 3839 1181 3900 adhue

121 3931 240 3988 naturam
251 3945 339 3988 snam
351 3927 479 3987 retinere
493 3927 648 4006 videntur,
664 3927 787 4008 ideoque
801 3929 837 3988 iis
851 3925 1066 4006 comprehense
1088 3939 1180 3981 veser·

120 4007 236 4071 vationes
260 4009 346 4072 turis
364 4025 483 4087 enrpara
508 4011 610 4072 clausas
629 4027 688 4070 non
713 4009 862 4071 dicuntur.
890 4009 996 4071 confer
1010 4003 1178 4086 Rigantiunr

121 4081 168 4149 loe.
182 4090 229 4153 st.
246 4109 336 4154 atum.
352 4092 394 4152 lb
409 4098 437 4150 et
448 4109 509 4174 seq.
