3140 5168
811 427 1031 498 -574-

395 581 470 644 diac.
491 599 560 662 por.
583 582 596 640 l
620 576 672 640 tit.
697 580 796 660 tecp.
822 579 856 639 ll
880 587 908 638 et
932 595 1011 661 rep,
1034 595 1052 638 a
1073 576 1180 656 quibus
1201 575 1317 652 omnia,
1343 595 1417 656 qun
1433 578 1468 640 ad

394 663 527 724 divitum
542 661 670 722 officium
688 663 838 740 pertinent
851 705 859 728 ,
877 661 970 722 lucius
984 669 1014 720 et
1028 659 1148 721 uberius
1165 660 1365 740 explicantur.

433 743 474 825 (ἢ)
498 749 541 806 De
554 745 673 826 antiqua
687 741 898 804 consuetudine
911 743 1045 804 divinum
1060 741 1188 803 officium
1209 749 1297 802 noctu
1320 741 1465 802 mirandi
1533 727 1534 756 ³

394 827 486 886 multa
510 833 540 886 et
558 825 695 904 praeclare
717 825 807 886 habea
824 823 902 904 apud
930 824 974 886 Cl.
997 823 1077 884 card.
1105 824 1293 902 Gerampium
1322 825 1467 886 umore

394 905 473 969 delle
488 911 585 970 Beato
602 905 713 968 Chicrc
727 906 762 968 ἀὲ
769 905 886 968 dimini
896 903 970 968 dur.
986 907 1026 967 20
1038 924 1109 988 pop.
1123 907 1182 967 tlt
1197 913 1225 966 et
1236 924 1298 989 aeq.

443 1059 474 1161 §.
517 1060 576 1131 vl.
621 1061 742 1134 Omnia
763 1060 835 1132 brec
880 1059 986 1132 officia
1017 1085 1086 1132 non
1122 1059 1228 1131 solum
1269 1062 1363 1134 intra
1392 1090 1466 1161 epa-

394 1161 478 1230 tium
503 1161 757 1258 vigintiquatuor
796 1158 968 1249 horarum,
1004 1157 1060 1230 sed
1100 1161 1198 1230 etiam
1238 1183 1297 1230 suo
1324 1187 1467 1260 quaeque

307 1269 310 1278 ⁴
395 1273 543 1354 tempore
586 1273 684 1355 atque
731 1256 846 1330 ordine
892 1255 1082 1329 celebranda
1123 1271 1211 1328 sunt.
1261 1257 1465 1332 Matutinum

395 1355 539 1427 officium
568 1381 643 1427 cum
671 1353 820 1426 laudibus
852 1382 869 1426 a
899 1355 1020 1427 clericis
1048 1353 1255 1428 saecularibus
1285 1355 1346 1452 (l)
1374 1385 1465 1430 mane

393 1453 598 1526 illucescente
637 1452 826 1551 crepusculo
869 1453 1100 1526 celebrandum
1150 1469 1218 1542 est,
1253 1455 1367 1550 prima
1400 1459 1464 1554 jam

393 1549 473 1624 lucie
514 1567 586 1624 orto
625 1551 750 1643 sidere,
778 1555 894 1642 tertia,
926 1569 1034 1642 sexta,
1081 1576 1167 1623 nona
1198 1550 1286 1624 horis
1327 1579 1463 1651 respon·

391 1647 546 1720 dentibus
569 1649 644 1747 (d),
675 1674 815 1747 vesperae
847 1649 971 1721 decima
1000 1649 1050 1721 rel
1075 1648 1247 1720 undecima
1273 1648 1359 1721 bora
1385 1653 1460 1742 diei,

395 1747 644 1845 completorium
670 1763 744 1844 post
769 1747 840 1818 solis
868 1773 1026 1820 occasum.
1059 1746 1125 1820 Sed
1164 1773 1254 1819 nunc
1283 1773 1350 1844 pro
1379 1775 1463 1821 more
1534 1815 1535 1836 p

393 1845 596 1924 ecclesiarum
627 1849 825 1916 matutinum
851 1873 927 1918 cum
959 1845 1129 1936 laudibus,
1158 1845 1316 1943 horaeque
1342 1852 1461 1944 prima,
1534 1843 1535 1878 ³

392 1945 500 2034 tertia,
533 1959 620 2014 sexta
646 1959 681 2014 et
706 1971 792 2016 nona
820 1970 858 2016 eo
885 1945 1041 2042 temporis
1069 1947 1190 2042 spatio,
1218 1943 1310 2041 quod
1336 1963 1389 2018 eet
1413 1949 1464 2018 in-

394 2056 445 2112 ter
475 2066 624 2112 auroram
653 2058 687 2112 et
716 2041 884 2113 meridiem
916 2058 1003 2114 recte
1032 2041 1279 2139 persolvuntur,
1324 2069 1462 2142 vesperae

394 2141 476 2210 circa
504 2137 618 2208 boram
654 2165 774 2210 nonam
820 2157 875 2211 aut
906 2141 1089 2228 decimam,
1132 2141 1212 2238 quin
1250 2142 1285 2210 in
1321 2141 1462 2240 quadra·

394 2240 512 2330 gesimo
530 2239 612 2308 circa
638 2237 826 2326 meridiem3
860 2239 1108 2336 completorium
1131 2253 1239 2308 autem
1256 2243 1369 2310 statim
1394 2257 1460 2337 poet

390 2359 541 2434 vesperas
566 2334 747 2407 celebratur
775 2337 841 2435 (ὅ).

434 2505 478 2588 (l)
500 2507 659 2588 Regulcres
672 2509 762 2570 choro
782 2507 890 2570 addicti
915 2517 1091 2570 nocturnum
1108 2507 1237 2570 officium
1260 2507 1344 2588 quod
1367 2518 1459 2570 tamen

395 2589 482 2671 vulgo
502 2591 680 2650 matutinum
701 2599 839 2668 vocatur,
865 2589 911 2652 vel
929 2589 1025 2652 media
1046 2598 1145 2666 nocte,
1172 2591 1218 2652 vel
1242 2590 1316 2652 hora
1337 2591 1459 2653 secunda

394 2683 458 2752 post
480 2671 607 2732 mediam
629 2677 758 2748 noctem3
784 2671 815 2732 id
838 2691 923 2744 vero,
946 2672 1025 2752 quod
1047 2689 1081 2733 re
1106 2673 1168 2752 ipsa
1199 2675 1380 2734 matutinum
1402 2683 1458 2748 est,

393 2755 577 2816 illucescente
590 2772 694 2816 aurora
705 2753 886 2833 persolvunt.
904 2753 961 2816 Sed
975 2773 1008 2815 ea
1022 2755 1053 2815 in
1064 2772 1097 2815 re
1107 2755 1268 2834 peculiares
1277 2755 1459 2837 cingulorum

393 2837 509 2918 regulae
523 2845 652 2914 spectare
666 2843 791 2915 oportet.

434 2917 475 2999 (ᾖ)
498 2921 595 2980 Tertia
614 2917 686 2978 bora
705 2917 783 2997 opud
807 2923 952 2980 Romanos
972 2919 1129 2998 respondet
1147 2927 1255 2980 noetrae
1274 2919 1357 2982 horn
1379 2938 1462 2982 none
1535 2917 1536 3000 ἐ

391 2999 645 3076 antemeridianae3
674 3007 753 3062 sexta
779 2999 860 3062 horae
884 3001 1080 3078 duodecimae,
1105 3001 1185 3062 unde
1202 3003 1283 3064 circa
1306 3003 1457 3064 meridiem
1535 3001 1536 3072 J

392 3081 565 3144 exsolvenda
588 3088 646 3158 est,
675 3083 755 3159 quod
775 3091 805 3142 et
818 3082 948 3164 hymnus
965 3083 1075 3144 indicat
1095 3081 1142 3144 his
1164 3083 1278 3160 verbis,
1305 3082 1458 3166 splendore
1535 3137 1536 3158 ,

392 3181 479 3226 mane
494 3160 650 3226 illuminet
671 3171 700 3226 et
720 3163 839 3248 iqoibuc
859 3163 1030 3242 nieridiem3
1047 3184 1122 3226 nona
1137 3166 1232 3227 tertiae
1253 3166 1339 3227 horre
1357 3175 1458 3227 nostra
1535 3159 1536 3240 J

391 3245 611 3325 pomeridiano,
624 3255 653 3306 et
663 3245 729 3306 ideo
740 3265 798 3306 non
809 3257 888 3326 ante,
900 3248 951 3308 sed
962 3255 1027 3328 poet
1038 3247 1191 3308 meridiem
1201 3248 1398 3326 persolvenda
1407 3257 1456 3308 eet.
1535 3263 1536 3266 ’

433 3324 474 3408 (5)
495 3331 570 3390 Sunt
583 3329 634 3405 qui
649 3346 665 3387 a
683 3329 826 3389 matutino
838 3338 868 3390 et
887 3329 1024 3390 laudibus
1039 3331 1180 3409 primam,
1199 3337 1267 3390 sunt
1292 3331 1347 3409 qui
1364 3347 1459 3392 omnes
1535 3351 1536 3360 ¹

391 3409 478 3470 liores
500 3409 673 3489 sejungunt,
709 3419 778 3471 sunt
816 3412 866 3490 qui
892 3413 979 3472 simul
1004 3413 1185 3492 conjungunt
1222 3411 1323 3472 omnia
1349 3411 1456 3486 officia,

391 3499 539 3570 queunte
551 3491 703 3552 meridiem
718 3492 934 3572 persolvuntur.
953 3497 994 3557 Ea
1011 3511 1059 3555 rec
1076 3503 1137 3556 tota
1152 3493 1261 3574 pendet
1277 3511 1315 3555 ex
1328 3495 1459 3556 moribus

391 3583 479 3652 atque
492 3591 527 3636 ex
543 3573 657 3654 legibus
671 3575 867 3636 eeclesiarum.

442 3701 472 3804 3.
506 3703 580 3776 Vll.
624 3707 735 3802 Atque
760 3703 832 3780 baec
870 3705 1004 3804 quidem
1032 3710 1200 3804 pertinent
1224 3706 1265 3776 ad
1295 3707 1458 3803 publicam

390 3819 424 3874 et
448 3801 627 3874 solemnem
662 3801 764 3874 divini
788 3803 887 3876 officii
910 3804 1171 3878 celebrationem.
1204 3805 1334 3876 Privata
1364 3809 1458 3877 etiam

393 3917 431 3971 ut
451 3905 539 3974 statis
568 3901 655 3974 boris
680 3903 758 3992 fiat,
794 3901 975 3974 curandum
1002 3919 1070 3994 eet,
1114 3905 1270 4004 quoniam
1298 3929 1336 3975 ea
1369 3927 1458 3974 mens

392 4014 441 4070 est
474 3999 638 4090 ecclesiae,
675 4025 749 4096 quae
776 3999 922 4072 divinum
963 3999 1108 4074 officium
1146 4005 1179 4072 in
1222 4017 1326 4074 certas
1369 4000 1460 4074 boras
