3102 5184
809 439 1029 511 -560-

375 601 539 657 4744747447
552 591 676 654 7477417.
698 588 734 652 de
764 589 847 670 Vir-9.
874 585 973 648 447477.
997 607 1032 648 oo
1056 589 1108 647 :u
1129 605 1162 668 p.
1181 589 1239 650 778
1263 585 1311 648 ed.
1333 587 1399 662 tit,
1421 595 1450 648 et

376 683 406 740 S.
433 676 518 739 Basil.
541 695 588 756 ep.
612 676 668 734 797
687 691 755 733 447.
773 674 792 733 7
811 669 853 732 od
868 605 1055 752 7474777447.
1074 687 1143 732 oon.
1160 673 1200 732 74
1223 680 1245 730 7.
1268 673 1373 752 5444.
1390 673 1451 732 775

375 757 421 820 ed.
443 758 547 819 Paris.
571 757 660 832 7750,
675 763 706 815 47
728 757 759 816 8.
784 755 866 815 77747.
894 771 1001 814 eomm-
1025 751 1059 813 in
1082 751 1199 815 7447477
1221 750 1272 814 ta.
1294 755 1314 814 7
1339 769 1408 834 444.
1433 755 1450 812 5

375 851 397 901 7.
423 843 443 900 4
468 837 522 902 447.
548 841 633 901 5547
690 838 761 898 .69
786 831 1007 898 4784747444
1034 851 1100 918 sap.
1124 836 1144 894 7
1168 837 1231 896 477
1258 833 1400 898 ostam
1425 843 1452 896 47

375 925 435 984 600
451 929 521 984 tom.
541 925 570 982 7.
588 921 646 983 Sed
672 917 827 982 abentibus
840 918 925 978 annis
942 915 1079 980 Chaloed.
1096 918 1226 980 Conniio
1244 936 1313 980 4477.
1339 921 1379 980 ta
1394 916 1448 980 coi.

373 1006 453 1066 7707
477 1011 506 1064 47
529 1006 623 1080 7776,
648 1011 670 1063 7.
693 1005 713 1062 4
738 998 804 1063 ooli.
833 999 955 1071 74777747,
981 999 1126 1060 4444774777
1143 1007 1204 1076 447,
1225 1008 1257 1060 47
1279 1001 1451 1062 7744447444

373 1086 566 1166 quadraginta
580 1103 726 1146 annorum
744 1083 812 1164 eligi
825 1089 958 1161 possent,
972 1099 1061 1160 qnam
1079 1089 1195 1142 4777447
1211 1082 1348 1161 probavit
1362 1085 1451 1144 etiam

372 1187 454 1230 oono.
468 1169 561 1232 l'rull.
577 1187 645 1229 4477.
661 1169 701 1230 74
715 1173 787 1228 74777.
803 1167 821 1225 7
840 1161 895 1226 447.
916 1165 997 1226 tuti
1011 1159 1079 1224 soti.
1095 1163 1203 1225 [rabbei
1217 1174 1248 1226 47
1264 1165 1451 1228 lastinianus

371 1248 488 1312 77444774
510 1253 568 1312 775
584 1269 649 1332 cop.
668 1251 718 1310 75.
741 1253 805 1328 lpse
829 1247 1011 1310 lastinianus
1031 1243 1148 1308 77444774
1170 1249 1189 1307 6
1269 1248 1313 1308 ,6
1331 1247 1365 1306 in
1387 1247 1450 1308 dia-

372 1333 492 1394 conissis
516 1342 632 1395 47747474
708 1331 779 1392 47777
802 1347 946 1390 annonam
969 1330 1024 1399 to,
1056 1347 1146 1405 quam
1169 1348 1233 1392 eam
1255 1347 1302 1392 em
1330 1337 1448 1391 aetatem

371 1415 476 1476 definit
491 1416 522 1476 in
533 1417 569 1476 t.
585 1413 678 1476 9eod.
740 1411 831 1496 epise.
843 1419 872 1472 47
881 1407 965 1486 oter„
980 1411 1005 1470 si
1017 1428 1086 1472 vera
1100 1419 1146 1472 est
1159 1411 1259 1486 44774,
1275 1431 1345 1492 quae
1363 1412 1449 1494 vulgo

370 1497 509 1558 77777747.
525 1501 599 1560 Nam
624 1499 745 1560 Cautius
765 1493 924 1576 legendnm
945 1511 1008 1552 esse
1030 1502 1114 1571 putet
1141 1512 1200 1556 non
1228 1496 1282 1566 50,
1310 1495 1367 1556 sed
1394 1497 1447 1570 60,

372 1588 459 1658 atque
481 1581 521 1640 ita
545 1581 583 1640 477
607 1581 716 1640 erroris
740 1585 770 1639 et
794 1575 979 1658 negligentia
1003 1583 1072 1636 nota
1091 1574 1198 1636 liberat
1219 1577 1447 1653 arthedunum,

372 1663 424 1740 qui
444 1671 523 1723 44774
545 1663 663 1724 liberari
683 1679 743 1724 non
766 1667 873 1738 potest,
894 1659 919 1720 si
946 1657 1109 1718 retineatur
1127 1659 1243 1739 7474474
1263 1659 1448 1738 lectioque

372 1743 420 1804 his
434 1753 624 1824 estoonoepta
639 1743 750 1804 verbis:
764 1737 875 1818 774774,
889 1739 951 1802 77747
964 1738 1088 1802 emmo
1108 1741 1148 1800 to
1171 1741 1261 1803 4777777
1280 1739 1446 1802 meandum

369 1834 553 1908 4444447477
581 1823 717 1908 Apostoli
742 1821 783 1883 nd
809 1821 1051 1884 diaconissarum
1074 1824 1256 1884 consortium
1283 1821 1448 1906 transfero-

372 1917 432 1968 tur.
459 1911 524 1970 Non
548 1909 627 1966 enim
646 1914 828 1988 4744447447
854 1899 991 1986 Apostoli
1015 1923 1107 1964 annos
1129 1906 1370 1989 quinquaqinta,
1396 1906 1446 1966 sod

370 1989 527 2072 4444477774
550 1989 712 2050 4444777477.
733 1991 840 2050 Contra
863 1987 919 2047 sub
941 1987 1076 2048 Nectario
1094 1987 1260 2068 patriarcha
1284 1991 1341 2050 6Ρ.
1359 1989 1447 2048 inisse

372 2071 575 2149 Olympiadem
593 2071 783 2132 diaconissam
801 2069 994 2150 quadraginin
1014 2067 1099 2128 annis
1113 2071 1259 2130 minorem
1276 2069 1377 2130 74777777
1391 2074 1446 2132 So·

372 2172 448 2214 7447.
471 2151 521 2215 tt.
545 2155 564 2212 8
585 2171 611 2213 4.
640 2155 658 2214 9
680 2171 753 2236 pop.
777 2153 849 2214 557.
871 2155 913 2214 Ex
931 2151 1038 2229 4477744
1058 2151 1249 2234 intelligitur,
1277 2169 1336 2212 nou
1353 2170 1446 2212 unam

371 2253 487 2313 semper
503 2235 694 2314 eamdemque
717 2235 849 2316 74447774
863 2234 953 2294 inisse
972 2241 1002 2292 et
1022 2233 1149 2294 47417474
1167 2253 1199 2295 aa
1218 2236 1249 2296 in
1268 2253 1300 2294 re
1317 2235 1444 2314 episcopi

371 2316 494 2378 arbitrio
510 2317 622 2378 datum.
639 2321 711 2394 Qua
725 2317 796 2378 olim
817 2317 848 2376 in
868 2315 1036 2376 diaconissis
1057 2317 1295 2394 requirebantur,
1321 2317 1444 2396 explieat

371 2403 432 2461 iao.
455 2399 653 2461 Gothoiredus
669 2400 702 2460 io
720 2403 876 2459 4447774777.
896 2395 1154 2459 metatura.
1175 2397 1285 2462 777447.
1303 2395 1343 2460 74
1357 2399 1441 2481 episc.
1524 2441 1525 2460 .

371 2489 399 2543 47
411 2478 482 2542 cler.
498 2489 519 2542 t.
538 2484 599 2564 64.
617 2484 632 2542 7
650 2500 690 2562 44
715 2483 776 2541 ,68
791 2477 837 2540 ed.
854 2479 967 2564 Lipsius
978 2479 1069 2540 7754.

412 2561 454 2642 (7)
475 2567 566 2638 Just,
590 2499 710 2642 Novelli
732 2567 751 2624 6
776 2579 844 2643 444.
869 2563 887 2623 6
915 2571 945 2624 47
967 2571 1071 2624 444747
1095 2565 1198 2626 const.
1219 2564 1326 2644 Apost.
1350 2560 1402 2624 ist.
1426 2563 1442 2623 5

371 2665 396 2706 o.
414 2647 464 2721 76,
479 2645 579 2725 ibique
588 2645 679 2708 (intel.
693 2647 760 2707 ΡΡ.
776 2645 879 2726 74477.
894 2653 917 2705 7.
935 2647 950 2705 7
964 2663 1038 2727 paq.
1051 2647 1123 2708 797.

411 2725 453 2808 (5)
475 2731 583 2790 Audon
605 2728 882 2790 nommentariorum
906 2727 938 2786 in
961 2728 1112 2806 opistoias,
1139 2727 1195 2790 sub
1220 2728 1345 2790 nomine
1363 2729 1440 2790 77747.

369 2827 444 2870 omn.
457 2809 490 2869 in
504 2829 550 2891 44.
564 2808 605 2870 47
613 2812 699 2872 Boin.
712 2810 793 2870 XV!
802 2827 831 2868 o.
847 2805 924 2870 7447.
939 2810 999 2871 898
1010 2829 1079 2892 444.
1093 2809 1179 2872 Hier.
1195 2811 1342 2890 tonaii„
1356 2815 1439 2874 6444.
1523 2851 1524 2898 p

370 2890 507 2970 64777744.
524 2895 564 2952 IV
575 2911 642 2952 4477.
657 2895 694 2954 77
708 2889 763 2952 447.
778 2891 857 2952 7498
869 2900 891 2954 7.
908 2887 1006 2954 acolt.
1020 2891 1139 2954 Lahbei.

411 2967 453 3052 (4)
476 2975 505 3035 S.
529 2973 635 3052 Epiph.
663 2977 780 3036 774744.
803 2975 842 3034 79
864 2993 950 3034 num.
981 2975 999 3034 5
1018 2993 1089 3057 pop.
1106 2976 1187 3035 tato
1205 2983 1228 3034 t.
1250 2977 1355 3058 7444.
1375 2971 1440 3037 4777.

370 3051 472 3114 Ρ4474.
498 3055 587 3130 7677,
610 3059 642 3118 8.
665 3055 746 3116 Hier.
769 3056 856 3136 epist.
885 3057 924 3116 ta
944 3053 986 3116 nd
1002 3056 1162 3139 Nepotioo.
1180 3075 1246 3138 444.
1266 3059 1284 3118 5
1306 3056 1366 3120 447.
1385 3059 1441 3119 ata

369 3143 441 3194 74777.
456 3137 484 3210 7,
501 3145 602 3196 444747
618 3140 717 3199 Corui.
732 3139 833 3217 44477.
848 3135 898 3200 tit.
916 3139 971 3199 54.
986 3140 1024 3200 id
1034 3157 1105 3223 444.
1118 3141 1179 3202 790
1191 3137 1246 3202 744.
1262 3138 1319 3208 eit,

409 3214 452 3296 (t)
474 3217 549 3278 Vide
570 3219 661 3280 64747.
689 3217 722 3280 io
745 3221 845 3282 64447.
864 3228 960 3302 apost.
981 3217 1032 3283 tit.
1059 3223 1125 3282 54.
1147 3223 1185 3283 tt
1206 3241 1239 3304 4.
1255 3223 1319 3283 790
1335 3231 1366 3284 47
1379 3225 1439 3285 iac.

373 3297 509 3360 Gothoir.
524 3295 580 3359 loc.
593 3299 643 3362 cit.

408 3377 450 3460 (6)
473 3383 580 3442 444747
597 3401 644 3460 44.
663 3383 701 3442 ad
721 3383 933 3459 Antiocheam,
956 3404 1022 3464 qua
1041 3387 1145 3466 Ignatii
1169 3385 1289 3446 nomino
1314 3389 1443 3448 4774474·

368 3461 464 3523 747747
488 3481 574 3523 77477.
600 3467 638 3524 77
663 3466 741 3544 apud
765 3465 858 3527 64747.
888 3469 954 3527 ΡΡ.
981 3469 1084 3550 74477.
1109 3477 1132 3528 7.
1156 3469 1226 3548 74.
1245 3469 1313 3544 tta,
1338 3477 1442 3530 444747

370 3544 469 3606 Comi.
488 3546 588 3626 dpoat.
614 3544 665 3608 7777.
692 3550 757 3608 74.
786 3550 824 3608 57
846 3567 915 3630 pop.
943 3549 1003 3610 766
1027 3558 1057 3611 47
1073 3547 1123 3611 to.
1140 3553 1159 3610 8
1178 3567 1206 3610 4.
1228 3551 1269 3610 78
1283 3569 1359 3633 pop.
1381 3551 1441 3612 476

368 3623 423 3686 loo.
444 3625 494 3686 477.
516 3629 571 3688 Per
585 3627 689 3706 januas
713 3636 812 3690 447474
839 3630 1038 3712 intelligenda
1058 3641 1127 3692 sunt
1153 3639 1246 3711 447747
1271 3632 1440 3696 interiores.

366 3727 420 3787 447
440 3727 512 3786 quas
533 3707 629 3770 aditus
643 3712 760 3790 44747747
780 3711 817 3772 ad
836 3712 947 3794 ligneos
970 3715 1106 3792 parietes,
1134 3713 1242 3792 quihus
1259 3713 1405 3776 mulieres
1426 3733 1442 3773 a

365 3790 436 3850 viris
447 3791 477 3850 in
489 3791 606 3851 ecclesia
622 3792 840 3854 dividebantur.
855 3795 955 3856 Dioam
967 3814 1000 3855 44
1016 3795 1053 3856 de
1067 3814 1099 3856 re
1114 3796 1171 3856 late
1181 3797 1258 3856 777774
1273 3797 1312 3858 77.

421 3871 451 3951 7)
473 3875 581 3934 Auctor
594 3877 691 3936 647747.
705 3877 805 3958 774447.
820 3873 870 3937 tt.
887 3880 944 3938 74.
960 3879 998 3938 58
1008 3897 1078 3960 444.
1094 3879 1166 3938 770.

420 3955 449 4036 8)
471 3955 649 4017 Diaconissas
667 3959 777 4018 77477474
802 3977 942 4020 mannum
964 3960 1178 4038 impositionem
1202 3962 1350 4039 accepisse
1374 3959 1441 4038 qui·

367 4034 434 4095 darn
456 4047 570 4118 putant,
594 4049 681 4118 atque
708 4059 865 4102 47447474
890 4061 1013 4102 numero
1031 4051 1098 4103 sant
1120 4047 1226 4104 Boron.
1247 4039 1288 4102 nd
1306 4061 1384 4102 4477.
1402 4043 1439 4104 57
1520 4097 1521 4100 ,
