3122 5178
870 467 1065 537 ..74-

431 612 525 684 Veter.
538 619 690 702 scriptor„
709 625 778 680 tam.
798 619 812 680 1
830 636 903 700 pop.
922 619 981 678 1116
995 625 1105 700 etseq„
1123 615 1193 678 edit.
1215 617 1317 678 Paris.
1337 620 1426 680 1715.
1447 623 1497 681 Est

426 713 524 764 autem
535 702 646 763 divisus
656 702 688 760 in
698 699 789 762 libras
797 709 868 775 tres,
877 717 1001 777 quarum
1014 700 1109 778 prima
1128 700 1225 780 agitur
1235 698 1270 760 de
1282 701 1498 763 l’eeoeitcotibus

426 795 452 848 et
466 784 502 846 de
512 782 704 868 poenitentiis,
717 783 808 842 altera
819 777 1000 864 dejedieiis,
1017 783 1105 841 tertia
1116 779 1151 842 de
1162 779 1415 858 ordinationibus,
1427 803 1499 864 pro-

426 865 524 944 dibus,
537 859 861 947 ctofflciiscieticarom
871 862 1181 1006 otqoeoefiseoporom.
1194 867 1269 926 Sunt
1281 874 1311 924 et
1321 864 1385 926 aliae
1396 865 1495 926 callec-

426 951 537 1025 tiancs,
557 966 623 1026 que
637 963 785 1008 canonum
798 945 955 1028 penitenti
986 943 1050 1006 ium
1070 945 1155 1006 titula
1174 945 1388 1017 inscribuntur,
1413 967 1445 1007 aa
1459 948 1499 1008 dc

426 1031 533 1111 quihus
550 1037 640 1109 agunt
653 1027 758 1088 iratres
771 1027 938 1102 Ballcrinii,
956 1027 1007 1104 qui
1023 1028 1139 1108 integra
1154 1036 1222 1087 tom.
1241 1029 1259 1087 5
1274 1029 1298 1088 A
1317 1027 1436 1124 pendia.
1455 1030 1499 1090 cel

426 1133 506 1195 oper.
527 1113 559 1172 S.
575 1110 680 1172 Leonis
700 1112 746 1172 11.
768 1117 895 1170 vetustas
915 1107 1099 1170 collectiones
1113 1109 1246 1170 amnium
1272 1047 1497 1192 dibgenttssime

427 1201 655 1275 persequuntur.

469 1301 511 1382 (1)
532 1299 644 1379 Regina
662 1296 841 1359 prumiensis
854 1295 1020 1359 llonasterii
1035 1295 1131 1357 Abbas
1144 1296 1227 1376 jussu
1241 1297 1374 1360 uadbodt
1393 1301 1499 1360 'lrcvi-

428 1385 522 1444 rensis
542 1379 750 1460 archiepiscopi
774 1397 867 1455 anna,
886 1387 920 1438 ut
943 1377 1073 1439 creditur
1097 1379 1173 1454 906,
1198 1398 1279 1439 suam
1298 1379 1500 1442 collectionem

428 1463 551 1526 absolvit
564 1463 705 1524 tributam
716 1461 747 1522 in
763 1461 854 1522 libros
870 1459 958 1534 duas,
973 1478 1099 1539 quorum
1114 1461 1227 1540 primus
1242 1459 1277 1522 do
1287 1461 1423 1544 personis
1438 1465 1500 1544 agit

428 1544 572 1630 rebusque
585 1541 799 1621 ecclesiasticis,
817 1539 941 1604 altardo
957 1539 1052 1604 boiam
1072 1547 1106 1604 ln
1124 1561 1157 1603 ea
1171 1541 1348 1604 conficiendo
1366 1563 1436 1605 usus
1455 1553 1499 1606 eat

430 1629 598 1690 collectione
621 1627 813 1706 Dionysiana,
834 1625 1002 1703 llispanica,
1023 1633 1052 1684 et
1066 1625 1142 1686 forte
1159 1625 1247 1684 ctiam
1265 1624 1369 1686 lsidori
1388 1629 1502 1688 llleroa-

428 1711 522 1787 tnris‚
538 1709 663 1769 decretis
678 1724 860 1768 summarum
874 1705 1063 1782 Pontificum,
1085 1705 1245 1767 canonibus
1259 1707 1449 1769 conciliorum
1468 1720 1500 1771 et

429 1791 581 1853 sententiis
595 1797 760 1850 sanctarum
775 1789 911 1863 Petrum,
927 1787 1033 1866 qulbus
1048 1788 1136 1848 etiam
1154 1788 1253 1849 civiles
1266 1789 1344 1870 leges
1364 1789 1500 1868 adjunxit

429 1874 534 1952 petitas
548 1880 612 1931 tum
634 1889 671 1931 cx
685 1869 783 1929 radice
797 1867 1015 1946 Theodosiana,
1030 1878 1094 1929 tum
1107 1889 1143 1930 cx
1158 1869 1365 1950 capitularibus
1383 1875 1500 1952 Regitur

430 1959 618 2016 Francorum.
635 1950 841 2014 collectionem
860 1949 935 2010 hana
951 1969 999 2011 au.
1022 1953 1118 2028 1671,
1136 1951 1250 2030 primus
1268 1953 1385 2014 Parisiis
1405 1955 1500 2016 edidit

431 2037 566 2114 natisque
579 2033 736 2094 illustravit
749 2031 915 2124 Stephanus
927 2031 1070 2093 Baluzius.

471 2131 513 2216 (ὅ)
537 2131 650 2194 Prodiit
664 2129 727 2191 hoec
741 2131 870 2223 collectio
884 2131 968 2192 initia
982 2131 1078 2191 seculi
1093 2134 1134 2192 Xl
1149 2130 1299 2210 divisaque
1312 2139 1355 2192 ast
1365 2133 1395 2191 in
1409 2131 1501 2195 libros

433 2215 551 2297 viginti,
563 2223 594 2275 et
604 2211 846 2308 vulgodeeretom
855 2213 1027 2294 appellatur.
1037 2213 1126 2274 ldulta
1135 2229 1170 2274 ex
1181 2215 1330 2294 Regiuane
1339 2213 1503 2294 desumpsit

433 2297 636 2394 eomundus,
652 2313 747 2375 neque
758 2315 820 2374 eJus
831 2304 929 2390 umen
941 2296 1120 2391 mentionem
1131 2294 1217 2371 lecit,
1230 2303 1263 2354 ut
1274 2295 1407 2391 observat
1418 2298 1503 2392 Belu-

432 2374 1502 2538 ttttt‚tebet0l⁰ttttttt¹tttttttttttttmtttte

432 2544 525 2604 veteri
538 2559 672 2621 novoque
680 2549 868 2619 testamenta,
881 2549 968 2619 atque
980 2541 1063 2602 libris
1074 2539 1321 2619 poenitentialibus
1331 2543 1451 2620 acaeprit.

476 2640 518 2724 (b)
540 2641 672 2704 Primum
693 2638 768 2700 illud
792 2658 864 2718 opus
883 2639 1018 2702 llnsalnra
1038 2638 1228 2699 tribuendum
1248 2657 1307 2698 nau
1321 2657 1383 2700 esse
1406 2642 1502 2718 suspi—

435 2733 538 2788 cantur
550 2723 693 2786 hnwnius
705 2722 900 2803 Augustinus,
913 2721 1023 2783 Natalis
1037 2719 1215 2798 Alexander,
1232 2720 1380 2798 Balueius,
1398 2725 1502 2800 ceteri,

434 2809 485 2888 qui
500 2806 627 2867 alterum
642 2803 738 2865 eidem
752 2823 825 2883 opus
838 2802 1018 2863 adscribunt.

478 2910 521 2994 (b)
540 2914 669 2990 Utraque
683 2910 746 2972 hoec
759 2910 888 2970 collectio
903 2909 1030 2988 pertinet
1042 2908 1080 2969 ad
1094 2909 1203 2967 exitum
1218 2908 1314 2968 seculi
1330 2913 1386 2984 Xl,
1402 2912 1506 2971 autad

438 2993 657 3053 initiumsoeculi
666 2995 733 3054 xlt.
745 2989 956 3074 Exceptiaoes
967 2987 1230 3051 ecclesiasticarum
1242 2987 1416 3072 repetierunt
1426 3011 1507 3054 nunc

439 3076 545 3156 vulgus
556 3073 681 3152 appellet
691 3071 847 3148 decretum,
860 3073 939 3152 quad
951 3071 1077 3132 divisum
1087 3079 1130 3132 ost
1142 3071 1269 3131 inlibras
1279 3073 1506 3151 septemdecim

440 3155 623 3232 Poaarmio,
640 3173 706 3233 quoe
719 3153 862 3216 dividitur
877 3156 906 3216 in
919 3153 1009 3216 libras
1019 3162 1099 3229 acta,
1115 3153 1204 3214 veluti
1218 3153 1280 3232 ejus
1297 3157 1507 3233 compendium

435 3249 498 3314 cst,
515 3247 605 3316 atque
616 3237 655 3298 ita
671 3236 780 3297 dicitur
792 3237 874 3316 quasi
888 3255 988 3298 amnes
1003 3235 1231 3315 comprehendat
1245 3253 1362 3298 naroaas
1375 3239 1458 3313 vitae,
1473 3259 1509 3299 ac

439 3321 600 3400 disciptinas
606 3319 814 3380 eccesiastieae.
828 3319 1019 3381 Bellarminus
1030 3316 1174 3398 descript.
1187 3314 1295 3393 coelae,
1310 3325 1380 3378 tam.
1393 3321 1410 3378 7
1422 3338 1508 3402 aper.

436 3422 516 3544 pop&
529 3398 684 3543 1111ἰὶ1ιέ1.
706 3403 870 3464 Venetae.
889 3403 982 3544 177ἒό
999 3409 1028 3460 et
1042 3400 1189 3542 duffiiust
1197 3399 1424 3543 ‘bffiunussde
1437 3405 1512 3544 qdeti·

440 3503 543 3641 Lea&
551 3501 941 3628 clbatbcl.⁰bletcrbbbbr'llbbtbb.
954 3501 1130 3625 eccbbbsoeo.
1143 3499 1376 3646 lbppendibbnod
1384 3495 1510 3627 initii.

442 3651 483 3710 hb
496 3665 581 3708 oona.
598 3647 696 3728 9pop.
714 3649 770 3708 101
789 3654 858 3708 tant.
876 3648 908 3724 5,
928 3645 997 3707 edit.
1020 3649 1117 3707 Venet.
1135 3663 1185 3704 on.
1204 3647 1359 3720 1776310.
1378 3649 1513 3724 napusu

443 3729 575 3793 Bartolus
585 3728 720 3792 Institot.
727 3727 795 3812 jur.
808 3747 913 3790 eonon.
927 3747 993 3810 cap.
1008 3729 1062 3798 523
1077 3731 1202 3790 loannes
1211 3727 1375 3802 llolineus,
1387 3729 1438 3806 qui
1450 3735 1515 3808 pri-

338 3817 342 3822 '
440 3831 523 3874 mum
537 3811 654 3874 Lovsnii
669 3828 716 3870 an.
735 3813 810 3871 1661
825 3809 974 3872 decretum
986 3809 1095 3885 edidit,
1108 3809 1141 3870 in
1149 3807 1272 3892 proefot.
1280 3856 1289 3886 ,
1306 3809 1413 3888 aliique
1427 3829 1514 3874 cour-

440 3896 539 3975 plures
551 3893 716 3970 disputant,
730 3911 802 3954 num
816 3895 866 3953 lva
881 3893 1042 3954 Panormus
1058 3899 1158 3951 auctor
1168 3909 1267 3950 revera
1281 3891 1329 3950 sit.
1344 3891 1512 3954 Barchartli

440 3988 469 4037 et
485 3977 580 4038 lvanis
591 3973 680 4035 fidem
695 3983 835 4054 sequutus
846 3975 1001 4038 Gratianus
1013 3974 1042 4034 in
1054 3973 1159 4034 iisdem
1173 3973 1276 4033 erratis
1287 3972 1385 4048 haesit,
1399 3976 1513 4053 inques

438 4060 492 4137 ipsi
508 4057 624 4139 pridem
637 4057 812 4119 inciderant.
849 4147 855 4159 ·
