3102 5184
340 621 391 700 qui
409 617 548 699 peculiari
566 617 642 679 libro
657 619 794 680 Panormi
810 617 889 680 edito
907 635 985 679 anno
1000 617 1080 680 totu
1096 615 1252 678 materiam
1264 613 1338 678 banc
1349 615 1426 680 base

361 702 539 762 crtrnctavit.
1310 755 1315 766 ,

341 723 359 781 p
379 783 421 864 (ὅ)
448 780 673 862 «Exspectanda
684 788 739 860 est,
751 781 849 860 inquit
863 785 893 845 S.
907 781 966 846 Tb.
981 802 1012 868 q.
1030 785 1069 844 68
1083 790 1145 844 ort.
1162 784 1196 843 tr
1215 779 1257 842 cd
1271 782 1301 858 4,
1317 782 1426 844 totalis

341 865 467 947 egressio
483 865 567 943 pueri
586 881 621 924 ex
637 871 723 924 utero
742 863 780 926 ed
797 863 993 944 baptismum,
1022 865 1078 926 nisi
1098 883 1178 926 mors
1201 864 1364 926 immineat.
1386 865 1424 928 Si

341 958 439 1009 tamen
454 947 550 1026 primo
566 955 653 1026 caput
673 945 857 1028 egrediatur,
879 945 911 1008 in
929 966 989 1027 quo
1003 947 1169 1010 fundantur
1182 961 1285 1008 omncs
1302 963 1425 1022 sensus,

341 1030 428 1090 debet
449 1029 607 1108 baptizari,
622 1029 752 1107 periculo
769 1027 957 1090 imminente:
982 1037 1012 1090 et
1027 1048 1086 1090 non
1104 1037 1149 1091 est
1166 1037 1266 1107 postca
1286 1027 1427 1108 rebapti-

341 1111 468 1188 zandus,
496 1111 520 1171 si
543 1128 611 1172 eum
632 1111 760 1190 perfecte
780 1111 859 1172 nasci
878 1111 1045 1192 contigerit.
1072 1115 1109 1174 Et
1133 1109 1253 1172 ridetur
1274 1109 1355 1170 idem
1372 1111 1427 1171 ia-

342 1193 495 1268 ciendum,
514 1211 706 1272 quoecumque
722 1191 778 1254 alio
795 1211 863 1272 pars
877 1193 1061 1275 egrediatur,
1085 1192 1215 1272 periculo
1230 1191 1423 1253 imminente.

341 1277 415 1352 Quia
436 1283 534 1335 tamen
552 1277 583 1336 in
604 1273 684 1335 nulla
698 1273 878 1337 exteriorum
894 1276 1023 1354 partium
1040 1275 1193 1356 integritas
1207 1273 1276 1334 vitm
1293 1273 1333 1332 ita
1344 1291 1425 1334 con—

342 1359 418 1419 sistit
440 1357 515 1418 sicut
540 1358 570 1417 in
591 1357 696 1437 cupite,
712 1357 831 1418 videtur
852 1357 1029 1437 quibusdam
1050 1358 1130 1436 quod
1145 1365 1266 1436 propter
1279 1353 1424 1432 dubium,

342 1457 525 1518 quacumque
544 1439 599 1500 alia
619 1445 702 1519 parte
723 1439 853 1520 corporis
874 1439 986 1517 abluta,
1005 1457 1080 1519 puer
1102 1447 1169 1520 post
1189 1437 1350 1516 perfectam
1364 1457 1426 1498 nn-

342 1522 487 1583 tiritatem
510 1521 549 1582 sit
568 1521 759 1602 baptizandus
782 1522 838 1583 sub
859 1519 914 1582 buc
933 1523 1042 1583 torma:
1062 1521 1086 1582 si
1105 1539 1164 1582 non
1190 1539 1222 1581 es
1242 1519 1422 1599 baptisatus,

343 1622 397 1684 ego
407 1612 438 1664 te
452 1603 577 1682 baptiso.
591 1631 603 1659 u
622 1605 815 1666 Corinentiuut
828 1603 935 1665 rituale
945 1607 1031 1666 Rom.
1046 1603 1093 1664 tit.
1109 1621 1147 1664 ne
1156 1600 1268 1684 baptis.
1280 1599 1427 1684 parcat,-

343 1695 372 1746 et
384 1685 591 1747 instructiones
604 1691 634 1749 S.
650 1687 745 1749 Caroli
760 1689 844 1748 Borr.
858 1695 918 1748 cot.
934 1683 1002 1748 ecel.
1019 1683 1142 1749 Medici.
1157 1704 1227 1768 por.
1242 1687 1293 1766 sp
1337 1686 1426 1746 422

341 1765 368 1849 §.
383 1767 418 1829 Si
430 1787 498 1828 cero
510 1765 615 1849 foetus,
631 1776 702 1830 tom.
720 1771 735 1830 t
753 1766 823 1830 edit.
840 1769 963 1831 Pctooii
977 1770 1068 1830 4744.
1086 1767 1210 1832 Consule
1224 1771 1285 1830 Ben
1325 1767 1422 1829 ictum

344 1853 430 1926 xlv,
445 1851 496 1994 poi
515 1867 548 1910 eo
566 1851 649 1912 dere
662 1851 777 1931 copiose
791 1850 920 1931 disputat
933 1848 969 1912 tie
981 1848 1096 1935 synod.
1112 1847 1198 1912 dice.
1214 1847 1265 1910 tb.
1282 1851 1386 1932 ieap.
1403 1851 1422 1910 b

345 1949 430 1992 num.
477 1939 531 1993 ets
569 1977 577 1992 .

385 2012 428 2092 (4)
449 1949 591 2090 QuodeXe
610 2013 781 2093 perentibus
794 2011 875 2091 dico,
894 2013 973 2076 idem
993 2015 1082 2075 etiarn
1096 2011 1210 2074 dictum
1230 2013 1296 2074 volo
1319 2012 1358 2075 de
1372 2021 1426 2074 tu-

345 2095 471 2174 toribus,
488 2095 539 2174 qui
558 2115 625 2157 cum
644 2105 800 2176 parentum
817 2097 880 2158 loeo
894 2097 1061 2173 obtineant,
1087 2113 1190 2156 eorum
1214 2113 1333 2175 qnoque
1348 2114 1425 2156 eon-
1520 2105 1521 2126 ³

344 2195 445 2238 sensus
457 2179 634 2256 requiritur,
650 2186 685 2239 ut
699 2180 891 2240 iiebroeorum
905 2180 1030 2240 inientes
1044 2179 1240 2258 baptizentur.
1257 2179 1423 2253 Quaesitum

345 2268 403 2335 est,
426 2277 498 2320 num
522 2279 594 2321 avus
615 2267 753 2340 paternus
774 2279 900 2340 puerum
922 2261 1090 2339 hebreum,
1111 2260 1211 2320 invitis
1235 2259 1422 2338 parentibus,
1520 2281 1521 2328 i

344 2341 488 2420 baptismo
499 2340 605 2404 oiicrre
616 2344 716 2421 possit.
733 2345 851 2404 Constat
865 2343 896 2404 id
909 2351 989 2404 rmte
1001 2343 1080 2420 fleri,
1094 2343 1119 2404 si
1134 2359 1209 2421 puer
1221 2349 1338 2422 patrem
1350 2343 1422 2403 ami·

346 2423 432 2499 serit,
454 2442 488 2484 ac
508 2433 632 2486 matrem
657 2424 763 2485 babeat
785 2425 1021 2504 dissentientem
1035 2427 1108 2504 quin
1130 2425 1219 2484 etiam
1237 2424 1422 2497 multisunt,

346 2506 397 2584 qui
409 2505 488 2568 idem
505 2505 571 2568 tieri
586 2525 669 2587 posse
679 2505 856 2585 defendunt,
873 2527 940 2570 cum
954 2509 1040 2570 ambo
1055 2514 1191 2586 parentes
1204 2506 1328 2585 sospites
1342 2515 1422 2580 sunt,

346 2589 473 2651 etambo
495 2589 682 2651 dissentiunt.
699 2589 822 2653 Gravior
847 2589 884 2652 de
909 2590 973 2652 avio
990 2598 1111 2670 paterna
1133 2589 1332 2650 controversia
1354 2589 1422 2662 iuit,

347 2690 435 2750 quam
446 2670 580 2733 definivit
591 2677 662 2734 Bon.
679 2675 749 2735 XIV
760 2671 953 2733 litterisdatis
965 2673 1002 2734 ad
1013 2677 1095 2736 reu.
1112 2673 1193 2733 Hier.
1210 2672 1255 2733 (iu
1276 2671 1423 2744 lieimnm,

348 2773 414 2832 quse
435 2760 549 2816 metant
560 2755 594 2816 ia
606 2753 672 2838 ejus
684 2749 769 2816 nott.
785 2761 879 2816 cocat.
894 2757 1017 2816 littero.
1033 2757 1051 2816 5
1065 2773 1137 2837 pop.
1154 2753 1214 2814 259
1235 2689 1310 2815 eXit.
1323 2755 1425 2815 Rome

347 2853 399 2896 aea
431 2837 544 2914 Vocet,
569 2845 598 2898 et
622 2835 730 2916 quibus
750 2843 892 2897 statutum
915 2845 970 2914 est,
995 2838 1090 2898 ariam
1119 2843 1271 2916 paternum
1297 2853 1425 2915 puemm

348 2917 499 2978 hebraeum
517 2919 661 2998 baptismo
682 2917 790 2978 offerre
814 2937 911 2996 posse,
935 2937 1113 2998 quemquam
1136 2925 1232 2978 mater
1252 2924 1424 2998 tutoresque

348 2999 530 3060 dissentiant.
548 3001 625 3063 Vide
644 3001 791 3061 laudatam
816 3001 915 3062 Corui.
943 3003 982 3062 bt
1002 3009 1033 3061 ct
1053 3002 1175 3063 alteram
1192 2999 1327 3078 ejusdem
1351 3005 1421 3063 ben.

351 3081 450 3144 Oonst.
468 3083 507 3142 28
520 3099 591 3164 pop.
608 3085 666 3144 tto
681 3080 746 3165 ejus
758 3079 843 3143 nott.
860 3091 930 3145 mm.
945 3085 975 3161 2,
999 3083 1050 3144 nbi
1065 3083 1103 3144 de
1122 3082 1267 3162 baptismo
1282 3081 1423 3144 flebrmo-

348 3181 415 3224 rum
434 3173 498 3224 tum
510 3163 678 3241 infantium,
703 3174 767 3226 tum
787 3164 955 3226 admocum
973 3165 1030 3227 lutc
1054 3167 1151 3248 egitur
1173 3173 1204 3227 et
1223 3165 1336 3246 omnia,
1361 3181 1424 3247 qne

349 3245 387 3307 ad
402 3245 477 3308 banc
488 3248 641 3309 materiam
653 3249 816 3327 pertinent,
828 3256 962 3309 accurate
973 3248 1160 3312 evolvuntur.

397 3450 428 3554 ξ.
472 3451 598 3526 XXIX.
652 3451 765 3526 Adulti
807 3455 969 3554 baptismo
1012 3481 1082 3529 non
1124 3455 1311 3548 donantur,
1364 3458 1423 3530 nisi

349 3551 444 3624 illum
477 3579 535 3624 sua
571 3567 689 3648 sponte
715 3569 847 3650 munt,
878 3557 1035 3652 quoniam
1070 3557 1195 3626 nemini
1219 3553 1262 3626 ad
1290 3555 1425 3627 creden·

351 3651 431 3723 dum
461 3653 507 3724 ris
534 3649 703 3723 inserenda
731 3668 778 3722 ert
806 3651 886 3820 Si),
917 3679 1026 3752 neque
1050 3669 1285 3751 competunt,
1316 3657 1425 3725 statim

351 3749 550 3849 baptismum
574 3749 745 3840 obtinent,
772 3775 805 3822 se
857 3753 1002 3848 primum
1028 3751 1107 3824 fidei
1127 3751 1314 3823 rudimenta
1343 3751 1425 3824 edo·

351 3865 490 3938 centur,
523 3847 612 3921 unde
635 3848 757 3920 factum
781 3851 1092 3923 catechumenorum
1121 3876 1288 3923 nomena
1317 3874 1424 3945 graeoo

354 3947 453 4020 verbo
469 3960 675 4032 κατηχεισθιιι
695 3951 831 4037 docere,
853 3951 1006 4023 erudire.
1033 3947 1137 4019 Vetus
1153 3949 1223 4021 haec
1242 3965 1293 4020 est
1318 3949 1423 4022 eccle·

353 4047 407 4117 siae
446 4042 664 4132 consuetudo,
695 4064 733 4120 ut
775 4045 877 4121 adulti
913 4048 952 4118 ad
1003 4047 1202 4144 baptismum
1246 4047 1418 4132 accedunt,
