<?xml version="1.0" encoding="UTF-8"?>
<!DOCTYPE html PUBLIC "-//W3C//DTD XHTML 1.0 Transitional//EN"
    "http://www.w3.org/TR/xhtml1/DTD/xhtml1-transitional.dtd">
<html xmlns="http://www.w3.org/1999/xhtml" xml:lang="en" lang="en">
 <head>
  <title>
</title>
<meta http-equiv="Content-Type" content="text/html;charset=utf-8" />
  <meta name='ocr-system' content='tesseract 3.04.00' />
  <meta name='ocr-capabilities' content='ocr_page ocr_carea ocr_par ocr_line ocrx_word'/>
</head>
<body>
  <div class='ocr_page' id='page_1' title='image "./institutionumca00devogoog_0604.png"; bbox 0 0 3142 5188; ppageno 0'>
   <div class='ocr_carea' id='block_1_1' title="bbox 519 455 738 526">
    <p class='ocr_par' dir='ltr' id='par_1_1' title="bbox 519 455 738 526">
     <span class='ocr_line' id='line_1_1' title="bbox 519 455 738 526; baseline 0 0"><span class='ocrx_word' id='word_1_1' title='bbox 519 455 738 526; x_wconf 79' lang='grc'>-605-</span> 
     </span>
    </p>
   </div>
   <div class='ocr_carea' id='block_1_2' title="bbox 147 599 1160 896">
    <p class='ocr_par' dir='ltr' id='par_1_2' title="bbox 147 599 1160 896">
     <span class='ocr_line' id='line_1_2' title="bbox 211 599 1160 699; baseline 0.001 -26"><span class='ocrx_word' id='word_1_2' title='bbox 211 625 242 673; x_wconf 82' lang='lat' dir='ltr'><strong>ss</strong></span> <span class='ocrx_word' id='word_1_3' title='bbox 286 599 510 674; x_wconf 83' lang='lat' dir='ltr'><strong>convertendis</strong></span> <span class='ocrx_word' id='word_1_4' title='bbox 548 601 601 698; x_wconf 83' lang='grc'>(4)</span> <span class='ocrx_word' id='word_1_5' title='bbox 637 618 671 672; x_wconf 87' lang='lat' dir='ltr'><strong>et</strong></span> <span class='ocrx_word' id='word_1_6' title='bbox 715 627 848 692; x_wconf 90' lang='lat' dir='ltr'><strong>eorum,</strong></span> <span class='ocrx_word' id='word_1_7' title='bbox 890 628 928 674; x_wconf 83' lang='lat' dir='ltr'><strong>oc</strong></span> <span class='ocrx_word' id='word_1_8' title='bbox 982 607 1160 699; x_wconf 65' lang='lat' dir='ltr'><strong>presertim</strong></span> 
     </span>
     <span class='ocr_line' id='line_1_3' title="bbox 187 698 1160 799; baseline 0.006 -31"><span class='ocrx_word' id='word_1_9' title='bbox 187 699 302 769; x_wconf 60' lang='lat' dir='ltr'><strong>centini</strong></span> <span class='ocrx_word' id='word_1_10' title='bbox 325 698 564 789; x_wconf 82' lang='lat' dir='ltr'><strong>munificentie,</strong></span> <span class='ocrx_word' id='word_1_11' title='bbox 589 727 673 797; x_wconf 87' lang='lat' dir='ltr'><strong>que,</strong></span> <span class='ocrx_word' id='word_1_12' title='bbox 695 715 829 796; x_wconf 88' lang='lat' dir='ltr'><strong>sumptu</strong></span> <span class='ocrx_word' id='word_1_13' title='bbox 845 725 920 772; x_wconf 88' lang='lat' dir='ltr'><strong>vere</strong></span> <span class='ocrx_word' id='word_1_14' title='bbox 942 705 1048 798; x_wconf 79' lang='lat' dir='ltr'><strong>regio,</strong></span> <span class='ocrx_word' id='word_1_15' title='bbox 1067 729 1160 799; x_wconf 83' lang='lat' dir='ltr'><strong>meg·</strong></span> 
     </span>
     <span class='ocr_line' id='line_1_4' title="bbox 147 797 819 896; baseline -0.003 -28"><span class='ocrx_word' id='word_1_16' title='bbox 147 800 338 869; x_wconf 55' lang='lat' dir='ltr'><strong>,centissims</strong></span> <span class='ocrx_word' id='word_1_17' title='bbox 363 798 485 896; x_wconf 88' lang='lat' dir='ltr'><strong>templa</strong></span> <span class='ocrx_word' id='word_1_18' title='bbox 501 801 635 870; x_wconf 81' lang='lat' dir='ltr'><strong>excitate</strong></span> <span class='ocrx_word' id='word_1_19' title='bbox 655 814 732 869; x_wconf 88' lang='lat' dir='ltr'><strong>sunt</strong></span> <span class='ocrx_word' id='word_1_20' title='bbox 753 797 819 895; x_wconf 77' lang='grc' dir='ltr'>(ὅ).</span> 
     </span>
    </p>
   </div>
   <div class='ocr_carea' id='block_1_3' title="bbox 95 985 1208 3857">
    <p class='ocr_par' dir='ltr' id='par_1_3' title="bbox 95 985 1169 2199">
     <span class='ocr_line' id='line_1_5' title="bbox 137 985 1161 1071; baseline 0.005 -21"><span class='ocrx_word' id='word_1_21' title='bbox 137 985 181 1068; x_wconf 79' lang='lat' dir='ltr'><strong>(l)</strong></span> <span class='ocrx_word' id='word_1_22' title='bbox 202 991 308 1050; x_wconf 83' lang='lat' dir='ltr'><strong>Boron.</strong></span> <span class='ocrx_word' id='word_1_23' title='bbox 323 985 374 1050; x_wconf 91' lang='lat' dir='ltr'><strong>od.</strong></span> <span class='ocrx_word' id='word_1_24' title='bbox 391 1007 463 1049; x_wconf 80' lang='lat' dir='ltr'><strong>ccc.</strong></span> <span class='ocrx_word' id='word_1_25' title='bbox 478 990 532 1049; x_wconf 83' lang='grc'><strong>671</strong></span> <span class='ocrx_word' id='word_1_26' title='bbox 550 1007 635 1050; x_wconf 82' lang='lat' dir='ltr'><strong>cum.</strong></span> <span class='ocrx_word' id='word_1_27' title='bbox 652 990 692 1050; x_wconf 86' lang='grc'>84</span> <span class='ocrx_word' id='word_1_28' title='bbox 702 1007 775 1071; x_wconf 78' lang='lat' dir='ltr'><strong>pop.</strong></span> <span class='ocrx_word' id='word_1_29' title='bbox 791 990 852 1050; x_wconf 84' lang='grc'><strong>446</strong></span> <span class='ocrx_word' id='word_1_30' title='bbox 866 995 935 1050; x_wconf 86' lang='lat' dir='ltr'><strong>tem.</strong></span> <span class='ocrx_word' id='word_1_31' title='bbox 953 990 967 1049; x_wconf 92' lang='lat' dir='ltr'><strong>l</strong></span> <span class='ocrx_word' id='word_1_32' title='bbox 985 987 1056 1051; x_wconf 82' lang='lat' dir='ltr'><strong>edit.</strong></span> <span class='ocrx_word' id='word_1_33' title='bbox 1071 993 1161 1056; x_wconf 69' lang='lat' dir='ltr'><strong>ducor</strong></span> 
     </span>
     <span class='ocr_line' id='line_1_6' title="bbox 96 1067 1163 1152; baseline 0.006 -22"><span class='ocrx_word' id='word_1_34' title='bbox 96 1071 213 1149; x_wconf 82' lang='lat' dir='ltr'><strong>copiose</strong></span> <span class='ocrx_word' id='word_1_35' title='bbox 237 1070 462 1148; x_wconf 82' lang='lat' dir='ltr'><strong>demonstravit,</strong></span> <span class='ocrx_word' id='word_1_36' title='bbox 477 1067 614 1152; x_wconf 70' lang='lat' dir='ltr'><strong>{ccclesias</strong></span> <span class='ocrx_word' id='word_1_37' title='bbox 633 1071 767 1150; x_wconf 92' lang='lat' dir='ltr'><strong>pluribus</strong></span> <span class='ocrx_word' id='word_1_38' title='bbox 789 1071 883 1150; x_wconf 90' lang='lat' dir='ltr'><strong>iisque</strong></span> <span class='ocrx_word' id='word_1_39' title='bbox 906 1071 1056 1132; x_wconf 90' lang='lat' dir='ltr'><strong>ditissimis</strong></span> <span class='ocrx_word' id='word_1_40' title='bbox 1075 1092 1163 1136; x_wconf 82' lang='lat' dir='ltr'><strong>orno-</strong></span> 
     </span>
     <span class='ocr_line' id='line_1_7' title="bbox 95 1153 1162 1231; baseline 0.007 -19"><span class='ocrx_word' id='word_1_41' title='bbox 95 1153 206 1213; x_wconf 84' lang='lat' dir='ltr'>mentis</span> <span class='ocrx_word' id='word_1_42' title='bbox 219 1153 378 1231; x_wconf 78' lang='lat' dir='ltr'><strong>antiquitus</strong></span> <span class='ocrx_word' id='word_1_43' title='bbox 392 1153 481 1213; x_wconf 87' lang='lat' dir='ltr'><strong>fnisse</strong></span> <span class='ocrx_word' id='word_1_44' title='bbox 495 1153 626 1213; x_wconf 79' lang='lat' dir='ltr'><strong>refertos.</strong></span> <span class='ocrx_word' id='word_1_45' title='bbox 643 1155 689 1214; x_wconf 87' lang='lat' dir='ltr'><strong>Jo.</strong></span> <span class='ocrx_word' id='word_1_46' title='bbox 706 1155 796 1214; x_wconf 87' lang='lat' dir='ltr'><strong>llenr.</strong></span> <span class='ocrx_word' id='word_1_47' title='bbox 824 1153 920 1214; x_wconf 84' lang='lat' dir='ltr'><strong>Ottius</strong></span> <span class='ocrx_word' id='word_1_48' title='bbox 934 1154 1116 1218; x_wconf 80' lang='lat' dir='ltr'><strong>calvinianus</strong></span> <span class='ocrx_word' id='word_1_49' title='bbox 1131 1158 1162 1219; x_wconf 90' lang='lat' dir='ltr'><strong>iu</strong></span> 
     </span>
     <span class='ocr_line' id='line_1_8' title="bbox 96 1231 1164 1319; baseline 0.006 -25"><span class='ocrx_word' id='word_1_50' title='bbox 96 1234 192 1312; x_wconf 85' lang='lat' dir='ltr'><strong>libro,</strong></span> <span class='ocrx_word' id='word_1_51' title='bbox 214 1235 260 1294; x_wconf 90' lang='lat' dir='ltr'><strong>cui</strong></span> <span class='ocrx_word' id='word_1_52' title='bbox 279 1235 399 1295; x_wconf 82' lang='lat' dir='ltr'><strong>titulus:</strong></span> <span class='ocrx_word' id='word_1_53' title='bbox 426 1236 563 1296; x_wconf 76' lang='lat' dir='ltr'><strong>Examen</strong></span> <span class='ocrx_word' id='word_1_54' title='bbox 581 1243 758 1318; x_wconf 79' lang='lat' dir='ltr'><strong>perpetuum</strong></span> <span class='ocrx_word' id='word_1_55' title='bbox 777 1231 1116 1319; x_wconf 67' lang='lat' dir='ltr'><strong>leterico-cleonymus</strong></span> <span class='ocrx_word' id='word_1_56' title='bbox 1131 1239 1164 1300; x_wconf 82' lang='lat' dir='ltr'><strong>t‘n</strong></span> 
     </span>
     <span class='ocr_line' id='line_1_9' title="bbox 96 1313 1165 1394; baseline 0.003 -16"><span class='ocrx_word' id='word_1_57' title='bbox 96 1314 185 1378; x_wconf 83' lang='lat' dir='ltr'><strong>card.</strong></span> <span class='ocrx_word' id='word_1_58' title='bbox 201 1317 331 1378; x_wconf 78' lang='lat' dir='ltr'><strong>Burouii</strong></span> <span class='ocrx_word' id='word_1_59' title='bbox 352 1313 494 1394; x_wconf 79' lang='lat' dir='ltr'><strong>conules,</strong></span> <span class='ocrx_word' id='word_1_60' title='bbox 517 1335 584 1378; x_wconf 88' lang='lat' dir='ltr'><strong>eum</strong></span> <span class='ocrx_word' id='word_1_61' title='bbox 602 1317 736 1378; x_wconf 79' lang='lat' dir='ltr'><strong>refellere</strong></span> <span class='ocrx_word' id='word_1_62' title='bbox 748 1325 867 1378; x_wconf 83' lang='lat' dir='ltr'><strong>conotus</strong></span> <span class='ocrx_word' id='word_1_63' title='bbox 887 1323 941 1377; x_wconf 89' lang='lat' dir='ltr'><strong>est.</strong></span> <span class='ocrx_word' id='word_1_64' title='bbox 959 1317 1016 1379; x_wconf 85' lang='lat' dir='ltr'><strong>Sed</strong></span> <span class='ocrx_word' id='word_1_65' title='bbox 1030 1338 1064 1379; x_wconf 81' lang='lat' dir='ltr'><strong>eu</strong></span> <span class='ocrx_word' id='word_1_66' title='bbox 1083 1321 1114 1380; x_wconf 89' lang='lat' dir='ltr'><strong>in</strong></span> <span class='ocrx_word' id='word_1_67' title='bbox 1130 1340 1165 1381; x_wconf 90' lang='lat' dir='ltr'><strong>re</strong></span> 
     </span>
     <span class='ocr_line' id='line_1_10' title="bbox 97 1397 1164 1479; baseline 0.005 -21"><span class='ocrx_word' id='word_1_68' title='bbox 97 1416 173 1477; x_wconf 89' lang='lat' dir='ltr'><strong>opus</strong></span> <span class='ocrx_word' id='word_1_69' title='bbox 194 1397 250 1458; x_wconf 87' lang='lat' dir='ltr'><strong>hoc</strong></span> <span class='ocrx_word' id='word_1_70' title='bbox 268 1417 402 1460; x_wconf 91' lang='lat' dir='ltr'><strong>errorum</strong></span> <span class='ocrx_word' id='word_1_71' title='bbox 425 1407 454 1459; x_wconf 89' lang='lat' dir='ltr'><strong>et</strong></span> <span class='ocrx_word' id='word_1_72' title='bbox 473 1399 650 1479; x_wconf 77' lang='lat' dir='ltr'><strong>ineptiarum</strong></span> <span class='ocrx_word' id='word_1_73' title='bbox 669 1399 807 1460; x_wconf 82' lang='lat' dir='ltr'><strong>refutavit</strong></span> <span class='ocrx_word' id='word_1_74' title='bbox 825 1399 1001 1460; x_wconf 83' lang='lat' dir='ltr'><strong>lllurctorius</strong></span> <span class='ocrx_word' id='word_1_75' title='bbox 1025 1398 1098 1462; x_wconf 72' lang='lat' dir='ltr'><strong>diss.</strong></span> <span class='ocrx_word' id='word_1_76' title='bbox 1126 1405 1164 1462; x_wconf 93' lang='grc'><strong>16</strong></span> 
     </span>
     <span class='ocr_line' id='line_1_11' title="bbox 98 1477 1163 1564; baseline 0.003 -24"><span class='ocrx_word' id='word_1_77' title='bbox 98 1479 150 1542; x_wconf 88' lang='lat' dir='ltr'><strong>od.</strong></span> <span class='ocrx_word' id='word_1_78' title='bbox 167 1477 240 1541; x_wconf 87' lang='lat' dir='ltr'><strong>calc.</strong></span> <span class='ocrx_word' id='word_1_79' title='bbox 252 1499 321 1564; x_wconf 90' lang='lat' dir='ltr'><strong>opp.</strong></span> <span class='ocrx_word' id='word_1_80' title='bbox 336 1481 368 1542; x_wconf 89' lang='lat' dir='ltr'><strong>S.</strong></span> <span class='ocrx_word' id='word_1_81' title='bbox 379 1477 504 1542; x_wconf 78' lang='lat' dir='ltr'><strong><em>Paulini</em></strong></span> <span class='ocrx_word' id='word_1_82' title='bbox 510 1500 585 1564; x_wconf 83' lang='lat' dir='ltr'><strong>pop.</strong></span> <span class='ocrx_word' id='word_1_83' title='bbox 602 1483 662 1542; x_wconf 78' lang='grc'>854</span> <span class='ocrx_word' id='word_1_84' title='bbox 672 1499 733 1564; x_wconf 83' lang='lat' dir='ltr'><strong>seq.</strong></span> <span class='ocrx_word' id='word_1_85' title='bbox 749 1480 796 1543; x_wconf 86' lang='lat' dir='ltr'><strong>ed.</strong></span> <span class='ocrx_word' id='word_1_86' title='bbox 813 1480 875 1557; x_wconf 82' lang='lat' dir='ltr'><strong>cit,</strong></span> <span class='ocrx_word' id='word_1_87' title='bbox 889 1480 939 1541; x_wconf 93' lang='lat' dir='ltr'><strong>ubi</strong></span> <span class='ocrx_word' id='word_1_88' title='bbox 953 1480 1011 1540; x_wconf 83' lang='lat' dir='ltr'><strong>lete</strong></span> <span class='ocrx_word' id='word_1_89' title='bbox 1023 1483 1163 1559; x_wconf 82' lang='lat' dir='ltr'><strong>ostendit,</strong></span> 
     </span>
     <span class='ocr_line' id='line_1_12' title="bbox 99 1561 1167 1644; baseline 0.001 -20"><span class='ocrx_word' id='word_1_90' title='bbox 99 1581 191 1642; x_wconf 83' lang='lat' dir='ltr'><strong>quem</strong></span> <span class='ocrx_word' id='word_1_91' title='bbox 209 1583 312 1644; x_wconf 76' lang='lat' dir='ltr'><strong>magne</strong></span> <span class='ocrx_word' id='word_1_92' title='bbox 331 1571 359 1622; x_wconf 87' lang='lat' dir='ltr'><strong>et</strong></span> <span class='ocrx_word' id='word_1_93' title='bbox 378 1581 466 1641; x_wconf 86' lang='lat' dir='ltr'><strong>quam</strong></span> <span class='ocrx_word' id='word_1_94' title='bbox 483 1561 637 1644; x_wconf 72' lang='lat' dir='ltr'><strong>magnifice</strong></span> <span class='ocrx_word' id='word_1_95' title='bbox 654 1563 765 1624; x_wconf 78' lang='lat' dir='ltr'><strong>luerim</strong></span> <span class='ocrx_word' id='word_1_96' title='bbox 782 1564 967 1642; x_wconf 81' lang='lat' dir='ltr'><strong>antiquorum</strong></span> <span class='ocrx_word' id='word_1_97' title='bbox 981 1564 1167 1625; x_wconf 80' lang='lat' dir='ltr'><strong>eeclesiarum</strong></span> 
     </span>
     <span class='ocr_line' id='line_1_13' title="bbox 99 1641 1168 1708; baseline 0.004 -4"><span class='ocrx_word' id='word_1_98' title='bbox 99 1654 283 1706; x_wconf 75' lang='lat' dir='ltr'><strong>ornamento.</strong></span> <span class='ocrx_word' id='word_1_99' title='bbox 302 1645 408 1707; x_wconf 87' lang='lat' dir='ltr'><strong>Confer</strong></span> <span class='ocrx_word' id='word_1_100' title='bbox 423 1647 510 1706; x_wconf 87' lang='lat' dir='ltr'><strong>etism</strong></span> <span class='ocrx_word' id='word_1_101' title='bbox 529 1645 572 1708; x_wconf 88' lang='lat' dir='ltr'><strong>Cl.</strong></span> <span class='ocrx_word' id='word_1_102' title='bbox 592 1645 784 1708; x_wconf 83' lang='lat' dir='ltr'><strong>llemschium</strong></span> <span class='ocrx_word' id='word_1_103' title='bbox 799 1642 847 1706; x_wconf 82' lang='lat' dir='ltr'><strong>det</strong></span> <span class='ocrx_word' id='word_1_104' title='bbox 857 1644 970 1706; x_wconf 80' lang='lat' dir='ltr'><strong>Diritto</strong></span> <span class='ocrx_word' id='word_1_105' title='bbox 987 1641 1074 1707; x_wconf 80' lang='lat' dir='ltr'><strong>libero</strong></span> <span class='ocrx_word' id='word_1_106' title='bbox 1088 1645 1168 1708; x_wconf 80' lang='lat' dir='ltr'><strong>delta</strong></span> 
     </span>
     <span class='ocr_line' id='line_1_14' title="bbox 101 1723 1167 1812; baseline 0.004 -26"><span class='ocrx_word' id='word_1_107' title='bbox 101 1723 208 1788; x_wconf 77' lang='lat' dir='ltr'><strong>chiesa</strong></span> <span class='ocrx_word' id='word_1_108' title='bbox 220 1725 252 1787; x_wconf 84' lang='lat' dir='ltr'><strong>di</strong></span> <span class='ocrx_word' id='word_1_109' title='bbox 270 1727 451 1810; x_wconf 82' lang='lat' dir='ltr'><strong>acquistare,</strong></span> <span class='ocrx_word' id='word_1_110' title='bbox 470 1747 484 1788; x_wconf 90' lang='lat' dir='ltr'><strong>c</strong></span> <span class='ocrx_word' id='word_1_111' title='bbox 498 1725 532 1788; x_wconf 81' lang='lat' dir='ltr'><strong>di</strong></span> <span class='ocrx_word' id='word_1_112' title='bbox 548 1725 701 1812; x_wconf 82' lang='lat' dir='ltr'><strong>possedere</strong></span> <span class='ocrx_word' id='word_1_113' title='bbox 714 1725 780 1788; x_wconf 80' lang='lat' dir='ltr'><strong>beni</strong></span> <span class='ocrx_word' id='word_1_114' title='bbox 793 1723 950 1808; x_wconf 82' lang='lat' dir='ltr'><strong>temporali</strong></span> <span class='ocrx_word' id='word_1_115' title='bbox 962 1723 1013 1787; x_wconf 83' lang='lat' dir='ltr'><strong>lib.</strong></span> <span class='ocrx_word' id='word_1_116' title='bbox 1031 1729 1131 1810; x_wconf 64' lang='lat' dir='ltr'><strong>opor.</strong></span> <span class='ocrx_word' id='word_1_117' title='bbox 1148 1732 1167 1790; x_wconf 91' lang='grc'>4</span> 
     </span>
     <span class='ocr_line' id='line_1_15' title="bbox 101 1809 1167 1893; baseline 0.004 -25"><span class='ocrx_word' id='word_1_118' title='bbox 101 1827 170 1890; x_wconf 88' lang='lat' dir='ltr'><strong>cup.</strong></span> <span class='ocrx_word' id='word_1_119' title='bbox 189 1811 207 1868; x_wconf 79' lang='lat'>5</span> <span class='ocrx_word' id='word_1_120' title='bbox 223 1828 307 1870; x_wconf 81' lang='lat' dir='ltr'><strong>cum.</strong></span> <span class='ocrx_word' id='word_1_121' title='bbox 324 1811 364 1870; x_wconf 89' lang='grc'><strong>44</strong></span> <span class='ocrx_word' id='word_1_122' title='bbox 378 1817 478 1892; x_wconf 86' lang='lat' dir='ltr'><strong>etseq.</strong></span> <span class='ocrx_word' id='word_1_123' title='bbox 492 1827 565 1892; x_wconf 78' lang='lat' dir='ltr'><strong>pop.</strong></span> <span class='ocrx_word' id='word_1_124' title='bbox 591 1812 651 1870; x_wconf 86' lang='grc'>408</span> <span class='ocrx_word' id='word_1_125' title='bbox 664 1827 726 1893; x_wconf 83' lang='lat' dir='ltr'><strong>seq.</strong></span> <span class='ocrx_word' id='word_1_126' title='bbox 750 1809 961 1880; x_wconf 83' lang='lat' dir='ltr'><strong>Monumentis‚</strong></span> <span class='ocrx_word' id='word_1_127' title='bbox 982 1827 1048 1888; x_wconf 80' lang='lat' dir='ltr'><strong>que</strong></span> <span class='ocrx_word' id='word_1_128' title='bbox 1069 1810 1167 1872; x_wconf 84' lang='lat' dir='ltr'><strong>abhis</strong></span> 
     </span>
     <span class='ocr_line' id='line_1_16' title="bbox 100 1890 1166 1970; baseline 0.004 -20"><span class='ocrx_word' id='word_1_129' title='bbox 100 1890 217 1952; x_wconf 91' lang='lat' dir='ltr'><strong>duobus</strong></span> <span class='ocrx_word' id='word_1_130' title='bbox 230 1891 402 1952; x_wconf 83' lang='lat' dir='ltr'><strong>doctissimis</strong></span> <span class='ocrx_word' id='word_1_131' title='bbox 416 1891 488 1952; x_wconf 83' lang='lat' dir='ltr'><strong>viris</strong></span> <span class='ocrx_word' id='word_1_132' title='bbox 505 1892 689 1968; x_wconf 77' lang='grc'>6116166661,</span> <span class='ocrx_word' id='word_1_133' title='bbox 710 1890 816 1952; x_wconf 82' lang='lat' dir='ltr'><strong>eddom</strong></span> <span class='ocrx_word' id='word_1_134' title='bbox 830 1891 991 1970; x_wconf 86' lang='lat' dir='ltr'><strong>Didymum</strong></span> <span class='ocrx_word' id='word_1_135' title='bbox 1007 1891 1166 1954; x_wconf 80' lang='lat' dir='ltr'><strong>Alexandr.</strong></span> 
     </span>
     <span class='ocr_line' id='line_1_17' title="bbox 100 1971 1167 2055; baseline 0.004 -23"><span class='ocrx_word' id='word_1_136' title='bbox 100 1973 274 2052; x_wconf 78' lang='lat' dir='ltr'><strong>scriptorem</strong></span> <span class='ocrx_word' id='word_1_137' title='bbox 299 1975 340 2034; x_wconf 86' lang='lat' dir='ltr'><strong>tv</strong></span> <span class='ocrx_word' id='word_1_138' title='bbox 374 1973 487 2050; x_wconf 72' lang='lat' dir='ltr'><strong>soeculi,</strong></span> <span class='ocrx_word' id='word_1_139' title='bbox 513 1971 678 2052; x_wconf 60' lang='grc'>6611164</span> <span class='ocrx_word' id='word_1_140' title='bbox 705 1971 741 2034; x_wconf 88' lang='lat' dir='ltr'><strong>dc</strong></span> <span class='ocrx_word' id='word_1_141' title='bbox 769 1973 853 2034; x_wconf 78' lang='lat' dir='ltr'><strong>Trio.</strong></span> <span class='ocrx_word' id='word_1_142' title='bbox 881 1991 906 2034; x_wconf 90' lang='lat' dir='ltr'><strong>c.</strong></span> <span class='ocrx_word' id='word_1_143' title='bbox 935 1975 952 2034; x_wconf 90' lang='grc'>7</span> <span class='ocrx_word' id='word_1_144' title='bbox 975 1991 1009 2055; x_wconf 90' lang='lat' dir='ltr'><strong>p.</strong></span> <span class='ocrx_word' id='word_1_145' title='bbox 1036 1975 1097 2036; x_wconf 92' lang='grc'>400</span> <span class='ocrx_word' id='word_1_146' title='bbox 1119 1974 1167 2036; x_wconf 86' lang='lat' dir='ltr'><strong>ed.</strong></span> 
     </span>
     <span class='ocr_line' id='line_1_18' title="bbox 101 2055 1169 2139; baseline 0.001 -23"><span class='ocrx_word' id='word_1_147' title='bbox 101 2057 221 2116; x_wconf 75' lang='lat' dir='ltr'><strong>Bonos.</strong></span> <span class='ocrx_word' id='word_1_148' title='bbox 248 2055 326 2116; x_wconf 87' lang='grc'>1760</span> <span class='ocrx_word' id='word_1_149' title='bbox 348 2061 471 2116; x_wconf 80' lang='lat' dir='ltr'><strong>testetur</strong></span> <span class='ocrx_word' id='word_1_150' title='bbox 491 2074 541 2116; x_wconf 83' lang='lat' dir='ltr'><strong>sua</strong></span> <span class='ocrx_word' id='word_1_151' title='bbox 565 2063 650 2116; x_wconf 83' lang='lat' dir='ltr'><strong>estate</strong></span> <span class='ocrx_word' id='word_1_152' title='bbox 674 2055 805 2116; x_wconf 84' lang='lat' dir='ltr'><strong>eeclesias</strong></span> <span class='ocrx_word' id='word_1_153' title='bbox 819 2055 909 2116; x_wconf 87' lang='lat' dir='ltr'><strong>luisse</strong></span> <span class='ocrx_word' id='word_1_154' title='bbox 933 2074 1023 2130; x_wconf 87' lang='lat' dir='ltr'><strong>curo,</strong></span> <span class='ocrx_word' id='word_1_155' title='bbox 1049 2067 1169 2139; x_wconf 77' lang='lat' dir='ltr'><strong>arpenta</strong></span> 
     </span>
     <span class='ocr_line' id='line_1_19' title="bbox 103 2134 375 2199; baseline 0.007 -3"><span class='ocrx_word' id='word_1_156' title='bbox 103 2144 132 2196; x_wconf 86' lang='lat' dir='ltr'><strong>ct</strong></span> <span class='ocrx_word' id='word_1_157' title='bbox 146 2134 228 2199; x_wconf 80' lang='lat' dir='ltr'><strong>edere</strong></span> <span class='ocrx_word' id='word_1_158' title='bbox 242 2145 375 2199; x_wconf 82' lang='lat' dir='ltr'><strong>ornatus.</strong></span> 
     </span>
    </p>

    <p class='ocr_par' dir='ltr' id='par_1_4' title="bbox 101 2217 1171 2794">
     <span class='ocr_line' id='line_1_20' title="bbox 145 2217 1167 2300; baseline 0.004 -22"><span class='ocrx_word' id='word_1_159' title='bbox 145 2217 187 2300; x_wconf 86' lang='grc'>(4)</span> <span class='ocrx_word' id='word_1_160' title='bbox 209 2220 311 2280; x_wconf 84' lang='lat' dir='ltr'><strong>Plures</strong></span> <span class='ocrx_word' id='word_1_161' title='bbox 322 2238 354 2279; x_wconf 83' lang='lat' dir='ltr'><strong>ee</strong></span> <span class='ocrx_word' id='word_1_162' title='bbox 368 2219 404 2278; x_wconf 91' lang='lat' dir='ltr'><strong>de</strong></span> <span class='ocrx_word' id='word_1_163' title='bbox 415 2237 448 2277; x_wconf 90' lang='lat' dir='ltr'><strong>re</strong></span> <span class='ocrx_word' id='word_1_164' title='bbox 461 2218 539 2300; x_wconf 81' lang='lat' dir='ltr'><strong>leges</strong></span> <span class='ocrx_word' id='word_1_165' title='bbox 550 2225 664 2280; x_wconf 82' lang='lat' dir='ltr'><strong>exstent</strong></span> <span class='ocrx_word' id='word_1_166' title='bbox 676 2220 709 2280; x_wconf 90' lang='lat' dir='ltr'><strong>in</strong></span> <span class='ocrx_word' id='word_1_167' title='bbox 723 2217 821 2279; x_wconf 89' lang='lat' dir='ltr'><strong>codice</strong></span> <span class='ocrx_word' id='word_1_168' title='bbox 832 2217 978 2280; x_wconf 87' lang='lat' dir='ltr'><strong>Theodos.</strong></span> <span class='ocrx_word' id='word_1_169' title='bbox 992 2217 1013 2280; x_wconf 85' lang='lat' dir='ltr'><strong>l.</strong></span> <span class='ocrx_word' id='word_1_170' title='bbox 1026 2221 1044 2280; x_wconf 86' lang='lat'><strong>9</strong></span> <span class='ocrx_word' id='word_1_171' title='bbox 1057 2219 1100 2280; x_wconf 89' lang='lat' dir='ltr'><strong>tit.</strong></span> <span class='ocrx_word' id='word_1_172' title='bbox 1117 2223 1167 2291; x_wconf 89' lang='grc'><strong>17,</strong></span> 
     </span>
     <span class='ocr_line' id='line_1_21' title="bbox 104 2297 1171 2382; baseline 0.002 -22"><span class='ocrx_word' id='word_1_173' title='bbox 104 2307 134 2360; x_wconf 89' lang='lat' dir='ltr'><strong>et</strong></span> <span class='ocrx_word' id='word_1_174' title='bbox 147 2302 184 2361; x_wconf 86' lang='lat' dir='ltr'><strong>L.</strong></span> <span class='ocrx_word' id='word_1_175' title='bbox 201 2305 220 2362; x_wconf 91' lang='grc'>4</span> <span class='ocrx_word' id='word_1_176' title='bbox 239 2300 302 2362; x_wconf 87' lang='lat' dir='ltr'><strong>cod.</strong></span> <span class='ocrx_word' id='word_1_177' title='bbox 319 2299 354 2362; x_wconf 85' lang='lat' dir='ltr'><strong>de</strong></span> <span class='ocrx_word' id='word_1_178' title='bbox 378 2297 478 2382; x_wconf 83' lang='lat' dir='ltr'><strong>Sepul.</strong></span> <span class='ocrx_word' id='word_1_179' title='bbox 501 2297 604 2361; x_wconf 82' lang='lat' dir='ltr'><strong>violat.</strong></span> <span class='ocrx_word' id='word_1_180' title='bbox 614 2347 623 2377; x_wconf 93' lang='lat'>‚</span> <span class='ocrx_word' id='word_1_181' title='bbox 640 2301 729 2379; x_wconf 87' lang='lat' dir='ltr'><strong>idque</strong></span> <span class='ocrx_word' id='word_1_182' title='bbox 742 2301 829 2361; x_wconf 85' lang='lat' dir='ltr'><strong>etiem</strong></span> <span class='ocrx_word' id='word_1_183' title='bbox 851 2308 994 2361; x_wconf 86' lang='lat' dir='ltr'><strong>testentur</strong></span> <span class='ocrx_word' id='word_1_184' title='bbox 1008 2320 1066 2362; x_wconf 89' lang='lat' dir='ltr'><strong>non</strong></span> <span class='ocrx_word' id='word_1_185' title='bbox 1082 2302 1171 2362; x_wconf 88' lang='lat' dir='ltr'><strong>chris·</strong></span> 
     </span>
     <span class='ocr_line' id='line_1_22' title="bbox 104 2379 1167 2464; baseline 0.003 -22"><span class='ocrx_word' id='word_1_186' title='bbox 104 2383 178 2443; x_wconf 77' lang='grc'>11661</span> <span class='ocrx_word' id='word_1_187' title='bbox 201 2383 296 2444; x_wconf 87' lang='lat' dir='ltr'><strong>solnm</strong></span> <span class='ocrx_word' id='word_1_188' title='bbox 309 2383 464 2462; x_wconf 82' lang='lat' dir='ltr'><strong>scriptores</strong></span> <span class='ocrx_word' id='word_1_189' title='bbox 479 2383 584 2446; x_wconf 82' lang='lat' dir='ltr'><strong>Euseb.</strong></span> <span class='ocrx_word' id='word_1_190' title='bbox 601 2381 636 2444; x_wconf 85' lang='lat' dir='ltr'><strong>de</strong></span> <span class='ocrx_word' id='word_1_191' title='bbox 652 2383 704 2443; x_wconf 84' lang='lat' dir='ltr'><strong>eit.</strong></span> <span class='ocrx_word' id='word_1_192' title='bbox 728 2383 913 2444; x_wconf 80' lang='lat' dir='ltr'><strong>Gorrstcctiu.</strong></span> <span class='ocrx_word' id='word_1_193' title='bbox 933 2379 982 2443; x_wconf 79' lang='grc'>116.</span> <span class='ocrx_word' id='word_1_194' title='bbox 1010 2385 1028 2444; x_wconf 78' lang='lat'>5</span> <span class='ocrx_word' id='word_1_195' title='bbox 1047 2401 1112 2464; x_wconf 86' lang='lat' dir='ltr'><strong>cup.</strong></span> <span class='ocrx_word' id='word_1_196' title='bbox 1131 2387 1167 2445; x_wconf 82' lang='grc'><strong>61</strong></span> 
     </span>
     <span class='ocr_line' id='line_1_23' title="bbox 105 2463 1170 2548; baseline 0 -22"><span class='ocrx_word' id='word_1_197' title='bbox 105 2474 133 2526; x_wconf 87' lang='lat' dir='ltr'><strong>et</strong></span> <span class='ocrx_word' id='word_1_198' title='bbox 147 2467 185 2526; x_wconf 79' lang='grc'><strong>68</strong></span> <span class='ocrx_word' id='word_1_199' title='bbox 197 2483 239 2548; x_wconf 88' lang='lat' dir='ltr'><strong>po</strong></span> <span class='ocrx_word' id='word_1_200' title='bbox 263 2509 270 2524; x_wconf 93' lang='lat'><strong>.</strong></span> <span class='ocrx_word' id='word_1_201' title='bbox 287 2467 346 2526; x_wconf 93' lang='grc'><strong>606</strong></span> <span class='ocrx_word' id='word_1_202' title='bbox 356 2473 384 2525; x_wconf 84' lang='grc'><strong>61</strong></span> <span class='ocrx_word' id='word_1_203' title='bbox 395 2466 453 2526; x_wconf 79' lang='grc'><strong>615</strong></span> <span class='ocrx_word' id='word_1_204' title='bbox 468 2463 514 2526; x_wconf 88' lang='lat' dir='ltr'><strong>ed.</strong></span> <span class='ocrx_word' id='word_1_205' title='bbox 531 2465 594 2542; x_wconf 75' lang='lat' dir='ltr'><strong>cit,</strong></span> <span class='ocrx_word' id='word_1_206' title='bbox 607 2465 731 2544; x_wconf 78' lang='lat' dir='ltr'><strong>aliique,</strong></span> <span class='ocrx_word' id='word_1_207' title='bbox 743 2465 892 2525; x_wconf 80' lang='lat' dir='ltr'><strong>sedetiam</strong></span> <span class='ocrx_word' id='word_1_208' title='bbox 903 2464 1011 2524; x_wconf 88' lang='lat' dir='ltr'><strong>ethnici</strong></span> <span class='ocrx_word' id='word_1_209' title='bbox 1023 2467 1170 2543; x_wconf 86' lang='lat' dir='ltr'><strong>Eunepius</strong></span> 
     </span>
     <span class='ocr_line' id='line_1_24' title="bbox 104 2543 1168 2630; baseline 0 -24"><span class='ocrx_word' id='word_1_210' title='bbox 104 2547 159 2608; x_wconf 86' lang='lat' dir='ltr'><strong>uit.</strong></span> <span class='ocrx_word' id='word_1_211' title='bbox 183 2549 221 2608; x_wconf 68' lang='grc' dir='ltr'><strong>Αἰ</strong></span> <span class='ocrx_word' id='word_1_212' title='bbox 244 2565 283 2608; x_wconf 89' lang='lat' dir='ltr'><strong>cs.</strong></span> <span class='ocrx_word' id='word_1_213' title='bbox 304 2565 377 2630; x_wconf 79' lang='lat' dir='ltr'><strong>pop.</strong></span> <span class='ocrx_word' id='word_1_214' title='bbox 396 2549 435 2608; x_wconf 80' lang='grc'>56</span> <span class='ocrx_word' id='word_1_215' title='bbox 456 2545 502 2608; x_wconf 85' lang='lat' dir='ltr'><strong>ed.</strong></span> <span class='ocrx_word' id='word_1_216' title='bbox 529 2545 655 2608; x_wconf 65' lang='lat' dir='ltr'><strong>Coloniae</strong></span> <span class='ocrx_word' id='word_1_217' title='bbox 675 2543 788 2607; x_wconf 82' lang='lat' dir='ltr'><strong>Allobr.</strong></span> <span class='ocrx_word' id='word_1_218' title='bbox 810 2547 906 2623; x_wconf 81' lang='grc'>1616,·</span> <span class='ocrx_word' id='word_1_219' title='bbox 927 2546 1064 2610; x_wconf 80' lang='lat' dir='ltr'><strong>libanius</strong></span> <span class='ocrx_word' id='word_1_220' title='bbox 1084 2551 1168 2609; x_wconf 87' lang='lat' dir='ltr'><strong>Oret.</strong></span> 
     </span>
     <span class='ocr_line' id='line_1_25' title="bbox 104 2624 1169 2712; baseline 0 -22"><span class='ocrx_word' id='word_1_221' title='bbox 104 2624 223 2711; x_wconf 81' lang='lat' dir='ltr'><strong>apolop.</strong></span> <span class='ocrx_word' id='word_1_222' title='bbox 243 2630 281 2689; x_wconf 91' lang='grc'><strong>46</strong></span> <span class='ocrx_word' id='word_1_223' title='bbox 298 2648 370 2712; x_wconf 78' lang='lat' dir='ltr'><strong>pap.</strong></span> <span class='ocrx_word' id='word_1_224' title='bbox 394 2631 449 2689; x_wconf 81' lang='grc'><strong>691</strong></span> <span class='ocrx_word' id='word_1_225' title='bbox 467 2637 537 2706; x_wconf 88' lang='lat' dir='ltr'><strong>tom.</strong></span> <span class='ocrx_word' id='word_1_226' title='bbox 555 2632 573 2690; x_wconf 93' lang='grc'>4</span> <span class='ocrx_word' id='word_1_227' title='bbox 592 2627 663 2689; x_wconf 81' lang='lat' dir='ltr'><strong>edit.</strong></span> <span class='ocrx_word' id='word_1_228' title='bbox 679 2629 781 2690; x_wconf 81' lang='lat' dir='ltr'><strong>Paris.</strong></span> <span class='ocrx_word' id='word_1_229' title='bbox 799 2629 1169 2705; x_wconf 75' lang='lat' dir='ltr'><strong>1627;Ju1ianusorat.7</strong></span> 
     </span>
     <span class='ocr_line' id='line_1_26' title="bbox 101 2709 632 2794; baseline -0.004 -22"><span class='ocrx_word' id='word_1_230' title='bbox 101 2729 177 2794; x_wconf 76' lang='lat' dir='ltr'><strong>pop.</strong></span> <span class='ocrx_word' id='word_1_231' title='bbox 194 2713 254 2772; x_wconf 86' lang='grc'><strong>441</strong></span> <span class='ocrx_word' id='word_1_232' title='bbox 266 2715 359 2772; x_wconf 88' lang='lat' dir='ltr'><strong>tom.l</strong></span> <span class='ocrx_word' id='word_1_233' title='bbox 378 2709 425 2772; x_wconf 83' lang='lat' dir='ltr'><strong>ed.</strong></span> <span class='ocrx_word' id='word_1_234' title='bbox 440 2711 524 2792; x_wconf 84' lang='lat' dir='ltr'><strong>Lr&#39;ps.</strong></span> <span class='ocrx_word' id='word_1_235' title='bbox 542 2713 632 2772; x_wconf 87' lang='grc'>1696.</span> 
     </span>
    </p>

    <p class='ocr_par' dir='ltr' id='par_1_5' title="bbox 103 2791 1208 3182">
     <span class='ocr_line' id='line_1_27' title="bbox 147 2791 1208 2872; baseline 0.002 -20"><span class='ocrx_word' id='word_1_236' title='bbox 147 2791 190 2872; x_wconf 81' lang='grc'><strong>(5)</strong></span> <span class='ocrx_word' id='word_1_237' title='bbox 211 2793 416 2855; x_wconf 77' lang='lat' dir='ltr'><strong>Constantinus</strong></span> <span class='ocrx_word' id='word_1_238' title='bbox 442 2793 530 2854; x_wconf 87' lang='lat' dir='ltr'><strong>nullis</strong></span> <span class='ocrx_word' id='word_1_239' title='bbox 555 2793 684 2872; x_wconf 88' lang='lat' dir='ltr'><strong>pepercit</strong></span> <span class='ocrx_word' id='word_1_240' title='bbox 707 2791 886 2872; x_wconf 86' lang='lat' dir='ltr'><strong>sumptibus,</strong></span> <span class='ocrx_word' id='word_1_241' title='bbox 913 2797 946 2852; x_wconf 91' lang='lat' dir='ltr'><strong>ut</strong></span> <span class='ocrx_word' id='word_1_242' title='bbox 978 2793 1009 2854; x_wconf 93' lang='lat' dir='ltr'><strong>in</strong></span> <span class='ocrx_word' id='word_1_243' title='bbox 1035 2793 1171 2854; x_wconf 90' lang='lat' dir='ltr'><strong>omnibus</strong></span> <span class='ocrx_word' id='word_1_244' title='bbox 1204 2863 1208 2870; x_wconf 28' lang='lat'><strong>¹</strong></span> 
     </span>
     <span class='ocr_line' id='line_1_28' title="bbox 106 2873 1172 2955; baseline 0 -19"><span class='ocrx_word' id='word_1_245' title='bbox 106 2876 237 2936; x_wconf 85' lang='lat' dir='ltr'><strong>Orientis</strong></span> <span class='ocrx_word' id='word_1_246' title='bbox 256 2875 403 2954; x_wconf 86' lang='lat' dir='ltr'><strong>pertibus,</strong></span> <span class='ocrx_word' id='word_1_247' title='bbox 423 2893 458 2934; x_wconf 84' lang='lat' dir='ltr'><strong>cx</strong></span> <span class='ocrx_word' id='word_1_248' title='bbox 476 2894 522 2955; x_wconf 76' lang='lat' dir='ltr'><strong>gr.</strong></span> <span class='ocrx_word' id='word_1_249' title='bbox 545 2874 769 2954; x_wconf 84' lang='lat' dir='ltr'><strong>Hierosolymis,</strong></span> <span class='ocrx_word' id='word_1_250' title='bbox 792 2873 970 2950; x_wconf 75' lang='lat' dir='ltr'><strong>Antiochiae,</strong></span> <span class='ocrx_word' id='word_1_251' title='bbox 995 2875 1172 2936; x_wconf 79' lang='lat' dir='ltr'><strong>Nicomedioe</strong></span> 
     </span>
     <span class='ocr_line' id='line_1_29' title="bbox 103 2955 1172 3037; baseline 0 -19"><span class='ocrx_word' id='word_1_252' title='bbox 103 2958 188 3037; x_wconf 80' lang='lat' dir='ltr'><strong>juxta</strong></span> <span class='ocrx_word' id='word_1_253' title='bbox 217 2976 357 3034; x_wconf 87' lang='lat' dir='ltr'><strong>quercum</strong></span> <span class='ocrx_word' id='word_1_254' title='bbox 381 2956 526 3030; x_wconf 82' lang='lat' dir='ltr'><strong>Mambre,</strong></span> <span class='ocrx_word' id='word_1_255' title='bbox 553 2957 695 3036; x_wconf 86' lang='lat' dir='ltr'><strong>Heliopoli</strong></span> <span class='ocrx_word' id='word_1_256' title='bbox 716 2956 746 3015; x_wconf 91' lang='lat' dir='ltr'><strong>in</strong></span> <span class='ocrx_word' id='word_1_257' title='bbox 771 2955 935 3032; x_wconf 73' lang='lat' dir='ltr'><strong>rhoeteia,</strong></span> <span class='ocrx_word' id='word_1_258' title='bbox 960 2955 1081 3034; x_wconf 80' lang='lat' dir='ltr'><strong>ollisque</strong></span> <span class='ocrx_word' id='word_1_259' title='bbox 1101 2957 1172 3018; x_wconf 93' lang='lat' dir='ltr'><strong>locis</strong></span> 
     </span>
     <span class='ocr_line' id='line_1_30' title="bbox 106 3035 1172 3182; baseline 0.001 -84"><span class='ocrx_word' id='word_1_260' title='bbox 106 3037 694 3182; x_wconf 44' lang='lat' dir='ltr'><strong>ffmpiuiribuspsplgndiifissifnoe1⁰{⁰l{⁵iae</strong></span> <span class='ocrx_word' id='word_1_261' title='bbox 707 3035 941 3180; x_wconf 44' lang='lat' dir='ltr'><strong>reggicetrgptur,</strong></span> <span class='ocrx_word' id='word_1_262' title='bbox 956 3038 1040 3181; x_wconf 44' lang='lat' dir='ltr'><strong>sippgi</strong></span> <span class='ocrx_word' id='word_1_263' title='bbox 1052 3047 1172 3182; x_wconf 59' lang='lat' dir='ltr'><strong>npppgpt</strong></span> 
     </span>
    </p>

    <p class='ocr_par' dir='ltr' id='par_1_6' title="bbox 105 3137 1173 3857">
     <span class='ocr_line' id='line_1_31' title="bbox 133 3137 1065 3182; baseline 0.002 -2"><span class='ocrx_word' id='word_1_264' title='bbox 133 3139 214 3181; x_wconf 90' lang='lat' dir='ltr'><strong>use.</strong></span> <span class='ocrx_word' id='word_1_265' title='bbox 249 3140 334 3180; x_wconf 84' lang='lat' dir='ltr'><strong>em.</strong></span> <span class='ocrx_word' id='word_1_266' title='bbox 377 3139 540 3181; x_wconf 70' lang='lat' dir='ltr'><strong>crocum.</strong></span> <span class='ocrx_word' id='word_1_267' title='bbox 573 3141 610 3179; x_wconf 81' lang='lat' dir='ltr'><strong>r.</strong></span> <span class='ocrx_word' id='word_1_268' title='bbox 659 3139 724 3180; x_wconf 88' lang='lat' dir='ltr'><strong>ca.</strong></span> <span class='ocrx_word' id='word_1_269' title='bbox 794 3137 809 3180; x_wconf 98' lang='grc'><strong>6</strong></span> <span class='ocrx_word' id='word_1_270' title='bbox 949 3163 956 3178; x_wconf 96' lang='grc'>.</span> <span class='ocrx_word' id='word_1_271' title='bbox 1051 3141 1065 3182; x_wconf 90' lang='grc'><strong>6</strong></span> 
     </span>
     <span class='ocr_line' id='line_1_32' title="bbox 107 3137 1170 3285; baseline 0 -21"><span class='ocrx_word' id='word_1_272' title='bbox 107 3212 137 3264; x_wconf 88' lang='lat' dir='ltr'><strong>et</strong></span> <span class='ocrx_word' id='word_1_273' title='bbox 157 3206 268 3264; x_wconf 81' lang='lat' dir='ltr'><strong>soeret.</strong></span> <span class='ocrx_word' id='word_1_274' title='bbox 291 3199 359 3264; x_wconf 81' lang='lat' dir='ltr'><strong>dist.</strong></span> <span class='ocrx_word' id='word_1_275' title='bbox 378 3199 428 3262; x_wconf 81' lang='lat' dir='ltr'><strong>lib&#39;.</strong></span> <span class='ocrx_word' id='word_1_276' title='bbox 452 3206 464 3262; x_wconf 93' lang='lat' dir='ltr'><strong>l</strong></span> <span class='ocrx_word' id='word_1_277' title='bbox 484 3189 622 3284; x_wconf 37' lang='lat' dir='ltr'><strong>capilli,</strong></span> <span class='ocrx_word' id='word_1_278' title='bbox 645 3137 714 3279; x_wconf 51' lang='lat' dir='ltr'><strong>ll?</strong></span> <span class='ocrx_word' id='word_1_279' title='bbox 727 3203 776 3261; x_wconf 93' lang='grc'><strong>18.</strong></span> <span class='ocrx_word' id='word_1_280' title='bbox 796 3220 865 3284; x_wconf 76' lang='lat' dir='ltr'><strong>pop.</strong></span> <span class='ocrx_word' id='word_1_281' title='bbox 882 3137 964 3263; x_wconf 52' lang='lat' dir='ltr'><strong>ffel</strong></span> <span class='ocrx_word' id='word_1_282' title='bbox 982 3219 1043 3285; x_wconf 81' lang='lat' dir='ltr'><strong>seq.</strong></span> <span class='ocrx_word' id='word_1_283' title='bbox 1060 3201 1107 3264; x_wconf 87' lang='lat' dir='ltr'><strong>cd.</strong></span> <span class='ocrx_word' id='word_1_284' title='bbox 1120 3166 1170 3264; x_wconf 72' lang='lat' dir='ltr'><strong>esd</strong></span> 
     </span>
     <span class='ocr_line' id='line_1_33' title="bbox 108 3279 1173 3363; baseline 0.002 -17"><span class='ocrx_word' id='word_1_285' title='bbox 108 3289 174 3363; x_wconf 88' lang='lat' dir='ltr'><strong>lpse</strong></span> <span class='ocrx_word' id='word_1_286' title='bbox 195 3279 280 3344; x_wconf 81' lang='lat' dir='ltr'><strong>etiam</strong></span> <span class='ocrx_word' id='word_1_287' title='bbox 297 3283 486 3345; x_wconf 78' lang='lat' dir='ltr'><strong>fundamenta</strong></span> <span class='ocrx_word' id='word_1_288' title='bbox 502 3283 572 3363; x_wconf 89' lang='lat' dir='ltr'><strong>jecit</strong></span> <span class='ocrx_word' id='word_1_289' title='bbox 586 3283 817 3344; x_wconf 72' lang='lat' dir='ltr'><strong>celebratissimus</strong></span> <span class='ocrx_word' id='word_1_290' title='bbox 831 3283 974 3360; x_wconf 82' lang='lat' dir='ltr'><strong>eeclesiae,</strong></span> <span class='ocrx_word' id='word_1_291' title='bbox 990 3303 1055 3363; x_wconf 82' lang='lat' dir='ltr'><strong>quae</strong></span> <span class='ocrx_word' id='word_1_292' title='bbox 1075 3287 1107 3346; x_wconf 88' lang='lat' dir='ltr'><strong>S.</strong></span> <span class='ocrx_word' id='word_1_293' title='bbox 1124 3287 1173 3348; x_wconf 87' lang='lat' dir='ltr'><strong>So·</strong></span> 
     </span>
     <span class='ocr_line' id='line_1_34' title="bbox 105 3363 1172 3449; baseline 0.001 -24"><span class='ocrx_word' id='word_1_294' title='bbox 105 3363 199 3449; x_wconf 78' lang='lat' dir='ltr'><strong>phio,</strong></span> <span class='ocrx_word' id='word_1_295' title='bbox 215 3374 243 3427; x_wconf 88' lang='lat' dir='ltr'><strong>et</strong></span> <span class='ocrx_word' id='word_1_296' title='bbox 263 3367 378 3448; x_wconf 75' lang='lat' dir='ltr'><strong>Mopso</strong></span> <span class='ocrx_word' id='word_1_297' title='bbox 393 3365 483 3442; x_wconf 83' lang='lat' dir='ltr'><strong>dieto,</strong></span> <span class='ocrx_word' id='word_1_298' title='bbox 499 3385 622 3444; x_wconf 79' lang='lat' dir='ltr'><strong>queque</strong></span> <span class='ocrx_word' id='word_1_299' title='bbox 635 3367 719 3426; x_wconf 82' lang='lat' dir='ltr'><strong>annis</strong></span> <span class='ocrx_word' id='word_1_300' title='bbox 739 3365 859 3445; x_wconf 76' lang='lat' dir='ltr'><strong>triginta</strong></span> <span class='ocrx_word' id='word_1_301' title='bbox 872 3364 967 3426; x_wconf 88' lang='lat' dir='ltr'><strong>tribus</strong></span> <span class='ocrx_word' id='word_1_302' title='bbox 981 3373 1046 3445; x_wconf 90' lang='lat' dir='ltr'><strong>post</strong></span> <span class='ocrx_word' id='word_1_303' title='bbox 1065 3369 1172 3428; x_wconf 75' lang='grc'>6066-</span> 
     </span>
     <span class='ocr_line' id='line_1_35' title="bbox 107 3443 1170 3530; baseline -0.002 -20"><span class='ocrx_word' id='word_1_304' title='bbox 107 3450 215 3510; x_wconf 77' lang='lat' dir='ltr'><strong>strutio</strong></span> <span class='ocrx_word' id='word_1_305' title='bbox 228 3448 357 3510; x_wconf 76' lang='lat' dir='ltr'><strong>obsolute</strong></span> <span class='ocrx_word' id='word_1_306' title='bbox 372 3456 430 3518; x_wconf 79' lang='lat' dir='ltr'><strong>est,</strong></span> <span class='ocrx_word' id='word_1_307' title='bbox 446 3449 489 3508; x_wconf 91' lang='lat' dir='ltr'><strong>uti</strong></span> <span class='ocrx_word' id='word_1_308' title='bbox 504 3452 613 3510; x_wconf 83' lang='lat' dir='ltr'><strong>socrat.</strong></span> <span class='ocrx_word' id='word_1_309' title='bbox 629 3443 679 3508; x_wconf 76' lang='lat' dir='ltr'><strong>tu.</strong></span> <span class='ocrx_word' id='word_1_310' title='bbox 696 3449 715 3508; x_wconf 89' lang='grc'>4</span> <span class='ocrx_word' id='word_1_311' title='bbox 731 3455 752 3506; x_wconf 93' lang='lat' dir='ltr'><strong>t.</strong></span> <span class='ocrx_word' id='word_1_312' title='bbox 770 3449 809 3508; x_wconf 94' lang='grc'><strong>16</strong></span> <span class='ocrx_word' id='word_1_313' title='bbox 825 3465 896 3530; x_wconf 76' lang='lat' dir='ltr'><strong>pop.</strong></span> <span class='ocrx_word' id='word_1_314' title='bbox 912 3449 952 3508; x_wconf 84' lang='grc'><strong>96</strong></span> <span class='ocrx_word' id='word_1_315' title='bbox 966 3445 1012 3508; x_wconf 87' lang='lat' dir='ltr'><strong>ed.</strong></span> <span class='ocrx_word' id='word_1_316' title='bbox 1030 3446 1170 3510; x_wconf 78' lang='lat' dir='ltr'><strong>Cantabr.</strong></span> 
     </span>
     <span class='ocr_line' id='line_1_36' title="bbox 108 3527 1172 3608; baseline -0.002 -16"><span class='ocrx_word' id='word_1_317' title='bbox 108 3532 206 3606; x_wconf 84' lang='grc'>1740,</span> <span class='ocrx_word' id='word_1_318' title='bbox 232 3538 262 3590; x_wconf 89' lang='lat' dir='ltr'><strong>et</strong></span> <span class='ocrx_word' id='word_1_319' title='bbox 284 3537 384 3591; x_wconf 81' lang='lat' dir='ltr'><strong>auctor</strong></span> <span class='ocrx_word' id='word_1_320' title='bbox 399 3527 537 3590; x_wconf 74' lang='lat' dir='ltr'><strong>chronici</strong></span> <span class='ocrx_word' id='word_1_321' title='bbox 549 3527 716 3591; x_wconf 68' lang='lat' dir='ltr'><strong>Alexandr.</strong></span> <span class='ocrx_word' id='word_1_322' title='bbox 734 3527 775 3590; x_wconf 88' lang='lat' dir='ltr'><strong>ud</strong></span> <span class='ocrx_word' id='word_1_323' title='bbox 789 3549 841 3590; x_wconf 81' lang='lat' dir='ltr'><strong>uu.</strong></span> <span class='ocrx_word' id='word_1_324' title='bbox 858 3531 918 3591; x_wconf 82' lang='grc'><strong>560</strong></span> <span class='ocrx_word' id='word_1_325' title='bbox 935 3531 1084 3590; x_wconf 77' lang='lat' dir='ltr'><strong>memorie</strong></span> <span class='ocrx_word' id='word_1_326' title='bbox 1101 3547 1172 3608; x_wconf 89' lang='lat' dir='ltr'><strong>pro-</strong></span> 
     </span>
     <span class='ocr_line' id='line_1_37' title="bbox 108 3611 1170 3691; baseline -0.003 -18"><span class='ocrx_word' id='word_1_327' title='bbox 108 3612 266 3689; x_wconf 74' lang='lat' dir='ltr'><strong>diderunt,</strong></span> <span class='ocrx_word' id='word_1_328' title='bbox 284 3631 371 3691; x_wconf 83' lang='lat' dir='ltr'><strong>quem</strong></span> <span class='ocrx_word' id='word_1_329' title='bbox 392 3613 511 3691; x_wconf 89' lang='lat' dir='ltr'><strong>quidem</strong></span> <span class='ocrx_word' id='word_1_330' title='bbox 529 3612 676 3672; x_wconf 86' lang='lat' dir='ltr'><strong>eeclesiam</strong></span> <span class='ocrx_word' id='word_1_331' title='bbox 697 3612 831 3673; x_wconf 88' lang='lat' dir='ltr'><strong>incendio</strong></span> <span class='ocrx_word' id='word_1_332' title='bbox 847 3619 1045 3690; x_wconf 79' lang='lat' dir='ltr'><strong>consumptum</strong></span> <span class='ocrx_word' id='word_1_333' title='bbox 1063 3611 1170 3670; x_wconf 89' lang='lat' dir='ltr'><strong>iterum</strong></span> 
     </span>
     <span class='ocr_line' id='line_1_38' title="bbox 108 3691 1171 3773; baseline -0.005 -16"><span class='ocrx_word' id='word_1_334' title='bbox 108 3694 290 3757; x_wconf 77' lang='lat' dir='ltr'><strong>lustinisnus</strong></span> <span class='ocrx_word' id='word_1_335' title='bbox 300 3694 481 3773; x_wconf 86' lang='lat' dir='ltr'><strong>splendidius</strong></span> <span class='ocrx_word' id='word_1_336' title='bbox 491 3693 653 3754; x_wconf 85' lang='lat' dir='ltr'><strong>aedifieevit.</strong></span> <span class='ocrx_word' id='word_1_337' title='bbox 665 3693 733 3772; x_wconf 87' lang='lat' dir='ltr'><strong>Ejus</strong></span> <span class='ocrx_word' id='word_1_338' title='bbox 740 3703 836 3754; x_wconf 84' lang='lat' dir='ltr'><strong>eutem</strong></span> <span class='ocrx_word' id='word_1_339' title='bbox 847 3694 1070 3772; x_wconf 82' lang='lat' dir='ltr'><strong>descriptionem</strong></span> <span class='ocrx_word' id='word_1_340' title='bbox 1080 3691 1171 3752; x_wconf 84' lang='lat' dir='ltr'><strong>hebes</strong></span> 
     </span>
     <span class='ocr_line' id='line_1_39' title="bbox 108 3775 1127 3857; baseline -0.001 -22"><span class='ocrx_word' id='word_1_341' title='bbox 108 3776 187 3856; x_wconf 80' lang='lat' dir='ltr'><strong>apud</strong></span> <span class='ocrx_word' id='word_1_342' title='bbox 201 3778 371 3857; x_wconf 82' lang='lat' dir='ltr'><strong>Evagrium,</strong></span> <span class='ocrx_word' id='word_1_343' title='bbox 384 3777 573 3855; x_wconf 86' lang='lat' dir='ltr'><strong>Procopium,</strong></span> <span class='ocrx_word' id='word_1_344' title='bbox 589 3775 758 3856; x_wconf 76' lang='lat' dir='ltr'><strong>Agathiem,</strong></span> <span class='ocrx_word' id='word_1_345' title='bbox 778 3777 901 3837; x_wconf 82' lang='lat' dir='ltr'><strong>Paulum</strong></span> <span class='ocrx_word' id='word_1_346' title='bbox 919 3775 1127 3836; x_wconf 84' lang='lat' dir='ltr'><strong>silentiarium.</strong></span> 
     </span>
    </p>
   </div>
   <div class='ocr_carea' id='block_1_4' title="bbox 109 3930 1173 4127">
    <p class='ocr_par' dir='ltr' id='par_1_7' title="bbox 109 3930 1173 4127">
     <span class='ocr_line' id='line_1_40' title="bbox 158 3930 1172 4033; baseline -0.002 -31"><span class='ocrx_word' id='word_1_347' title='bbox 158 3930 189 4033; x_wconf 82' lang='lat'><strong>§.</strong></span> <span class='ocrx_word' id='word_1_348' title='bbox 229 3933 287 4002; x_wconf 85' lang='lat' dir='ltr'><strong>lv.</strong></span> <span class='ocrx_word' id='word_1_349' title='bbox 331 3931 432 4004; x_wconf 90' lang='lat' dir='ltr'><strong>Vetus</strong></span> <span class='ocrx_word' id='word_1_350' title='bbox 469 3933 609 4005; x_wconf 82' lang='lat' dir='ltr'><strong>ecclesiae</strong></span> <span class='ocrx_word' id='word_1_351' title='bbox 634 3933 737 4005; x_wconf 80' lang='lat' dir='ltr'><strong>formo</strong></span> <span class='ocrx_word' id='word_1_352' title='bbox 774 3948 807 4004; x_wconf 91' lang='lat' dir='ltr'><strong>et</strong></span> <span class='ocrx_word' id='word_1_353' title='bbox 834 3935 912 4002; x_wconf 89' lang='lat' dir='ltr'><strong>situs</strong></span> <span class='ocrx_word' id='word_1_354' title='bbox 945 3956 1013 4002; x_wconf 90' lang='lat' dir='ltr'><strong>non</strong></span> <span class='ocrx_word' id='word_1_355' title='bbox 1045 3955 1172 4027; x_wconf 90' lang='lat' dir='ltr'><strong>semper</strong></span> 
     </span>
     <span class='ocr_line' id='line_1_41' title="bbox 109 4028 1173 4127; baseline -0.002 -26"><span class='ocrx_word' id='word_1_356' title='bbox 109 4030 210 4102; x_wconf 84' lang='lat' dir='ltr'><strong>idem.</strong></span> <span class='ocrx_word' id='word_1_357' title='bbox 245 4031 414 4104; x_wconf 86' lang='lat' dir='ltr'><strong>Interdum</strong></span> <span class='ocrx_word' id='word_1_358' title='bbox 445 4031 585 4127; x_wconf 79' lang='lat' dir='ltr'><strong>oblonga</strong></span> <span class='ocrx_word' id='word_1_359' title='bbox 617 4048 685 4103; x_wconf 83' lang='lat' dir='ltr'><strong>erut</strong></span> <span class='ocrx_word' id='word_1_360' title='bbox 716 4057 752 4102; x_wconf 83' lang='lat' dir='ltr'><strong>rc</strong></span> <span class='ocrx_word' id='word_1_361' title='bbox 792 4032 865 4102; x_wconf 84' lang='lat' dir='ltr'><strong>neri</strong></span> <span class='ocrx_word' id='word_1_362' title='bbox 897 4028 1028 4120; x_wconf 90' lang='lat' dir='ltr'><strong>similis,</strong></span> <span class='ocrx_word' id='word_1_363' title='bbox 1068 4030 1173 4101; x_wconf 90' lang='lat' dir='ltr'><strong>inter-</strong></span> 
     </span>
    </p>
   </div>
   <div class='ocr_carea' id='block_1_5' title="bbox 0 0 1599 5188">
    <p class='ocr_par' dir='ltr' id='par_1_8' title="bbox 0 0 1599 5188">
     <span class='ocr_line' id='line_1_42' title="bbox 0 0 1599 5188; baseline 0 0"><span class='ocrx_word' id='word_1_364' title='bbox 0 0 1599 5188; x_wconf 95' lang='lat' dir='ltr'><strong> </strong></span> 
     </span>
    </p>
   </div>
  </div>
 </body>
</html>
