3122 5170
802 409 1024 481 -750-

447 613 456 630 .
485 559 527 630 ll.
555 557 764 654 Privllegium
795 557 908 630 referri
945 573 1052 656 potest
1092 557 1135 628 ad
1171 556 1260 629 bona
1290 560 1443 654 patrimo·

375 661 409 730 n'
444 661 470 728 ’a
494 657 706 744 olerioorum3
750 655 807 728 aed
842 656 904 730 hoo
931 656 1136 754 privilegium
1169 654 1308 727 naturali
1344 661 1445 752 aequi·

376 772 442 828 tate
476 758 614 844 nititur,
654 779 724 826 non
755 781 795 826 ex
827 781 915 826 mara
949 755 1122 828 hominum
1158 753 1326 825 voluntate
1360 753 1444 824 arbi·

376 857 503 954 triaque
523 856 690 950 prooessit.
717 852 801 926 Nam
829 855 865 924 in
893 855 1021 926 civitate
1046 855 1202 949 gratiosos
1231 877 1300 923 esse
1324 849 1440 940 donet,
1535 881 1536 894 ¹

375 953 432 1048 qui
463 977 575 1022 curam
614 967 648 1022 et
687 949 949 1023 sollicitudinem·
976 949 1102 1024 habent
1140 976 1253 1022 rerum
1289 951 1442 1046 spiritua-

374 1049 475 1138 lium,
504 1065 538 1120 et
565 1051 700 1122 omnino
728 1074 864 1147 aequum
894 1065 962 1138 ost,
992 1065 1031 1121 ut
1061 1075 1139 1147 quae
1173 1048 1221 1120 illi
1257 1051 1441 1136 sustinent,

375 1163 510 1245 propter
541 1173 666 1219 sacrum
692 1147 839 1220 officium
866 1163 901 1219 at
929 1149 1168 1236 ministerium,
1197 1171 1322 1236 onera,
1353 1170 1445 1218 oom-

373 1247 564 1342 pensatione
592 1248 806 1318 immunitatis
831 1272 849 1317 a
879 1246 1011 1318 tributis
1051 1261 1086 1316 et
1118 1243 1326 1341 vectigalibus
1365 1243 1445 1314 alle-
1536 1327 1537 1340 χ

372 1343 569 1440 venturo).
597 1343 695 1415 Hise
721 1343 868 1416 fontibus
895 1341 1011 1416 hausta
1039 1359 1089 1415 est
1118 1345 1309 1415 immunitas
1343 1341 1445 1414 bono·

374 1466 447 1514 rum
485 1441 697 1533 clericorum,
727 1459 761 1514 at
798 1441 847 1514 his
892 1441 1114 1514 fundamentis
1155 1443 1309 1514 nituntur
1337 1439 1444 1536 leges,

375 1538 493 1636 quibus
520 1539 635 1612 eadem
649 1539 788 1638 probata
808 1555 869 1612 est.

414 1711 456 1791 (l)
478 1715 509 1774 S.
534 1710 592 1776 th.
618 1711 699 1774 Lect.
722 1711 816 1796 lurp.
842 1710 883 1776 nd
906 1714 993 1776 llom.
1013 1731 1040 1774 o.
1062 1715 1114 1775 ts.
1145 1711 1303 1788 alhhun,
1332 1712 1445 1791 inquit,

374 1791 473 1888 lebito
500 1793 630 1854 solvendi
650 1793 782 1888 tributa,
811 1795 897 1858 liberi
919 1804 989 1856 suut
1010 1795 1108 1856 cleriei
1127 1813 1164 1856 ex
1188 1795 1343 1875 privilegio
1368 1795 1448 1873 prin·

373 1893 481 1970 papum.
508 1873 593 1952 Quod
607 1875 728 1972 qutdem
753 1879 920 1973 aqueum
948 1878 1112 1974 uatufalam
1139 1875 1239 1938 haba.
1263 1879 1326 1938 lloo
1348 1885 1448 1938 auten

372 1956 651 2134 titulata
665 1957 1448 2120 atnltltzttalnttatattus

371 2119 441 2196 bus3
473 2128 501 2182 et
523 2140 564 2182 sto
591 2139 645 2201 per
668 2122 743 2199 hoo,
772 2123 853 2202 quod
885 2128 946 2186 Deo
969 2123 1001 2184 in
1026 2122 1228 2202 spiritualibus
1258 2123 1445 2200 ministrant,

370 2211 592 2282 recompensant
605 2203 668 2284 regi
681 2203 761 2284 quod
774 2223 828 2285 pro
840 2223 944 2268 eorum
956 2223 1027 2286 paae
1038 2205 1165 2268 laborat.
1179 2229 1193 2260 n

417 2330 448 2432 §.
476 2333 535 2405 lll.
563 2331 674 2420 Quare
708 2335 915 2409 eeclesiarum
960 2353 994 2410 et
1022 2335 1215 2410 clericorum
1248 2335 1336 2408 bona
1376 2361 1443 2408 non

369 2429 508 2502 subsunt
549 2433 679 2506 tributis
727 2451 762 2506 et
805 2434 1013 2530 vectigalibus
1062 2435 1239 2526 laicorum,
1284 2435 1444 2532 motuque

371 2529 578 2600 interdicitur
606 2532 663 2620 ai,
703 2535 761 2627 qui
800 2533 850 2604 his
885 2533 1059 2623 oneribus,
1092 2536 1163 2606 aine
1196 2535 1289 2604 venia
1323 2533 1443 2605 summi

370 2623 560 2716 Pontifiois,
578 2653 616 2698 ea
640 2628 726 2700 bona
750 2630 879 2728 subjicit
908 2632 975 2730 (l).
1004 2632 1074 2704 lmo
1102 2657 1145 2703 ne
1173 2657 1191 2702 a
1218 2647 1340 2729 sponte
1366 2633 1442 2728 qui·

369 2719 443 2794 dam
489 2727 662 2821 pecuniam
701 2723 855 2799 dantibus
886 2755 948 2827 pro
988 2729 1119 2801 tributis
1157 2745 1193 2801 et
1236 2728 1443 2825 vectigalibus

369 2823 513 2920 aooipere
539 2821 585 2896 las
612 2840 685 2915 eat,
720 2825 843 2924 qui'qua
869 2824 954 2900 hana
991 2829 1163 2926 pecuniam
1199 2843 1321 2923 sponte
1347 2825 1442 2898 dade·
1539 2865 1540 2908 f

368 2937 468 3009 runt,
498 2937 532 2992 at
569 2925 627 3020 qui
662 2939 858 3022 aeceperunt
897 2929 969 3023 pari
1002 2925 1217 2998 anathematis
1252 2924 1441 3024 plectuntur

369 3043 465 3114 ooena
484 3018 551 3115 (a).

408 3179 451 3258 (ll
473 3182 549 3261 Cap.
565 3183 585 3242 l
599 3179 704 3246 stitia
717 3183 845 3246 inmun.
858 3181 926 3246 saal.

375 3341 382 3356 ·
407 3261 449 3342 (ἢ)
472 3263 545 3344 Cap.
562 3265 580 3324 5
600 3261 665 3326 aad.
690 3264 724 3326 in
745 3269 776 3326 6.
802 3266 860 3329 sed
879 3285 995 3346 posnam
1010 3289 1026 3330 a
1042 3273 1139 3336 Bonil.
1159 3271 1228 3336 Vlll
1253 3269 1441 3330 mmtitutam

368 3362 401 3438 qa
419 3343 471 3406 cit.
497 3363 563 3426 cop.
586 3348 619 3424 ὅ,
644 3349 715 3408 lien.
740 3351 783 3412 Xl
805 3349 838 3409 in
858 3351 989 3412 Extroo.
1017 3355 1101 3417 aazia·
1119 3354 1155 3416 de
1179 3357 1315 3416 immun.
1342 3347 1440 3412 aeta.

367 3433 423 3486 ant.
441 3427 613 3505 commum,
636 3437 751 3492 tantum
774 3429 884 3492 habere
896 3431 993 3494 locum
1007 3437 1102 3499 voluit
1112 3437 1255 3498 adversus
1272 3432 1380 3506 lalana,
1393 3433 1441 3511 qui

366 3525 383 3568 a
398 3507 510 3568 alaricis
523 3509 675 3587 pecuniam
692 3511 860 3592 erigerent,
879 3531 940 3576 non
951 3515 1004 3594 qui
1020 3527 1154 3600 asponte
1177 3513 1318 3580 dantibus
1334 3517 1443 3594 aeripe-

366 3597 444 3650 rant.
458 3590 549 3652 Clam.
565 3596 703 3656 autamV
728 3593 761 3654 ia
782 3591 872 3656 Clota.
888 3595 970 3658 unio.
988 3598 1051 3662 eoo.
1068 3602 1115 3664 ot.
1131 3598 1274 3664 lionilaoil
1296 3597 1442 3658 eonstitu-

366 3669 476 3732 tionam
501 3671 572 3732 ahro
593 3676 652 3734 avit
675 3674 827 3756 legemque
842 3677 933 3756 dixit,
949 3687 983 3740 ut
1007 3681 1038 3744 in
1056 3703 1090 3746 ea
1106 3701 1142 3746 re
1163 3679 1371 3745 lateranensia
1394 3677 1441 3739 ale·

365 3761 444 3814 orata
458 3693 665 3832 eompreffiensa
684 3758 715 3818 in
730 3766 751 3819 t.
777 3761 798 3818 l
820 3767 849 3818 at
865 3762 883 3821 7
897 3758 934 3822 de
956 3765 1088 3826 immun.
1109 3761 1176 3828 aad.
1198 3764 1437 3826 observarentur.

364 3837 476 3896 Varum
499 3839 557 3896 Lao
571 3841 600 3898 X
618 3838 648 3898 in
662 3857 743 3902 oona.
770 3842 907 3904 lateran.
929 3845 956 3906 V
970 3848 1110 3910 Boailaoii
1132 3843 1375 3909 constitutionem
1395 3841 1440 3902 in·

362 3917 486 3998 tegravit
516 3935 690 4000 poenamque
713 3923 1020 3988 excommunicationis
1046 3930 1182 3992 obtinere
1215 3925 1311 3989 voluit
1336 3931 1437 3986 oouln

364 4016 480 4080 omnes,
502 3999 553 4079 qui
564 4019 653 4064 onera
667 4006 882 4083 patrimonialia
895 4008 1094 4076 ecelesiasticis
1106 4014 1313 4095 imponerent,
1328 4005 1438 4086 quique
