3134 5144
788 477 1043 551 -ἳῖῧω-1

363 655 444 728 copo
476 627 554 701 dare
581 655 713 727 operam
743 632 777 699 in
810 627 951 700 ecclesiae
984 630 1141 725 regimine
1172 643 1206 699 ct
1233 625 1436 698 administra·

364 747 467 802 tione.

405 875 447 958 (1)
469 875 642 938 Parochosa
661 875 776 938 Christo
791 877 853 954 ipso
867 873 958 936 fuisse
971 875 1136 952 institutos,
1156 883 1190 936 ut
1204 895 1262 936 una
1280 893 1347 936 eum
1360 873 1437 954 epis-

364 961 458 1038 eopis,
480 959 609 1038 subjecta
629 967 728 1020 umen
751 959 821 1036 ipsis
839 966 999 1038 potestate,
1020 959 1170 1020 ecelesiam
1192 967 1344 1039 regerent,
1363 975 1438 1036 quo-

363 1039 499 1102 rumdam
514 1042 613 1121 opinio
630 1049 691 1116 cst,
708 1049 738 1100 et
756 1040 788 1102 id
813 1041 933 1118 quidam
954 1041 1149 1102 demonstrari
1164 1041 1250 1102 veliet
1276 1039 1368 1115 libro,
1385 1038 1438 1118 qui

365 1141 401 1184 ex
421 1123 530 1186 Gallico
557 1124 590 1184 in
617 1123 749 1186 italicum
776 1141 942 1184 sermonem
967 1141 1124 1184 conversus
1149 1122 1303 1186 Florentiae
1330 1120 1439 1202 prodiit

364 1225 413 1265 an.
436 1207 515 1266 1785
534 1224 601 1266 curn
620 1205 723 1266 titulo:
746 1203 975 1266 L'instituzionc
992 1203 1097 1266 diuino
1113 1203 1160 1266 do’
1178 1201 1322 1280 Porodti,
1337 1223 1356 1264 e
1374 1200 1437 1264 loro

364 1285 466 1349 diritto
491 1285 522 1350 at
545 1306 674 1370 qoooroo
696 1285 835 1370 qenerole
856 1285 936 1349 delto
961 1286 1077 1349 Chimo.
1100 1288 1209 1350 Eadem
1234 1296 1278 1348 est
1295 1286 1438 1347 sententia

365 1372 444 1430 Petri
457 1371 630 1432 Tamburini
642 1372 673 1430 in
686 1369 779 1446 libro,
798 1370 880 1448 cujus
895 1371 1018 1430 titulus:
1037 1372 1114 1432 Vero
1128 1369 1196 1431 idco
1209 1366 1289 1430 dello
1302 1371 1333 1430 S.
1352 1366 1436 1430 Sede.

365 1455 477 1514 Verum
495 1471 584 1531 quam
602 1453 672 1513 falsa
695 1451 757 1512 hec
784 1453 883 1532 opinio
901 1454 955 1530 sit,
980 1453 1051 1513 satis
1068 1451 1196 1513 ostendit
1213 1453 1275 1532 ipsa
1294 1450 1439 1531 parocho-

363 1551 433 1595 rum
463 1536 561 1616 origo,
586 1554 653 1613 quc
677 1543 757 1595 certe
780 1537 821 1596 tlt
843 1535 948 1596 saeculo
974 1535 1123 1614 antiquior
1148 1553 1207 1596 non
1234 1541 1289 1595 cst.
1317 1537 1378 1594 imo
1405 1535 1438 1592 in

364 1617 531 1678 civitatibus
549 1625 617 1678 unte
640 1636 750 1678 annum
779 1617 887 1679 Christi
912 1616 1101 1678 millesimum
1125 1618 1219 1678 nullos
1243 1617 1330 1677 inisse
1352 1633 1438 1694 paro-

365 1698 451 1774 chos,
485 1699 613 1760 ostendit
635 1701 744 1760 Marius
771 1702 869 1778 Lupus
899 1700 1102 1781 Bergomensis
1129 1698 1165 1761 dc
1191 1695 1342 1781 parochiis
1368 1706 1437 1757 onte

365 1799 481 1842 nonum
503 1778 615 1842 utristi
634 1778 837 1842 utilissimum.
864 1785 949 1842 Certe
976 1783 1134 1860 antiquiori
1159 1790 1244 1844 aetatc
1263 1779 1334 1840 nulli
1353 1789 1436 1839 crant

365 1861 533 1941 hujusmodi
558 1863 741 1942 presbytcri,
759 1864 811 1940 qui
833 1865 986 1942 proprium
1007 1863 1150 1924 haberent
1167 1864 1293 1925 officium
1314 1862 1435 1942 regendi

363 1945 523 2024 populum,
549 1945 601 2004 sed
633 1947 783 2024 episcopus
805 1963 898 2005 unum
924 1954 975 2006 aut
1003 1947 1129 2006 alterum
1156 1947 1278 2028 eligebat
1301 1943 1432 2002 sacerdo-

364 2037 442 2098 tem,
459 2027 506 2086 cui
531 2025 619 2086 modo
640 2046 745 2100 unam,
768 2027 856 2087 modo
873 2027 994 2088 alteram
1019 2029 1117 2108 popuii
1140 2040 1251 2107 partem
1272 2026 1431 2086 committa-

364 2109 414 2169 hat
428 2117 457 2168 et
477 2109 523 2168 cui
538 2108 686 2170 adimebat
699 2109 828 2169 officium
846 2110 950 2170 eodem
964 2110 1103 2186 arbitrio,
1121 2131 1179 2189 quo
1198 2111 1323 2172 dederat.
1342 2111 1431 2169 h'emo

364 2191 462 2266 enim,
482 2191 525 2250 uti
546 2209 623 2250 nunc
642 2191 760 2270 parochi
779 2199 866 2268 sunt,
883 2202 963 2252 certo
978 2203 1041 2253 erat
1055 2193 1188 2254 addictus
1212 2191 1330 2272 populo,
1347 2207 1432 2268 quem

364 2281 507 2352 perpetuo
528 2282 644 2353 regeret
658 2273 727 2352 jure
740 2273 828 2333 officii
846 2275 907 2350 sui3
925 2275 1013 2334 dabat
1028 2277 1179 2354 episcopus
1200 2275 1328 2334 subditos
1343 2270 1434 2332 cuivis

364 2354 554 2434 presbytero,
586 2355 675 2415 dabat
706 2355 848 2434 quamdiu
877 2366 908 2416 ct
935 2375 1009 2435 quos
1033 2359 1135 2432 veltet,
1167 2375 1261 2435 noque
1288 2355 1342 2414 ulla
1372 2361 1434 2414 crat

364 2437 472 2516 injuria
497 2435 684 2516 presbytero,
710 2455 727 2497 a
754 2455 812 2515 quo
838 2439 990 2516 episcopus
1017 2440 1166 2518 repetebat
1194 2439 1322 2499 subditos
1347 2454 1432 2510 suos,

365 2519 495 2598 quosvei
521 2520 582 2598 ipse
613 2537 666 2598 per
688 2538 719 2580 sc
748 2529 878 2600 regeret,
907 2521 953 2580 vei
981 2522 1066 2581 alteri
1094 2521 1263 2601 presbytero
1295 2518 1435 2600 regendos

365 2602 573 2664 committeret.
593 2605 684 2680 Lapsu
708 2611 875 2681 temporum
897 2604 1065 2664 maluerunt
1083 2605 1208 2683 episcopi
1227 2601 1364 2682 parochos
1381 2601 1438 2661 cli-

365 2703 450 2766 gere,
472 2683 528 2744 hoc
543 2692 587 2744 est
605 2685 784 2764 presbyteris
798 2685 975 2763 quihusdam
990 2695 1100 2747 certam
1119 2687 1217 2766 populi
1238 2694 1348 2765 partem
1368 2703 1438 2763 pcr-

365 2776 455 2862 pctuo
475 2766 634 2862 rependam
659 2768 858 2842 committere3
884 2775 972 2846 atquc
990 2769 1030 2828 ita
1044 2768 1237 2847 parochorum
1260 2775 1382 2846 potestas
1401 2767 1439 2826 ah

366 2848 1199 3014 1111111111111111111111111
1217 2859 1356 2992 iiiiii}
1373 2857 1440 2992 tt:

365 3011 454 3073 nibus
468 3011 505 3070 ab
526 3011 660 3090 episcopo
684 3013 863 3090 penderent,
886 3033 920 3074 ae
938 3015 1013 3074 nihil
1037 3023 1157 3096 egerent
1181 3015 1243 3074 sine
1265 3023 1362 3074 mente
1389 3021 1440 3074 aut

366 3093 542 3156 conscientia
561 3093 704 3172 episcopi,
728 3101 761 3153 ut
783 3093 881 3172 inquit
908 3099 1064 3158 concilium
1089 3097 1280 3160 Laodicenum
1305 3115 1370 3157 con.
1400 3097 1439 3157 57

366 3175 444 3256 apud
460 3175 609 3236 Lahheum
628 3184 699 3236 tom.
724 3177 737 3236 1
762 3174 867 3238 concil.
889 3177 945 3241 col.
974 3183 1053 3242 tatu
1081 3179 1153 3242 edit.
1186 3183 1297 3254 Vertat,
1324 3187 1353 3238 et
1381 3181 1441 3240 To-

366 3260 497 3320 letanum
516 3261 529 3319 l
548 3275 615 3318 cort.
634 3259 674 3318 20
689 3255 744 3318 cot.
766 3259 846 3320 1471
865 3269 936 3322 tom.
960 3263 990 3322 2.
1012 3267 1086 3324 Nam
1107 3271 1239 3323 constans
1260 3269 1303 3322 cst
1320 3264 1440 3322 Patrum

366 3341 483 3424 regula,
507 3339 693 3420 presbyteros
718 3341 750 3400 in
778 3341 867 3402 rehns
891 3345 1029 3406 omnihus
1057 3347 1190 3424 episcopo
1213 3343 1350 3404 obnoxios
1375 3360 1440 3402 csse

367 3431 518 3504 oportere,
538 3439 634 3500 nequc
652 3441 772 3500 eorum,
788 3435 855 3502 quar
875 3425 912 3484 ad
933 3428 1081 3488 ecclesiam
1099 3427 1264 3506 pertinent,
1280 3424 1439 3504 quidquam
1556 3469 1557 3480 ,

367 3508 431 3568 sinc
447 3506 581 3585 episcopo
604 3505 642 3565 ah
661 3505 718 3566 iliis
734 3525 797 3565 esse
811 3507 989 3568 iaciendum.
1016 3535 1029 3562 «ι
1047 3509 1245 3571 Necessarium
1262 3509 1356 3585 itaque
1373 3515 1437 3583 cst,

367 3589 466 3668 inquit
479 3591 510 3651 S.
531 3588 661 3668 Ignatius
677 3591 789 3668 Martyr
804 3589 889 3670 epist.
911 3590 952 3652 od
974 3589 1121 3652 Trotiioa.
1142 3609 1227 3650 oum.
1250 3591 1269 3649 2
1287 3588 1362 3668 apud
1382 3591 1442 3649 Co-

366 3671 504 3734 telcrium
528 3671 594 3731 ΡΡ.
618 3667 751 3752 Apostot.
777 3679 847 3730 tom.
871 3674 890 3732 2
915 3693 989 3756 paq.
1008 3677 1062 3750 22,
1086 3671 1157 3734 edit.
1179 3675 1322 3754 datoerp.
1342 3673 1441 3747 1698,

367 3751 616 3834 quemadmodum
638 3753 748 3827 tacitis,
777 3760 811 3812 ut
833 3755 897 3815 sinc
920 3759 1052 3836 episcopo
1077 3755 1151 3816 nihil
1171 3755 1273 3835 agatis.
1299 3779 1312 3808 ι
1341 3757 1386 3816 Et
1402 3752 1446 3815 od

368 3832 561 3919 Pititodctph.
577 3855 660 3896 acreio.
680 3837 782 3916 ipoq.
800 3836 855 3895 52:
878 3865 891 3890 ιι
912 3841 1007 3900 Testis
1019 3848 1117 3900 autem
1136 3837 1209 3898 mihi
1225 3839 1250 3896 is
1264 3843 1322 3908 cst,
1338 3837 1368 3896 in
1382 3855 1444 3914 quo

366 3919 577 3990 vimmacum,
598 3915 710 3998 quoda
731 3936 819 3978 carne
843 3915 970 3980 humana
989 3939 1047 3982 non
1070 3919 1268 4001 cognoverim
1297 3917 1348 3978 scd
1373 3921 1444 3998 Spi-

365 4001 442 4061 ritus
458 4001 660 4076 anuunciavit,
678 4001 778 4062 dicens
796 4001 853 4061 ita:
875 4001 939 4064 sino
956 4005 1089 4082 episcopo
1108 4001 1181 4061 nihil
1200 4002 1293 4061 tacite.
1312 4027 1325 4052 r·
1346 4002 1388 4060 Et
1402 3999 1444 4060 od

368 4081 489 4166 Satyro.
516 4103 601 4148 ousta.
626 4087 645 4146 8
653 4101 726 4168 pop.
741 4087 790 4146 57.
813 4081 907 4148 tsine
932 4089 1066 4166 episcopo
1083 4103 1168 4146 ucmo
1182 4083 1340 4163 quidquam
1352 4082 1442 4143 saciat
