3102 5184
554 429 774 498 -577-

123 573 211 640 tudae
229 593 333 638 manns
348 574 466 651 datum,
490 575 634 656 baptismo
650 578 786 654 ioannis,
809 579 898 640 etiam
916 595 969 657 per
993 597 1096 640 manus
1110 583 1202 643 toan-

122 659 169 719 nis
194 657 280 736 datu,
304 666 385 720 reete
411 659 619 738 preponimus.
648 685 661 714 n
693 661 788 738 Atque
813 658 876 722 hec
900 679 985 722 eausa
1007 663 1116 724 erroris
1143 664 1201 726 tuit

122 739 312 814 Novatianis,
338 741 515 818 Donatistis,
537 745 569 803 S.
587 742 732 820 Cypriane
752 749 782 801 et
805 742 926 820 ceteris,
953 743 1032 822 quod
1055 761 1113 804 non
1140 745 1203 806 dis-

122 825 293 904 tinguentes
309 830 464 884 externum
480 825 653 884 sacramenti
674 841 747 902 opus
767 821 929 884 humanum
952 825 989 885 ab
1014 826 1132 886 interno
1161 829 1205 888 ei-

122 907 202 966 teau
224 904 340 980 divino,
357 922 511 984 perperam
527 906 736 978 existimarint,
756 904 893 966 effectum
914 907 1086 968 sacramenti
1103 925 1205 970 neres-

123 988 237 1048 sarium
249 987 286 1048 ab
300 985 421 1048 homine
437 987 640 1060 ministrante,
654 1006 713 1048 uon
728 1007 744 1047 a
758 987 938 1048 sacrificante
954 993 1014 1050 Deo
1026 989 1200 1069 proaedere,

123 1071 166 1130 uti
181 1069 320 1131 observat
330 1073 407 1151 Aug.
423 1067 563 1151 deBapt.
575 1077 669 1134 eamr.
681 1072 794 1132 Dortat.
811 1066 833 1130 l.
851 1071 910 1132 (ia.
928 1073 942 1132 t
958 1089 984 1132 a.
998 1074 1053 1134 tot
1072 1081 1094 1134 t.
1109 1073 1139 1134 9.

171 1247 204 1350 ς.
234 1249 317 1320 XV.
344 1249 555 1350 Quamquam
580 1263 689 1322 autem
714 1265 912 1321 sacramenta
937 1275 1019 1349 opus
1040 1277 1107 1324 non
1141 1251 1202 1322 hu·

124 1347 227 1418 beant
258 1351 398 1420 ministri
434 1351 622 1439 sanctitate,
654 1348 820 1446 postulant
849 1363 959 1418 tamen
986 1351 1056 1446 ejus
1088 1352 1202 1421 inten-

128 1448 275 1534 tionem,
309 1445 372 1520 hoc
398 1463 446 1520 est
469 1447 679 1520 deliberatam
705 1447 908 1518 voluntatem
933 1445 966 1517 id
992 1447 1082 1544 quod
1098 1449 1203 1542 agitur

126 1543 322 1616 conficiendi
364 1545 430 1640 (l).
470 1543 579 1630 Quam
618 1548 836 1618 intentionem
878 1543 995 1618 scholae
1041 1545 1202 1642 triplicem

126 1641 251 1712 iaciunt
274 1645 465 1732 actualem,
490 1669 565 1742 quas
598 1659 717 1740 presto
743 1658 814 1734 est,
842 1669 918 1714 eum
947 1643 989 1713 ad
1024 1643 1078 1732 id,
1113 1643 1203 1740 quod

126 1741 271 1836 agimus,
319 1745 466 1814 animum
507 1740 701 1840 appellimus
734 1757 768 1812 et
815 1741 898 1812 nihil
936 1743 1071 1813 omnino
1113 1741 1201 1812 aliud

128 1840 331 1934 cogitamus:
371 1841 580 1930 virtualem,
613 1865 689 1938 quae
728 1839 837 1912 adesse
860 1837 998 1930 dieitur,
1036 1867 1112 1912 cum
1160 1838 1200 1909 ad

130 1935 250 2034 aliquid
286 1941 432 2035 primum
469 1941 616 2012 animum
661 1937 888 2037 adjunximus,
934 1965 1042 2035 neque
1089 1954 1201 2035 postea

129 2033 329 2110 voluntatem
370 2037 454 2110 hano
492 2039 732 2126 revocavimus,
773 2035 830 2108 sed
859 2035 966 2110 adhuc
998 2039 1032 2106 in
1062 2061 1101 2108 eo
1130 2061 1203 2133 per·

126 2156 327 2226 sereremus,
350 2134 427 2208 lioet
459 2134 547 2206 aliud
573 2137 770 2231 cogitemus,
799 2159 875 2206 cum
910 2161 981 2206 rem
1009 2137 1114 2231 ipsam
1136 2135 1201 2230 agi·

126 2255 220 2322 mns3
263 2232 405 2332 denique
432 2234 671 2322 habitualem,
717 2259 818 2332 quem
861 2231 978 2323 babet,
1014 2235 1073 2332 qui
1111 2231 1203 2303 nulls

125 2331 227 2402 animi
254 2329 504 2422 deliberatione,
530 2331 586 2406 sed
614 2347 745 2404 tantum
782 2331 1017 2404 consuetudine
1047 2329 1197 2428 proclivis

125 2428 319 2504 adsacrum
343 2433 579 2522 ministerium,
609 2446 709 2528 atque
740 2429 802 2502 alio
835 2429 989 2502 distracto
1012 2431 1121 2500 animo
1144 2454 1198 2500 su·

124 2545 330 2604 crementum
366 2530 580 2602 administrat.
617 2527 704 2604 Sane
730 2529 884 2604 asmata
912 2527 1062 2602 uoluntas
1091 2526 1198 2599 effica-

124 2627 250 2698 cissima
302 2643 370 2719 est,
414 2630 580 2701 virtualis
627 2627 750 2699 suffieit
792 2625 835 2697 ad
878 2628 945 2697 sim
987 2627 1197 2714 sacrementi,

125 2723 324 2800 mamacas
335 2743 443 2800 autem
459 2727 556 2826 plane
572 2725 697 2798 inutilis
708 2740 757 2797 est
771 2723 837 2824 (b).

175 2925 189 2986 t
229 2925 318 2986 Gunc.
331 2925 415 2988 Trid.
431 2944 503 2990 aeas.
517 2927 535 2988 7
550 2945 619 2990 saa.
635 2927 668 2988 tr
685 2921 721 2988 do
731 2926 869 2986 Sacram.

174 3007 194 3067 2
229 3009 261 3068 S.
282 3005 339 3068 Tb.
353 3015 437 3093 part.
455 3011 473 3070 5
488 3028 519 3092 q.
536 3010 575 3070 tt
593 3015 652 3070 ort.
669 3009 688 3068 8
702 3006 836 3068 sufficere
851 3005 892 3066 ait
908 3002 1089 3066 habitualem
1102 3003 1201 3064 inten-

125 3085 237 3150 tionem
259 3087 301 3150 ad
312 3087 520 3232 pefectionem
546 3089 741 3166 sacramenti,
765 3088 817 3150 sed
839 3087 865 3150 ei
889 3089 1023 3150 voluntas
1039 3083 1201 3148 habitualis

126 3179 178 3250 est,
190 3189 282 3252 quum
296 3190 349 3232 uns
383 3173 451 3236 odie
463 3169 625 3234 virtualem
636 3171 826 3252 appellemus.

171 3327 204 3428 S.
236 3325 333 3400 xvi.
360 3327 447 3402 Nam
475 3327 711 3402 sacramentalis
737 3329 819 3401 actio
843 3326 987 3400 humano
1009 3325 1108 3398 modo
1128 3323 1199 3396 fieri

126 3425 243 3513 debet,
271 3425 391 3500 scilicet
419 3453 486 3500 uon
521 3453 612 3502 more
639 3425 825 3524 pecudum,
855 3425 911 3496 sed
947 3440 1036 3496 certo
1059 3451 1096 3496 ae
1123 3423 1201 3496 deli·

126 3524 241 3596 berato
274 3527 404 3616 animo,
433 3525 522 3624 quud
554 3543 603 3597 est
635 3529 806 3624 proprium
841 3524 1000 3614 hominis,
1033 3527 1090 3620 qui
1122 3549 1201 3619 par-

126 3625 228 3721 ticeps
253 3625 385 3694 rationis
412 3639 472 3695 eat.
497 3623 600 3722 Atqui
620 3623 756 3694 modum
788 3621 972 3694 humanum
998 3645 1066 3693 non
1092 3645 1199 3718 praes-

127 3735 173 3790 tat
206 3719 382 3792 habitualis
418 3723 575 3815 intentio,
617 3749 715 3822 quam
755 3721 879 3792 habent
906 3723 1002 3792 etiam
1032 3734 1197 3808 amentes,

127 3819 345 3909 dormientes,
399 3820 499 3910 ebrii,
574 3822 607 3894 ui
650 3837 737 3894 certe
779 3845 848 3892 nou
905 3817 1049 3890 humano
1097 3832 1199 3910 agunt

126 3917 247 4008 modo,
291 3943 353 3990 rec
389 3943 463 3990 cum
503 3848 629 4018 judicio
672 3921 823 4010 rationis,
873 3913 1033 4014 quidquid
1082 3928 1194 4010 agunt.

128 4015 217 4087 Ferri
240 4014 389 4088 uoluntas
409 4015 508 4090 debet
544 4021 581 4090 in
611 4043 667 4108 ea,
706 4043 783 4116 quae
809 4017 956 4090 Christus
985 4013 1083 4112 jussit
1111 4037 1198 4110 quae-
