3140 5168
563 365 851 446 -559-.

132 514 240 603 verit,
283 512 379 582 ctiam
408 513 604 583 matrimonii
636 511 785 584 defensor
816 513 976 588 abstinere
1011 541 1045 586 se
1071 516 1207 615 ajudi-

133 613 180 683 cii
207 636 374 708 progressu
408 609 525 698 debet,
571 626 795 682 verumtamen
824 614 895 707 cjua
940 630 987 686 eat
1032 639 1207 712 provocare

132 709 181 780 ad
215 707 363 807 judicem
405 709 623 806 superiorem,
678 735 754 780 cum
791 715 951 784 sententia
993 729 1107 784 contra
1138 717 1204 784 vim

133 809 336 880 matrimonii
373 805 437 876 lata
476 822 536 877 eat.
566 805 676 878 Altera
710 809 869 878 sententia
900 810 927 882 ai
961 812 1204 882 matrimonium

133 905 285 977 similiter
314 907 443 975 irritum
484 903 685 995 declaretur,
716 931 844 978 necesse
883 931 951 978 non
986 925 1035 978 est
1066 907 1206 1005 longiori

128 1005 258 1104 judicio
298 1004 455 1100 experiri,
487 1019 520 1074 ct
556 1019 637 1074 tunc
664 1028 703 1102 eo
735 1001 831 1076 finito
855 1005 1027 1103 conjuges,
1061 1009 1118 1103 qui
1148 1009 1206 1078 in-

135 1106 255 1191 terim,
298 1100 377 1172 dum
410 1100 554 1172 fervebat
585 1099 766 1199 judicium,
812 1126 910 1174 novas
955 1106 1084 1201 nuptias
1123 1106 1206 1176 inire

135 1199 415 1299 prohibebantur,
448 1197 490 1270 ad
521 1224 573 1270 eas
614 1202 750 1270 transire
786 1199 888 1272 libere
922 1219 1070 1296 possunt.
1105 1201 1204 1274 Sem-

135 1325 198 1396 per
227 1316 339 1370 tamen
364 1301 528 1392 integrum
550 1313 618 1389 est,
652 1301 749 1370 etiam
774 1314 947 1396 postquam
983 1299 1109 1372 duabus
1135 1326 1206 1371 sen·

137 1399 249 1469 tentiis
303 1396 507 1468 infirmatum
561 1412 609 1466 est
663 1399 929 1488 matrimonium,
984 1395 1206 1494 redintegrare

130 1495 316 1594 judicium,
356 1497 510 1592 quoniam
542 1493 595 1567 hae
624 1498 793 1567 sententiat
825 1497 891 1565 vim
923 1521 1106 1592 numquam
1148 1521 1205 1566 ac·

137 1597 264 1694 cipiunt
279 1595 326 1665 rei
334 1592 489 1688 judicatae
501 1592 567 1690 (1).

179 1743 221 1824 (l)
243 1747 351 1805 Cuncta
364 1741 442 1818 hnc,
458 1759 524 1820 quat
540 1741 689 1822 pertinent
706 1741 744 1802 ad
757 1760 790 1802 oo
811 1741 968 1804 noscendas
982 1759 1081 1803 causas
1100 1741 1206 1802 matri-

137 1825 294 1902 moniales,
323 1842 482 1901 earumque
502 1823 611 1902 judicia
638 1825 780 1903 expedien
824 1869 834 1901 ‚
861 1831 994 1884 accurate
1013 1825 1130 1902 lateque
1153 1841 1206 1884 ax·

138 1909 314 1990 plicantura
332 1911 403 1969 Ben.
422 1909 491 1968 xtv
508 1906 541 1967 io
559 1915 650 1968 conat.
670 1905 730 1967 Dei
743 1905 932 1969 miseratione
950 1907 989 1968 25
1005 1913 1076 1968 tmn.
1096 1909 1110 1967 l
1130 1901 1203 1968 tote.

135 2010 209 2074 paq.
237 1991 276 2051 ta
304 1987 351 2050 cd.
376 1985 488 2064 indic.,·
502 2007 590 2066 quam
614 1988 850 2050 constitutionem
875 1989 937 2068 ipae
961 1992 1034 2050 Ben.
1063 1995 1205 2050 memorat

139 2075 173 2134 in
192 2075 290 2134 comt.
312 2070 347 2132 si
360 2069 465 2132 datum
488 2072 527 2130 tt
544 2078 615 2130 tom.
634 2073 653 2132 9.
670 2067 780 2132 ludar.
802 2090 875 2154 pop.
891 2072 963 2147 256,
992 2078 1020 2132 et
1041 2069 1076 2130 in
1103 2073 1204 2134 Cenat.

139 2155 208 2218 nur·
224 2149 456 2215 matrimonialia
468 2152 502 2213 tit
518 2160 588 2212 tom.
600 2154 702 2234 lpaq.
717 2154 788 2214 att.

426 2727 742 2820 URWRW
789 2729 918 2818 m·

444 2953 481 3020 tta
493 2953 655 3036 trtrtgartiir
667 2960 691 3016 et
703 2952 902 3018 demissioribus.

597 3138 746 3150 -un—

139 3285 159 3339 l.
182 3281 390 3353 indulgentiarum
421 3283 475 3336 lona
507 3295 531 3336 et
563 3283 633 3336 ellac-
712 3285 754 3336 111.
768 3285 860 3337 Earum
876 3287 1087 3338 comedendarum
1099 3295 1207 3356 potoetaa

203 3361 251 3401 tus.
775 3369 817 3402 naa
826 3352 960 3404 ecclesiam.

140 3415 170 3467 ll.
193 3415 353 3484 Indulgentiae
369 3414 500 3483 plenariae,
522 3415 560 3466 ael
578 3432 634 3484 par-
713 3368 844 3468 lVleariae
854 3433 940 3470 earum
951 3419 1051 3486 aperio·¹

206 3481 283 3534 tiataa.
713 3484 740 3532 V.
755 3483 920 3560 indulgentiae·
934 3501 979 3553 pro
988 3484 1046 3536 rivis
1060 3493 1084 3533 ct
1104 3479 1204 3532 deiunc-

626 3688 657 3791 ς.
686 3691 712 3764 1.

184 3835 293 3907 Hanar
336 3835 464 3908 ecclesia
514 3835 698 3912 thesaurum
736 3839 981 3930 inexhaustum,
1023 3836 1203 3910 conflatum

137 3961 176 4008 ex
215 3934 351 4008 infinitis
393 3933 512 4008 Christi
556 3937 678 4011 meritis
719 3935 979 4036 sanctorumque
1016 3935 1200 4010 satisfactio·
