3100 5182
516 377 738 449 -145-

101 529 168 614 sint,
196 527 359 620 primatus
388 524 583 596 instituendi
619 551 747 596 causam
779 525 875 598 fuisse
918 527 1077 601 unitatem
1115 547 1164 602 tot

102 623 257 694 hominum
281 638 316 694 et
357 639 406 694 tot
436 622 663 712 ecclesiarum,
706 623 890 720 exquibus
919 651 984 694 una
1023 625 1165 698 efficitur

102 719 214 791 mlesia
246 718 426 808 catholica,
453 735 510 790 aut
549 720 680 791 nullum
709 747 777 792 esse
814 737 933 818 putant
960 741 1078 818 caput,
1105 749 1164 818 per

101 817 175 912 qnod
203 816 264 888 illa
288 815 464 888 hominnm
490 833 524 888 et
546 817 752 890 ecclesiarum
779 818 957 890 multitudo
979 823 1163 920 conjunga-

103 929 161 1002 tur,
200 931 260 986 aut
287 931 387 1010 caput
414 913 548 1008 lingunt
577 917 673 986 inane
703 931 738 986 et
766 919 927 1005 otiosum,
958 919 1028 988 sine
1056 923 1091 992 ri
1129 935 1164 988 et

102 1026 264 1104 potestate,
298 1037 365 1108 qua
401 1011 551 1083 homines
580 1012 621 1081 ad
654 1011 838 1106 parendum
867 1029 972 1108 cogat.
991 1013 1164 1098 Quemad-

104 1107 224 1178 modum
251 1111 367 1204 siquis
389 1111 566 1180 exercitum
591 1107 766 1181 conficeret
788 1113 856 1182 sine
877 1114 1091 1208 imperatore,
1108 1129 1165 1183 aut

103 1207 319 1300 imperatorem
350 1205 464 1294 daret,
498 1209 556 1302 qui
584 1206 758 1278 umbratile
787 1207 921 1279 haberet
949 1234 1090 1300 nomen,
1106 1236 1165 1280 ra-

103 1325 189 1372 cuom
210 1319 372 1398 potestate
390 1319 425 1374 et
453 1305 612 1399 imperio,
646 1308 699 1374 cui
728 1304 846 1375 milites
876 1323 1013 1401 pareant
1049 1323 1082 1377 et
1105 1333 1165 1403 per

106 1399 184 1491 qnod
198 1402 231 1469 in
246 1399 356 1472 officio
372 1402 616 1472 contineantur.

135 1491 273 1660 &llll
299 1495 453 1594 Cumque
479 1523 625 1568 summus
651 1497 803 1568 Pontifex
829 1521 964 1585 omnes,
994 1523 1073 1594 quas
1098 1523 1163 1569 una

104 1615 136 1660 ca
172 1592 248 1664 olion
286 1595 417 1666 ccclesia
455 1595 704 1692 complectitur,
748 1595 918 1682 dioeoessr,
962 1596 1163 1691 provincias,

105 1690 245 1760 nationes
259 1715 369 1785 cogere
391 1691 433 1761 ad
461 1695 619 1762 unitatem
645 1691 781 1782 debeat,
810 1695 846 1761 in
879 1715 992 1762 omnes
1064 1705 1166 1762 teota-

105 1799 166 1854 tem
187 1785 297 1857 haheat
317 1813 446 1860 necesse
466 1805 526 1858 est.
557 1791 604 1860 lta
633 1791 703 1886 ejus
727 1791 922 1885 imperium,
951 1813 1018 1885 quo
1063 1805 1164 1860 totam

106 1883 338 1979 comprehendit
369 1885 554 1976 ecclesiam,
584 1885 689 1956 fertur
728 1889 764 1956 in
793 1911 907 1958 omnes
942 1885 1162 1981 patriarchas,

107 1981 263 2072 primates,
284 1984 525 2080 metropolitas,
550 1986 735 2080 episcopos,
760 1984 913 2078 quoniam
938 1985 1057 2079 siquis
1084 1999 1165 2054 esset

107 2099 205 2146 eorum
225 2105 293 2150 non
321 2079 480 2152 obnoxius
505 2079 581 2151 huic
608 2081 781 2176 potestati,
814 2082 841 2149 is
865 2081 1000 2176 impune
1022 2077 1165 2149 disrum-
1223 2129 1237 2144 .

106 2196 173 2265 pere
189 2193 296 2270 posset
328 2180 650 2273 unitatem,.quaea
680 2175 835 2247 catholica
863 2177 995 2246 ecclesia
1023 2175 1164 2274 disjungi

106 2292 162 2338 non
193 2287 312 2367 potest.
348 2273 459 2370 Atque
491 2271 562 2344 haec
604 2274 824 2344 ecclesiasticae
856 2271 1044 2344 hierarchiae
1084 2277 1166 2344 ratio

107 2381 162 2455 ert,
184 2383 219 2438 ut
246 2368 411 2440 christiani
435 2395 548 2443 omnes
572 2373 712 2467 episcopi
734 2369 971 2466 metropolitis,
998 2383 1168 2466 metropo-

107 2459 163 2533 lite
185 2467 378 2560 primatibus
408 2493 445 2538 ac
470 2469 685 2565 patriarchis,
718 2469 829 2538 cuncti
860 2467 994 2537 demum
1018 2465 1166 2537 Romano

108 2557 244 2633 Pontifici
271 2564 495 2661 subjiciantur.
527 2565 694 2662 Episcopi,
725 2564 963 2659 metropolitae,
990 2566 1165 2658 primates,

107 2659 282 2748 patriarchae
312 2675 345 2730 et
368 2663 517 2732 omnium
546 2663 697 2758 princeps
729 2685 879 2731 summus
906 2659 1059 2728 Pontifex
1086 2683 1166 2754 pro-

108 2755 167 2917 phrie
211 2755 362 2828 efficiunt
398 2756 631 2850 hierarchiam,
672 2781 746 2856 quae
779 2755 1013 2854 jurisdictionis
1055 2753 1170 2852 appel-

136 2863 194 2925 tur.

147 2945 175 3046 ς.
212 2949 276 3020 ΙΧ.
312 2949 442 3048 Reliqui
485 2955 689 3048 magistratus
728 2953 827 3022 creati
864 2966 959 3040 sunt,
989 2965 1027 3018 ut
1052 2947 1169 3018 auxilio

110 3063 201 3117 essem
227 3051 410 3145 episcopis,
444 3066 544 3144 atque
570 3051 604 3118 in
631 3073 686 3121 eos
718 3048 862 3119 derivata
897 3065 945 3117 est
972 3071 1047 3143 pars
1064 3047 1170 3143 juris-

113 3139 266 3234 dictionis,
302 3171 377 3242 quae
416 3148 542 3240 integra
580 3145 621 3215 ad
659 3147 846 3244 episcopum
888 3146 1044 3241 pertinet.
1087 3141 1173 3210 Hinc·

111 3236 235 3312 instituti
271 3241 489 3340 coadjutores,
520 3257 559 3314 ut
597 3245 749 3338 episcopo
784 3239 943 3340 impedito
973 3265 1070 3336 opem
1103 3237 1171 3307 ser-

112 3353 189 3428 rcnt,
217 3337 461 3434 chorepiscopi,
492 3356 529 3409 ut
553 3355 730 3436 praeessent
762 3338 890 3434 oppidis
917 3337 1083 3423 dioeoesis,
1118 3336 1170 3401 ri-

112 3434 192 3522 ttrii,
219 3451 260 3505 ut
286 3438 429 3532 episcopi
471 3439 554 3507 ricoe
586 3452 756 3530 gererent,
788 3438 887 3506 ceteri
928 3433 1061 3503 demum
1097 3457 1171 3500 mo·

112 3527 266 3688 prmus,
284 3533 403 3629 quibus
425 3532 486 3603 sub
514 3535 665 3629 episcopo
685 3547 772 3604 certa
793 3534 829 3602 in
850 3530 1011 3629 populum
1032 3543 1172 3626 potestas

131 3639 175 3695 ata
187 3645 248 3698 est.

150 3719 178 3819 §-
213 3725 260 3796 X.
295 3723 385 3809 Quin
422 3729 519 3797 etiam
555 3725 750 3822 quibusdam
788 3725 910 3796 clericis
942 3721 1102 3792 tributum
1125 3733 1174 3788 est

110 3833 225 3892 cenum
262 3821 408 3892 officium
440 3825 509 3893 sine
543 3821 790 3920 jurisdictione,
835 3819 1051 3917 quibusdam,
1091 3837 1173 3910 prae-

110 3927 153 3984 tcr
179 3917 339 4010 officium,
374 3921 473 3990 etiam
503 3919 634 3992 honoris
665 3921 898 4022 praerogatira,
926 3933 959 3986 et
990 3915 1066 3982 hinc
1094 3925 1174 3981 ortae
