3134 5144
770 462 991 532 ...220-

394 615 425 716 ς.
464 611 648 684 Lxxt'ltt.
686 607 832 682 vicarius
864 637 932 682 non
964 609 1065 681 habet
1106 609 1322 700 beneficium,
1357 611 1416 682 sed

346 715 443 786 habet
463 737 602 800 munus,
626 725 660 781 et
687 709 817 779 muneri
849 709 1042 808 adjunctum
1074 707 1233 782 honorem
1260 735 1337 780 cum
1354 711 1417 808 ju-

346 811 549 899 risdictione,
583 811 675 908 cujus
704 806 787 877 finos
815 811 956 906 episcopi
987 807 1121 880 arbitrio
1154 810 1413 880 constituuntur.

345 910 431 982 Nam
456 923 494 978 ut
531 909 667 978 vicarius
693 905 734 976 ab
766 907 917 1004 episcopo
947 905 1095 1002 cligitur,
1137 909 1181 976 ita
1214 931 1344 978 omnem
1373 907 1417 976 ab

345 1034 384 1080 eo
412 1009 528 1104 accipit
551 1005 813 1105 jurisdictionem
838 1005 905 1101 (l)
941 1005 1055 1102 ltaque
1079 1007 1247 1103 episcopus
1278 1030 1336 1076 suo
1357 1003 1418 1075 ln-

344 1107 416 1176 bitu
443 1121 550 1201 potest
576 1120 633 1174 aut
658 1103 799 1175 electum
826 1107 980 1174 vicarium
1005 1129 1184 1193 removere,
1208 1119 1415 1193 autunum,

343 1205 394 1276 sel
426 1203 554 1301 plures,
599 1203 652 1273 sel
680 1203 778 1273 etiam
818 1201 947 1272 nullum
986 1201 1123 1296 eligere,
1144 1227 1221 1272 eum
1250 1204 1319 1298 ipse
1346 1205 1418 1272 sine

343 1303 447 1374 aliena
477 1328 540 1398 ope
560 1321 626 1372 'suo
655 1327 714 1398 per
744 1325 778 1370 se
807 1326 944 1370 munere
972 1300 1064 1396 iungi
1096 1313 1204 1396 potest
1246 1301 1315 1396 (2).
1350 1298 1419 1370 Ubi

342 1401 453 1499 plures
484 1401 650 1472 constituti
680 1415 778 1486 sunt,
819 1401 908 1496 iique
944 1403 986 1468 in
1022 1399 1194 1486 celadum,
1239 1397 1420 1469 antefertur

340 1515 481 1598 potestas
514 1499 603 1598 ejus,
636 1500 694 1595 qui
734 1501 860 1594 primus
894 1499 1061 1592 negotium
1101 1495 1234 1592 aliquod
1269 1521 1415 1594 occupa-

342 1601 406 1684 vit3
442 1597 497 1668 ubi
530 1601 616 1667 inter
642 1595 784 1690 singulos
826 1595 926 1666 divisa
965 1611 1043 1665 sunt
1072 1591 1198 1686 officia,
1239 1597 1325 1666 intra
1356 1620 1419 1666 eo-

343 1723 420 1767 rum
436 1695 518 1766 lines
534 1697 702 1766 continere
715 1719 750 1766 se
765 1697 991 1792 unusquisque
1006 1692 1116 1765 debet.

384 1907 426 1990 (t)
447 1910 523 1970 Num
539 1905 704 1980 ordinaria,
723 1924 761 1966 an
782 1904 913 1986 delegata
939 1906 978 1966 sit
995 1905 1104 1967 vicarii
1121 1905 1264 1987 generalis
1273 1905 1418 1984 jurisdic-

343 1992 400 2067 tio,
418 1997 502 2050 vetus
518 1988 640 2068 questio
665 1996 725 2063 est,
748 2005 814 2065 qum
834 1988 953 2068 ingenia
977 1989 1192 2050 canonistarum
1210 1997 1330 2048 exercet.
1352 1991 1415 2064 Qui

343 2091 408 2133 eam
426 2071 604 2132 ordinariam
624 2088 686 2130 esse
705 2069 901 2144 arbitrantur,
924 2069 970 2130 his
986 2071 1049 2132 lere
1067 2070 1244 2152 argumentis
1258 2070 1411 2132 nituntur:

343 2153 422 2233 quod
443 2153 568 2213 vicarius
595 2171 755 2230 numquam
780 2150 930 2233 delegatus
955 2154 985 2212 in
1013 2152 1206 2213 decretalibus
1228 2151 1413 2231 appellatum

343 2237 423 2316 quod
445 2243 539 2314 potest
559 2253 658 2294 causas
680 2233 835 2295 nonnullas
858 2235 943 2295 alteri
968 2233 1120 2316 delegare,
1141 2253 1208 2295 cum
1226 2235 1259 2294 id
1282 2233 1417 2314 delegato

345 2339 405 2380 non
421 2319 520 2393 liceat3
537 2315 617 2394 quod
633 2315 761 2396 denique
781 2317 871 2378 semel
890 2317 1064 2378 constitutus
1081 2336 1134 2378 suo
1147 2316 1215 2396 jure
1232 2326 1346 2377 exercet
1362 2335 1417 2392 ea,

344 2420 409 2480 qum
428 2407 497 2461 sunt
512 2398 681 2477 episcopalis
693 2397 916 2478 jurisdictionis.
935 2399 992 2460 Sed
1013 2399 1105 2460 multa
1132 2407 1229 2460 tamen
1243 2407 1418 2480 argumenta

344 2491 428 2558 sunt,
446 2479 603 2558 exquibus
622 2477 724 2540 confici
737 2479 855 2542 videtur
873 2499 972 2560 posse,
989 2482 1097 2542 vicarii
1112 2479 1345 2560 jurisdictionem
1358 2479 1416 2541 de-

341 2565 467 2646 legatam
492 2581 568 2638 esse,
596 2579 655 2623 uon
680 2563 869 2624 ordinariam.
897 2567 969 2624 Tota
990 2565 1069 2624 enim
1095 2563 1203 2642 pendet
1230 2564 1268 2624 ab
1292 2563 1418 2626 arbitrio

343 2655 478 2725 natuque
496 2645 640 2724 episcopi,
653 2646 705 2723 qui
724 2663 777 2706 suo
790 2645 886 2706 lubitu
898 2645 1040 2706 vicarium
1057 2646 1208 2706 constituit
1221 2655 1252 2705 et
1265 2655 1416 2723 removet,

342 2731 375 2791 in
393 2747 520 2808 eumque
544 2728 588 2788 vel
608 2727 753 2790 minorem
776 2727 822 2788 vel
844 2727 983 2806 majorum
1001 2728 1114 2788 confert
1131 2737 1312 2807 potestatem.
1335 2731 1419 2789 Rur-

342 2831 392 2874 sus
406 2811 505 2873 vicarii
533 2810 662 2872 tribunal
687 2829 781 2870 unum
801 2810 939 2888 idemque
958 2819 1001 2870 est
1024 2829 1092 2872 cum
1113 2809 1252 2871 tribunali
1270 2811 1417 2890 cpiscopi3

342 2913 435 2972 eaque
459 2901 587 2970 mortuo,
610 2901 661 2952 eut
682 2891 825 2972 dignitate
849 2900 944 2968 moto,
967 2910 1084 2953 omnem
1103 2891 1228 2954 vicarius
1243 2893 1351 2953 arnittit
1362 2891 1419 2971 ju-

341 2975 562 3048 risdictionem,
588 2991 653 3050 quae
680 2973 805 3052 proinde
828 2973 882 3033 alia
909 2991 968 3034 non
996 2983 1056 3050 est,
1085 2993 1173 3053 mam
1200 2975 1261 3054 ipsa
1287 2975 1418 3054 episcopi

343 3056 492 3131 mandata,
507 3053 554 3115 rel
569 3053 700 3134 delegata
710 3055 887 3132 jurisdictio.
904 3059 1015 3118 Verum
1029 3058 1053 3117 si
1067 3058 1167 3117 vicarii
1178 3056 1419 3136 jurisdictionem

343 3137 523 3200 ordinariam
547 3135 687 3212 dicimus,
709 3136 787 3214 quod
813 3137 875 3216 ipse
898 3155 963 3198 eam
981 3147 1096 3200 exuuet
1119 3147 1239 3218 propter
1265 3139 1416 3215 cilicium,

342 3220 421 3299 quod
437 3218 504 3298 jure
523 3217 679 3296 probatum
697 3227 756 3294 est,
779 3225 809 3278 et
829 3218 896 3278 ideo
911 3219 1146 3299 jurisdictionem
1170 3223 1262 3300 ipsam
1276 3239 1335 3282 non
1352 3229 1418 3282 tam

342 3303 380 3364 ab
399 3301 534 3378 homine,
556 3318 644 3378 quam
667 3319 685 3360 a
709 3301 777 3380 jure
798 3300 907 3362 habere
924 3302 1074 3381 videatur,
1100 3303 1156 3365 hoa
1182 3303 1302 3383 quidem
1325 3321 1420 3364 sensu

343 3403 407 3446 eam
421 3382 600 3445 ordinariam
611 3381 749 3462 appellari
764 3401 857 3464 posse,
875 3401 934 3445 non
945 3384 1110 3447 inficiabor.

384 3577 426 3663 (ἱ)
447 3581 478 3642 si
498 3577 650 3660 episcopus
671 3597 757 3640 snum
780 3585 861 3640 recte
881 3597 990 3640 munna
1016 3597 1070 3659 per
1093 3597 1124 3641 se
1148 3581 1245 3660 ipsum
1261 3578 1341 3640 obire
1357 3597 1426 3658 po-

343 3671 418 3742 test,
446 3660 556 3722 nullam
575 3661 665 3722 habet
683 3662 882 3723 necessitatem
897 3663 1024 3743 eligendi
1042 3663 1200 3740 vicarium,
1219 3661 1296 3742 quod
1313 3667 1343 3720 et
1367 3679 1426 3724 res

346 3748 408 3826 ipsa
429 3743 556 3806 declarat
571 3751 601 3804 et
614 3743 741 3804 ostendit
755 3743 876 3806 historia
894 3761 995 3806 aarum
1013 3753 1197 3824 temporum,
1215 3743 1322 3823 quibus
1335 3745 1427 3823 epis-

342 3829 406 3908 copi
433 3830 487 3907 ipsi
511 3843 565 3906 per
591 3843 622 3886 sc
646 3827 721 3887 solos
745 3827 942 3907 eptacepatum
969 3837 1138 3908 gessen-anm
1163 3827 1252 3888 habet
1274 3826 1424 3904 omuino,

343 3921 378 3971 ut
401 3929 454 3972 suo
481 3909 623 3992 satilaciat
645 3910 779 3988 muneri,
800 3911 824 3970 si
848 3909 875 3970 ei
900 3909 978 3970 salua
1002 3910 1160 3988 impersit.
1183 3911 1225 3970 lta
1250 3908 1349 3987 paucis
1363 3925 1428 3971 ex—

343 3992 446 4070 pedire
463 3991 582 4053 videtur
595 4009 680 4070 passe
699 3998 783 4052 vetus
805 3991 1016 4067 controversia,
1042 3991 1149 4069 inqua
1173 3991 1306 4070 plerique
1326 4009 1428 4053 mno-

348 4075 492 4137 nistaram
503 4083 532 4136 et
546 4073 749 4156 theologorum
762 4075 822 4136 otio
835 4093 869 4134 ac
878 4083 1011 4154 tempore
1023 4073 1106 4138 abusi
1119 4084 1199 4135 sunt.
