3122 5178
526 479 721 552 ,57-

116 629 185 690 aum
196 631 373 692 collectiones
393 629 594 710 migraverint.
615 629 667 691 llis
680 629 771 711 igitur
787 627 946 690 mnonibus
971 627 1158 710 lompletrtas

116 722 247 790 numaque
269 713 358 774 luisse
381 719 494 772 mussat
508 713 618 790 aliquas
635 711 793 772 latinorum
812 711 1012 784 collectiones,
1041 721 1070 772 et
1096 715 1161 802 aliis

116 795 185 854 edam
194 799 388 857 Romanorum
398 791 573 856 Pontificum
585 793 742 854 decretales
755 801 946 854 messmam.
960 797 1024 856 Non
1035 796 1113 856 enim
1123 797 1160 858 iis

115 877 303 956 auectior,qui
315 877 489 956 Dionysium
501 877 629 954 primum
638 876 727 936 luisse
737 883 851 954 putant,
863 876 913 954 qui
926 875 989 936 illas
1000 875 1161 940 decretales

115 958 251 1039 collegerit.
265 959 333 1020 Fuit
344 959 368 1018 is
377 957 498 1036 quidem
509 958 631 1036 primus,
643 959 693 1035 qui
705 957 862 1018 demulce
872 977 888 1018 a
900 957 1058 1019 canonibus
1064 961 1157 1020 couci-

114 1038 202 1100 liorom
215 1040 351 1101 discrevit
361 1047 449 1118 atque
465 1039 568 1100 ordine
577 1040 739 1116 recensuit,
751 1058 817 1100 atro
829 1041 859 1100 in
871 1040 999 1118 antiquis
1013 1041 1160 1104 collectio-

115 1120 186 1181 nibus
198 1125 290 1182 omnia
306 1123 474 1200 permixtim
492 1129 522 1181 et
539 1121 658 1182 confuse
671 1120 920 1192 describerentur,
940 1139 1042 1184 omncs
1061 1130 1160 1186 umet

114 1199 152 1261 be
167 1204 342 1264 collectiones
360 1205 472 1282 privato
485 1204 583 1264 studio
595 1201 733 1264 absolutae
749 1212 833 1276 sunt,
846 1212 875 1264 et
887 1202 953 1264 ideo
964 1205 1044 1265 nulla
1057 1223 1159 1268 unam

115 1286 268 1346 constituere
279 1287 375 1364 potuit
388 1285 517 1346 codicem
527 1303 683 1360 canonum,
695 1285 745 1362 qui
757 1285 871 1364 publica
882 1287 1052 1348 auctoritate
1062 1305 1160 1368 recep

114 1365 201 1442 tusjus
212 1368 307 1430 latine
320 1367 448 1428 ecclesiae
459 1369 632 1428 contineret.
648 1366 760 1428 Codicis
774 1367 849 1442 loco,
863 1375 897 1428 ut
910 1365 1050 1446 arbitror,
1066 1387 1158 1450 usqtte

114 1445 145 1505 ad
153 1458 274 1510 cctam
284 1449 423 1510 mulum
437 1453 575 1510 Romanoa
586 1447 713 1509 ecclesie
725 1449 783 1510 luit
797 1447 994 1524 Bibliotheca,
1009 1469 1076 1528 qun
1087 1453 1162 1514 dice-

115 1525 358 1606 baturlrcbim
373 1527 524 1607 Sebrinio,
539 1527 745 1606 chartarium,
753 1529 804 1590 ubi
810 1531 999 1592 decretalium
1005 1531 1164 1614 autbogra-

116 1609 183 1686 pba,
199 1619 280 1689 aune
296 1619 371 1688 ada,
391 1621 421 1672 et
439 1631 562 1674 canones
579 1611 784 1682 conciliorum,
804 1619 958 1690 ceteraque
976 1613 1164 1676 ecclesiastica

118 1703 286 1754 monumenta
298 1693 501 1770 seimonau,
522 1713 579 1774 qua
595 1695 633 1756 de
648 1711 682 1754 re
700 1693 820 1754 videndi
838 1695 1023 1758 coustantius
1034 1693 1159 1780 pensat.

118 1769 379 1853 capitanatae.
399 1775 514 1858 Pontis.
538 1795 622 1838 num.
644 1778 684 1838 st
696 1794 768 1870 pop.
793 1777 834 1837 ta
851 1795 945 1860 seqq„
964 1784 993 1836 et
1012 1777 1164 1856 cajetanos

116 1856 227 1916 Cenuim
236 1857 265 1918 in
274 1856 528 1919 dissertationibus
537 1861 554 1918 1
557 1855 656 1920 tolicis
667 1856 883 1920 Pastoriieditis
898 1877 970 1919 ona.
981 1861 1072 1936 1778,
1088 1868 1158 1922 tom.

115 1937 127 1994 l
136 1955 199 2020 pop.
212 1939 248 2000 65
260 1949 289 2000 et
301 1957 361 2022 seq.
375 1939 535 2002 Pontificim
545 1940 654 2002 litterae
664 1939 701 2000 ad
718 1948 810 2000 certas
826 1941 959 2002 ccclesias
975 1941 1060 2002 initio
1072 1942 1161 2018 date,

112 2019 232 2082 omnibus
238 2030 336 2100 postea
348 2040 516 2084 communes
526 2020 646 2096 fiebant,
657 2022 741 2082 sicuti
753 2021 984 2083 demonstratum
996 2033 1039 2084 est
1051 2023 1083 2086 ia
1097 2033 1158 2086 not.

112 2099 128 2157 2
147 2099 183 2160 od
195 2100 219 2184 3.
240 2104 382 2179 XXXV,
401 2111 436 2163 ut
453 2103 588 2164 omnibus
609 2104 839 2178 innotescerent,
854 2113 885 2166 ct
901 2123 1002 2165 omnes
1026 2118 1163 2184 parerent

111 2181 219 2260 legibus,
231 2205 299 2264 qum
310 2186 382 2264 ipsis
390 2185 496 2245 litteris
507 2193 591 2246 erant
601 2185 776 2246 constitutae.
790 2189 895 2246 Earum
907 2187 1163 2272 autographumjn

110 2265 249 2342 sobrinis,
269 2275 322 2327 aut
335 2267 453 2328 archivo
467 2267 543 2328 sedis
561 2267 730 2346 Apostolicn
746 2267 930 2344 senabatur,
946 2276 976 2330 et
996 2269 1162 2348 hujusmodi

110 2349 310 2427 artigraphum
321 2349 516 2410 adhibebatur
528 2349 565 2409 ad
579 2349 759 2410 dirimendas
769 2352 992 2426 controversias,
1007 2369 1074 2430 quae
1088 2353 1164 2414 iorte

109 2429 251 2491 orirentur.
270 2433 320 2493 Sic
335 2433 546 2510 Hieronymus,
562 2427 631 2490 cdv.
646 2429 768 2513 blefia,
783 2428 865 2492 libs
941 2475 949 2492 .
970 2441 1039 2494 tom.
1057 2437 1160 2516 ipop.

109 2511 172 2588 119,
184 2511 252 2574 edit.
273 2509 420 2574 Vollorsii
433 2513 566 2588 Veronae,
580 2511 718 2573 Rufinum
730 2513 768 2574 de
780 2513 885 2575 litteris
897 2533 912 2575 a
944 2518 1093 2576 Anastasio
1106 2517 1164 2578 lad

108 2594 234 2654 loannem
263 2594 559 2675 Hierosolymitauum
581 2592 657 2654 datis
682 2593 881 2670 dubitantem,
908 2594 949 2657 cd
977 2593 1165 2659 obortoriam

107 2686 239 2750 provocet.
252 2679 354 2752 Qtrore
365 2677 455 2736 multa
470 2675 616 2736 moliendo
630 2677 740 2736 iaciunt
753 2685 787 2736 ut
802 2675 877 2736 nihil
893 2686 980 2756 agant
992 2681 1057 2739 Van
1071 2682 1165 2758 Espen

107 2765 132 2814 ot
140 2759 234 2832 ceteri,
248 2759 304 2836 qui
317 2759 464 2818 nemiuem
475 2765 543 2817 ante
553 2758 725 2837 Dionysium
737 2757 903 2820 Pontificius
915 2760 1072 2820 decretales
1083 2761 1167 2822 colle·
1185 2779 1194 2802 ·

107 2838 172 2916 gisae
188 2841 388 2914 contendunt,
410 2847 444 2899 ut
462 2839 531 2899 inde
547 2837 621 2900 illud
640 2839 765 2900 educant
782 2857 975 2918 consequens,
1003 2841 1081 2919 quod
1099 2852 1166 2902 aute

106 2920 271 2998 Dionysium
285 2929 398 2982 motum
410 2921 597 2981 conciliorum
608 2939 744 2996 canones,
757 2937 815 2980 non
826 2922 897 2982 itam
909 2923 1078 3002 Apostolicoe
1089 2923 1167 2986 sedis

106 3000 209 3062 decreta
223 3003 431 3064 auctoritatem
445 3003 637 3063 obtinuerint.
654 3005 710 3064 Fac
722 3021 825 3062 veruna
837 3021 914 3079 esse,
929 3003 1007 3082 quod
1021 3013 1100 3066 certe
1111 3007 1167 3066 ial-

104 3099 159 3143 sum
170 3093 223 3161 ast,
238 3086 357 3162 idqucd
369 3084 491 3164 ajuntde
502 3083 1013 3166 Pontificiisdecretelibusprimuma
1026 3088 1166 3168 Dionysio

105 3166 235 3242 collectis,
253 3165 290 3226 id
304 3175 402 3226 umen
416 3175 536 3227 vetuste
551 3185 650 3226 earum
666 3167 830 3226 auctoritati
846 3167 920 3228 nihil
935 3167 1073 3230 detrabit.
1090 3173 1164 3232 Cum

106 3247 173 3307 enim
183 3249 296 3328 privati
312 3249 425 3308 codices
436 3247 510 3308 nibil
522 3249 558 3307 iis
569 3255 619 3307 aut
625 3246 745 3323 addere,
758 3256 808 3308 aut
814 3249 943 3310 adimere
953 3259 1080 3328 possent,
1094 3252 1166 3330 quid

104 3327 234 3391 intererat
255 3331 338 3391 sedis
355 3329 538 3410 Apostolicoe,
561 3329 621 3389 sive
645 3329 707 3408 ejus
724 3329 881 3392 decretales
904 3334 935 3392 in
957 3331 992 3391 iis
1014 3332 1167 3412 descriptae

105 3421 204 3488 cassu,
226 3413 295 3473 sive
308 3420 403 3472 esseut
417 3413 549 3471 omissae?
564 3411 616 3472 Vis
629 3429 730 3471 earum
743 3429 801 3472 nou
816 3429 851 3472 cx
866 3413 912 3474 bis
926 3414 1046 3492 privatis
1063 3413 1168 3476 collec-

105 3493 241 3570 tionibus,
263 3493 375 3554 seder
398 3493 546 3555 Pontificio
564 3501 719 3572 potestate,
745 3501 832 3571 atque
854 3513 889 3556 ex
908 3497 971 3576 ipso
988 3497 1168 3580 autographo

13 3579 20 3590 “
105 3572 131 3632 in
145 3576 267 3637 archivo
293 3585 406 3636 servato
429 3575 626 3655 repetebatur.
650 3578 734 3635 Certe
753 3575 873 3636 Sinicius
928 3623 935 3638 .
958 3579 973 3640 1
996 3577 1036 3640 nd
1051 3579 1167 3640 Himer.

109 3656 268 3720 Tarracon.
289 3657 365 3752 apud
381 3657 582 3752 §oustautium
596 3655 680 3738 epist.
697 3657 781 3717 liora
798 3596 955 3743 Pootiffs.
972 3661 1011 3721 29
1025 3657 1080 3722 eol.
1097 3661 1167 3737 637,

105 3737 1171 3900 totalitatelastigiitlltttlt,illiciti

104 3901 167 3976 ciat,
187 3901 274 3982 quod
295 3903 416 3963 Stctnta
438 3899 515 3963 sedis
533 3898 723 3982 Apostolicce‚
751 3901 797 3964 ccl
819 3923 968 3966 cononum
990 3897 1169 3963 venerabilia

104 3980 222 4065 definito
246 3979 330 4044 noelli
354 3983 545 4045 Sacerdotem
558 3983 681 4044 Domini
697 3983 834 4066 ipnorore
856 3986 896 4047 sit
914 3983 1049 4046 liberam.
1074 3985 1168 4045 Etiam

104 4065 154 4127 leo
167 4069 208 4128 tt.
226 4065 317 4147 epist.
331 4067 351 4126 t
364 4085 431 4150 cop.
447 4069 561 4149 bopp„
578 4072 647 4128 tom.
662 4067 677 4128 1
692 4063 747 4128 cot.
765 4067 840 4147 oto,
859 4065 930 4129 edit.
950 4068 1049 4130 Vocet.
1069 4067 1166 4146 1755,

197 4171 281 4218 τοι.
311 4171 336 4218 t.
1032 4145 1068 4218 5.
