3122 5170
571 413 620 427 -
636 371 719 446 765
747 415 797 430 -

197 522 227 622 §.
269 521 328 592 Ill.
360 501 634 620 Hineprioribus
664 521 804 594 ecelesiae
828 521 951 594 saeculis
982 543 1090 634 nepae
1116 518 1215 590 chris·
1412 580 1442 608 ,-

149 623 226 692 tiam
275 609 653 720 deeimap'solrebant,
681 645 790 718 neque
831 619 897 692 ulla
928 620 981 691 lex
1020 635 1109 708 erat,
1136 635 1244 715 quae'
1476 640 1495 655 ’-

148 719 232 790 bane
268 717 461 790 solutionem
479 717 483 725 ’
498 719 674 814 imperaret
713 715 780 816 (l).
820 715 953 788 Clerioi'
978 716 1130 786 vivebant
1176 719 1216 786 e'x

148 816 377 905 oblationibus,
402 841 481 912 quas
501 814 616 887 fideles
640 841 697 886 suo
724 830 840 913 sponte
868 817 904 884 in
935 813 1098 886 eeclesiam
1131 821 1217 886 ton-

148 914 317 1000 serebant3
351 912 431 985 adeo
461 928 500 984 ut
535 913 616 984 nihil
646 938 728 1010 opus
758 927 841 986 esset
881 911 1021 984 decimas
1053 911 1215 1002 indicere,

149 1029 186 1082 ut
217 1038 255 1082 ex
285 1014 322 1082 iis
350 1011 457 1082 clerici
490 1013 613 1084 vietum
646 1027 680 1083 et
709 1010 835 1084 cultum
867 1010 1065 1082 obtinerent.
1101 1011 1218 1082 lmmi·

149 1125 228 1181 nuta
272 1109 421 1180 fidelium
459 1108 626 1204 largitate,
674 1135 750 1182 cum
794 1133 863 1181 non
911 1110 1024 1181 omnia
1075 1107 1217 1180 ecelesiae

148 1209 282 1308 ejusque
315 1209 470 1278 ministris
496 1225 614 1304 sponte
650 1233 668 1278 a
706 1205 858 1278 fidelibus
881 1205 1127 1304 preberentur,
1168 1208 1217 1276 in·

148 1308 271 1378 stitutae
303 1321 379 1376 sunt
412 1305 564 1396 decime,
593 1322 666 1378 tum
699 1304 835 1376 Petrum
867 1303 1107 1378 hortationibus
1136 1299 1215 1399 (ἢ),

148 1419 220 1475 tum
251 1403 391 1476 ecelesiae
417 1403 540 1500 legibus
571 1403 641 1503 (ὅ),
675 1403 794 1502 quibua
818 1429 871 1475 ees
902 1401 1066 1476 christiani
1094 1400 1217 1474 solvere

146 1503 227 1596 jussi
255 1518 344 1572 sunt.

190 1698 232 1779 (1)
252 1703 341 1779 Cypr.
357 1698 393 1762 da
414 1700 494 1762 linit.
518 1698 586 1762 ecel.
598 1719 670 1784 paq.
687 1703 725 1764 85
743 1698 791 1764 ed.
808 1701 904 1762 Antii.
926 1701 1006 1762 1760
1028 1698 1137 1758 diserte
1160 1706 1219 1759 tes-

149 1789 244 1859 tatur,
261 1783 355 1843 nullas
378 1801 430 1844 sue
448 1791 533 1845 estate
550 1783 677 1845 decimas
690 1785 779 1845 luisse
796 1783 918 1860 solutas,
935 1783 1052 1864 etep..i
1070 1798 1141 1862 pop.
1158 1781 1219 1842 176

148 1861 187 1924 de
206 1864 396 1925 Hebraeorum
410 1864 530 1926 decimis
552 1867 714 1942 disserens,
740 1867 841 1942 «Quoe
856 1883 935 1926 nunc
948 1866 1039 1940 ratio,
1058 1861 1169 1939 inquit,
1190 1869 1222 1923 et

148 1945 290 2006 formain
312 1947 558 2025 elerotenentur,
578 1949 679 2028 utqui
703 1949 735 2008 in
757 1947 875 2009 enclesis
896 1947 1014 2010 Domini
1035 1943 1221 2006 ordinatione

149 2027 273 2088 clericali
296 2037 520 2108 promoventur,
545 2031 576 2092 iu
597 2031 679 2092 nullo
699 2029 737 2091 ab
755 2029 1009 2090 administratione
1031 2025 1130 2086 divina
1150 2043 1221 2086 aro-

150 2116 272 2187 eentur,
295 2129 350 2172 nee
367 2109 507 2172 molestiis
530 2119 559 2172 et
577 2113 701 2194 negotiis
718 2110 904 2172 secularibus
926 2111 1098 2191 alligentur,
1117 2107 1169 2168 sed
1188 2109 1220 2167 in

150 2189 262 2252 honore
282 2193 508 2271 sportulantium
532 2193 674 2270 fratrum,
691 2201 840 2272 tamquam
864 2193 991 2254 decimas
1015 2189 1220 2250 exstantibus

149 2273 340 2352 aoeipientoa,
355 2274 392 2335 ab
415 2275 499 2335 altari
514 2281 544 2336 et
567 2274 715 2338 saeriliciis
730 2293 790 2336 non
804 2273 954 2336 recedant.
977 2299 990 2327 ι»
1018 2274 1083 2349 Quo
1102 2289 1139 2332 ex
1156 2271 1219 2332 loeo

149 2356 337 2436 perspicuum
350 2365 409 2436 est,
424 2363 509 2417 etate
528 2357 665 2437 Cypriani
689 2353 839 2439 sportulas
859 2357 1033 2418 dicimarum
1056 2355 1152 2414 lotum
1169 2353 1219 2414 ob·

149 2437 283 2499 tinuisse.
303 2437 385 2500 Idem
406 2439 495 2499 etiarn
509 2437 690 2518 deprehendi
708 2445 803 2518 potest
822 2457 857 2500 ex
881 2439 1002 2519 Origine
1024 2433 1102 2496 bom.
1124 2437 1159 2495 11
1184 2434 1218 2495 in

149 2520 245 2589 Num.
267 2537 299 2580 n.
320 2521 427 2603 tpap.
452 2521 511 2582 505
539 2529 611 2582 tom.
627 2517 733 2582 aedit.
756 2521 860 2582 Paris.
883 2521 975 2582 1755.
1002 2517 1086 2580 adde
1104 2515 1214 2590 altum,

149 2601 228 2744 pund
251 2601 346 2662 tribus
366 2603 513 2682 prioribus
527 2603 640 2666 sareulis
663 2603 700 2664 de
718 2602 865 2665 solvendis
882 2601 1018 2677 decimis,
1044 2598 1154 2678 ubique
1175 2599 1212 2660 si·

164 2683 276 2744 entium
289 2692 343 2744 est.

190 2764 233 2846 (2)
254 2765 402 2826 Audiendi
426 2771 496 2827 aunt
517 2773 618 2828 auctor
634 2774 728 2828 omitt.
750 2768 852 2848 Apost.
876 2761 897 2826 1.
915 2766 932 2826 7
947 2784 1012 2848 cap.
1030 2765 1085 2841 79,
1109 2773 1138 2824 et
1163 2763 1185 2825 1.
1202 2766 1221 2824 8

149 2865 221 2930 cup.
240 2849 295 2924 10,
319 2847 397 2928 apud
416 2848 507 2910 Cotel.
528 2851 596 2910 ΡΡ.
619 2850 722 2930 Apoat.
746 2858 816 2912 tom.
838 2851 851 2908 1
873 2865 944 2930 pop.
967 2848 1026 2908 575
1044 2854 1074 2906 et
1093 2849 1152 2907 116
1173 2843 1219 2907 ed.

149 2937 219 3006 ott.,·
235 2929 316 2990 Hier.
337 2930 371 2992 in
384 2927 516 2991 Manet.
541 2931 645 3012 copo
666 2947 695 2990 o.
717 2929 749 3007 7,
774 2933 794 2990 8
817 2937 923 3012 etseq.
949 2927 1003 2990 eol.
1028 2929 1088 2988 978
1112 2935 1220 3012 etseq.

151 3015 174 3072 t.
196 3015 215 3073 6
235 3009 282 3072 ed.
312 3014 394 3088 Ver.,·
418 3013 494 3093 Aug.
515 3014 627 3073 comm.
653 3010 750 3092 inps.
775 3013 834 3072 116
849 3029 881 3071 n.
908 3013 946 3073 17
972 3021 993 3072 1.
1019 3007 1113 3072 beot.
1140 3013 1220 3072 1618

150 3089 198 3237 ppt.
215 3093 421 3236 Vaupghrys.
438 3090 517 3155 hom.
533 3092 600 3154 lin
617 3109 663 3175 ep.
680 3090 720 3153 od
732 3090 842 3174 aptes.
859 3099 929 3154 tom.
948 3097 984 3156 11
999 3111 1072 3176 pap.
1095 3094 1129 3154 51
1148 3092 1219 3155 edit.

180 3175 253 3236 aris.
271 3178 284 3236 1
331 3179 360 3236 t.

192 3256 234 3339 (5)
256 3260 343 3320 Cone.
364 3258 515 3320 Matiscon.
538 3259 565 3320 11
584 3275 650 3318 eun.
675 3257 692 3318 5
718 3255 796 3336 apud
822 3255 912 3318 labb.
938 3265 1008 3319 tom.
1038 3257 1056 3316 6
1083 3253 1221 3318 861676

151 3335 998 3483 516111677111851·551175·
1016 3339 1078 3480 ili
1097 3341 1221 3482 inti

151 3503 239 3564 etiam
255 3441 429 3582 Capitulaili
442 3521 545 3586 regum
559 3507 661 3565 lirano.
677 3502 768 3584 eupit.
783 3501 819 3564 de
839 3505 928 3564 Part.
954 3503 1068 3563 Sason.
1088 3518 1154 3585 cap.
1180 3507 1218 3566 16

151 3593 180 3645 at
206 3587 257 3660 17,
280 3585 358 3664 apud
373 3586 470 3646 Buluz.
496 3592 565 3646 tom.
584 3589 597 3647 1
620 3583 674 3647 rol.
704 3586 779 3662 185,
797 3591 826 3647 et
842 3585 933 3667 capit.
955 3602 1007 3644 un.
1028 3583 1089 3644 861
1112 3589 1220 3667 capt

152 3663 208 3728 coi.
226 3667 281 3728 191
300 3665 345 3728 ed.
367 3668 466 3728 Vener.
485 3668 575 3729 1771.

199 3843 231 3945 §.
259 3845 317 3916 lV.
348 3844 421 3917 lam
455 3871 531 3920 vero
556 3843 690 3921 deoimae
719 3847 770 3918 rel
803 3845 990 3944 praedieler,
1022 3845 1073 3917 rel
1104 3871 1219 3944 perso-

151 3943 260 4035 nales,
296 3943 346 4016 rel
383 3947 494 4020 miuae
533 3961 620 4018 sunt.
659 3945 831 4018 Prredieles
871 3943 1033 4018 debentur
1066 3971 1105 4016 ex
1135 3944 1220 4018 frue-
