3100 5182
547 458 769 529 -tte-

148 605 183 686 (t
212 604 292 666 Vide
311 603 503 668 BenodIctum
519 607 587 666 tttv
606 603 641 666 dc
657 605 770 689 synod.
790 605 906 670 dieses.
924 625 990 691 cop.
1008 611 1048 670 111
1060 629 1145 674 nem.
1160 615 1191 673 9.

149 689 183 766 (5
208 688 370 768 Gregorius
388 689 444 748 XV
461 686 580 747 conectit.
600 687 907 770 reomaenses.
925 691 1030 774 epop.
1049 694 1155 755 ttotn.
1175 697 1193 756 5

109 787 183 850 por.
199 772 218 831 5
233 765 371 845 Bellon,
385 767 456 828 edit.
471 767 521 829 cit.

150 850 196 931 (6)
206 851 368 931 Gregorius
378 853 434 912 XV
446 848 498 912 cit.
513 848 631 911 constit.
646 849 845 914 Inscretobilt'
853 851 880 936 S.
893 857 925 916 t.

157 1029 191 1132 ς.
219 1027 347 1100 XVIII.
376 1026 534 1100 Similiter
549 1029 676 1120 visitat,
699 1045 825 1102 etcum
852 1028 1074 1130 deliquerint,
1095 1036 1193 1132 punit

108 1145 143 1199 et
173 1129 306 1220 corrigit
339 1126 503 1222 regulares
538 1142 628 1198 extro
660 1128 800 1200 claustra
838 1129 994 1226 degentes
1030 1129 1107 1227 (i);
1135 1135 1192 1229 qui

108 1251 189 1298 rero
216 1227 303 1295 intra
335 1224 474 1294 claustra
511 1223 637 1320 degunt
674 1225 856 1321 regulares,
886 1254 921 1298 ac
958 1227 1066 1323 palam
1103 1246 1193 1300 extra

108 1325 251 1394 claustra
281 1319 482 1419 delinquunt
511 1347 588 1392 eum
619 1337 802 1395 ceterorum
833 1323 984 1396 scandolo
1022 1340 1056 1396 et
1090 1323 1193 1398 offen·

110 1423 218 1510 sione,
250 1435 365 1514 rogatu
398 1422 553 1516 episcopi,
571 1435 670 1516 atque
697 1423 784 1490 intra
812 1435 942 1517 tempus
971 1423 1075 1495 abeo
1105 1422 1193 1493 defi·

111 1521 244 1606 nitum,
280 1519 500 1614 apraeposito
530 1541 589 1588 suo
627 1520 751 1587 meritis
779 1517 945 1614 plectendi
971 1533 1048 1588 sunt
1067 1522 1192 1614 poenis,

111 1631 219 1711 atque
255 1639 386 1703 eorum,
429 1639 506 1711 quae
545 1631 633 1709 gesta
663 1629 759 1704 sunt,
794 1617 912 1686 certior
944 1630 993 1685 est
1029 1614 1194 1687 faciendus

112 1715 308 1809 episeopus,
338 1714 391 1780 cui
425 1737 515 1782 secus
551 1715 717 1806 integrum
748 1713 810 1782 erit
839 1715 873 1783 in
906 1714 1095 1783 criminosos
1128 1715 1195 1782 oni·

112 1807 318 1880 madvertere
334 1807 401 1974 (23.
421 1809 545 1880 Rursus
570 1811 605 1880 in
628 1813 771 1880 censuris
796 1826 830 1880 et
850 1809 1031 1880 interdictis
1051 1811 1193 1906 episcopi

109 1909 205 2005 jussu
221 1905 358 2004 evulgari
384 1909 410 1976 is
431 1923 531 2004 utque
552 1905 735 1996 servandis,
758 1906 872 1977 diebus
895 1906 984 1978 iestis
1013 1933 1194 2004 eorumque

114 2004 231 2074 ritibus
247 2001 487 2092 custodiendis,
511 2019 546 2075 et
569 2005 605 2074 in
627 2006 741 2075 ceteris
767 2004 914 2101 ejusdem
939 2005 1068 2100 generis
1093 2031 1193 2100 regu-

114 2101 196 2173 tare
209 2127 337 2192 omnes,
346 2127 546 2199 quamquam
554 2105 710 2198 exempti,
723 2103 874 2198 episcopo
888 2101 1018 2174 obnoxii
1031 2117 1109 2173 sunt
1122 2102 1188 2199 (5)

153 2271 198 2352 (t)
208 2271 319 2333 concil.
336 2270 473 2332 tutent.
490 2289 562 2333 assa.
577 2272 595 2332 6
613 2289 680 2353 cop.
694 2273 712 2331 5
727 2269 762 2332 dc
779 2269 921 2412 reportes
934 2271 1108 2332 Benedictus
1124 2275 1192 2334 XIV

113 2353 235 2415 constit.
251 2352 393 2436 Postific.
408 2355 441 2430 7,
456 2371 529 2447 pop.
547 2355 586 2414 53
601 2361 671 2414 tom.
689 2355 708 2414 2
723 2353 788 2434 ejus

154 2435 199 2515 (2)
217 2433 294 2495 Vide
312 2435 551 2496 constitutionem
571 2435 709 2516 suscepti
724 2433 858 2495 musmo
878 2436 937 2495 118
955 2435 1111 2496 ClementIs
1125 2435 1192 2495 VIII

115 2527 188 2577 tom.
202 2519 315 2598 dpart.
329 2519 435 2658 ipae:
447 2517 486 2576 95
501 2513 649 2592 Bullarit',
667 2517 717 2577 ubi
732 2516 819 2577 etiam
833 2524 971 2576 arcentur
982 2515 1116 2590 fraudes,
1128 2533 1195 2592 quta

829 2349 950 2430 udoni,
968 2351 1037 2413 edit.
1058 2352 1108 2412 cit.

115 2599 182 2658 lieri
195 2606 350 2676 possuntt
373 2615 474 2658 versus
489 2599 658 2676 episcopum
674 2599 748 2674 Ioci,
768 2597 799 2657 in
818 2615 876 2675 quo
893 2597 1035 2678 regularis
1050 2597 1191 2674 deliquit,

114 2698 185 2740 eum
205 2697 274 2739 curn
297 2679 470 2758 prepositus
488 2679 580 2740 mittit
597 2679 628 2740 in
642 2679 853 2740 monesterium
875 2687 957 2738 extra
979 2677 1142 2751 dIoeocsIm,
1156 2693 1194 2736 ne

116 2763 215 2840 ipsum
228 2761 336 2840 punire
346 2769 478 2840 cogetur.

158 2841 202 2924 (5)
223 2842 334 2905 concil.
350 2841 487 2905 Trident.
503 2859 575 2903 sess.
590 2843 629 2902 et
644 2859 714 2922 cop.
730 2841 769 2902 te
784 2839 819 2902 de
833 2835 976 2922 Repuicr.

132 3049 138 3058 ·
165 3020 198 3122 ς.
236 3019 332 3092 XIX.
367 3019 435 3092 Sed
461 3035 496 3092 et
523 3019 584 3090 alio
623 3035 702 3090 sunt
734 3022 839 3117 capita
871 3015 1027 3112 delegatae
1047 3015 1196 3116 jurisdic-

122 3121 232 3210 tionis,
252 3145 351 3215 quam
364 3122 534 3216 episcopus
550 3121 586 3187 in
603 3133 770 3214 exemptos
783 3115 894 3190 habet.
912 3113 1076 3186 Nimirum
1091 3117 1198 3211 inqui·
1227 3191 1232 3200 ⁸

122 3221 165 3286 rit
194 3219 229 3286 in
258 3216 485 3312 obreptionem
510 3231 543 3286 ot
571 3214 817 3312 subreptionem
848 3215 979 3310 gratiae,
1006 3238 1071 3379 per
1097 3237 1195 3308 quam

123 3313 237 3410 aliquis
265 3311 420 3384 liberatus
448 3327 497 3384 est
536 3337 698 3408 apoena,
734 3335 810 3409 quae
838 3311 878 3381 ab
905 3337 939 3382 se
970 3313 1004 3380 in
1033 3313 1095 3380 iota
1121 3308 1197 3378 Iue-

125 3427 174 3482 rat
203 3409 279 3508 (1),
309 3427 343 3482 et
379 3413 486 3482 visitat
517 3409 658 3507 capitula
692 3425 861 3505 exempta,
897 3406 989 3479 nullo
1028 3409 1125 3476 etiam
1158 3431 1195 3476 ex

125 3510 284 3580 canonicis
322 3505 364 3577 ad
399 3507 573 3580 concilium
611 3505 752 3596 adscito,
788 3531 870 3602 quos
903 3505 963 3575 sibi
998 3503 1194 3602 adjungere,

126 3621 212 3676 extra
238 3607 474 3696 visitationem,
508 3608 543 3675 in
577 3603 681 3674 causis
708 3617 934 3700 exemptorum
978 3598 1197 3698 capitulorum

97 3702 221 3774 'debet
246 3701 312 3800 (2).
346 3701 497 3799 Denique
528 3725 642 3773 omnes
670 3701 813 3772 eeclesiae
837 3699 1026 3788 seculares,
1055 3721 1131 3795 quae
1163 3699 1197 3764 in

125 3799 254 3872 dioewsi
277 3814 375 3890 sunt,
404 3803 501 3871 etiam
525 3815 705 3894 exemptae,
733 3799 926 3870 monasteria
955 3821 1087 3894 quoquc
1103 3817 1198 3863 com·

124 3897 291 3988 mendata,
306 3896 465 3987 abbaeae,
479 3899 660 3994 prioratus,
678 3898 904 3993 prepositurae
916 3894 991 3990 (ὅ),
1009 3887 1195 3986 hospitalia,

125 3994 261 4092 collegia
291 4011 326 4066 et
358 3993 522 4086 sodalitia,
557 3995 655 4066 etiam
687 3994 843 4066 laicorum
874 3991 915 4062 ab
954 3991 1104 4086 episeopo
1131 4000 1197 4056 tam
