3102 5184
522 429 743 516 -5574

95 594 369 740 sllilblii:
385 597 568 760 55511,
585 593 1110 757 tl.tltt.⁶e·...t.tttt5lt
1125 597 1163 740 ii

94 761 256 821 monaswia
267 759 422 836 accedunt,
437 769 470 820 ut
481 779 548 830 cum
564 759 738 821 monialibus
753 760 967 840 colloquuntur.

129 843 167 924 (2)
180 846 267 924 arog.
293 845 349 906 XV
366 843 420 903 eit.
448 839 822 923 Constit.1uscmtobili§.
845 845 878 902 1.
894 845 990 921 Atque
1003 841 1062 902 hnc
1075 842 1164 904 etiam

95 933 192 1002 spectat
207 928 307 986 Goust.
323 921 426 986 Felici.
441 925 503 986 tau
519 925 601 988 Alex.
621 927 676 988 Vll
690 932 713 985 t.
731 926 834 1006 bpur.
856 927 960 1007 ὅρος.
978 926 1018 986 bi
1036 920 1161 1000 bullar„

94 1025 143 1083 qua
156 1008 295 1072 nucitum
308 1015 364 1078 est,
377 1015 412 1067 ut
423 1009 558 1086 superior
568 1007 712 1090 regularis
724 1007 816 1068 semel
827 1013 942 1068 tuntum
964 1005 995 1066 in
1009 1023 1086 1068 enno
1099 1006 1166 1066 visi·

94 1089 201 1150 tutionis
224 1108 309 1150 causa
337 1091 507 1150 monosterii
528 1098 609 1168 septa
632 1089 833 1170 ingrediatur3
860 1088 941 1168 quod
962 1089 987 1148 si
1008 1089 1163 1150 necessitas

95 1171 277 1250 compluries
292 1171 408 1252 ingredi
422 1179 524 1252 cogat,
537 1172 568 1233 id
582 1173 609 1233 ei
632 1179 749 1232 tantum
761 1171 844 1244 lieet,
859 1177 1004 1250 presente
1016 1171 1161 1250 episcopo,

93 1261 138 1313 aut
151 1255 242 1332 aliquo
259 1254 451 1316 molesiostioo
465 1255 541 1329 viro,
556 1271 645 1334 quem
660 1255 812 1334 episeopus
831 1253 982 1332 speciatim
998 1252 1160 1315 constituit.

128 1333 167 1414 (5)
184 1336 237 1397 Git.
253 1339 355 1398 Goust.
374 1339 463 1418 Grop.
484 1339 541 1398 XV
553 1335 586 1418 §‚
603 1339 632 1398 5.
649 1339 749 1398 llouet
772 1345 871 1396 umen
896 1333 1008 1396 Bened.
1033 1337 1103 1396 xlv
1125 1331 1162 1394 de

93 1415 189 1498 synod
203 1416 319 1480 dmm.
335 1415 385 1480 to.
404 1421 422 1479 5
436 1439 462 1480 e.
483 1419 522 1480 la
535 1437 621 1480 nom.
638 1420 679 1496 1,
695 1419 785 1479 satius
799 1435 862 1478 esse
880 1417 1014 1496 episcopo
1026 1415 1116 1476 semel
1130 1416 1162 1476 iu

94 1499 196 1575 synodo
211 1500 359 1562 declarare
380 1501 512 1562 animum
525 1519 629 1576 suum,
649 1499 729 1579 quod
743 1501 805 1579 ipse
821 1499 931 1560 seilicet
955 1515 1071 1578 semper
1091 1496 1162 1556 velit

94 1580 293 1642 abbatissarum
315 1583 404 1643 etium
419 1592 621 1663 exemptarum
637 1582 829 1644 electionibus
850 1581 1009 1657 interesse,
1024 1598 1113 1659 qnam
1128 1577 1162 1639 id

93 1673 218 1738 prestare
227 1665 352 1746 singulis
364 1667 489 1743 vicibus,
504 1666 612 1746 quibus
625 1665 730 1726 electio
740 1663 872 1726 iaciendo
887 1669 942 1724 est.

140 1841 170 1940 §.
195 1843 292 1918 XXI.
321 1843 518 1917 Monialibus
541 1861 690 1944 tempore
710 1861 864 1944 praeeunt
878 1846 1018 1940 virgines
1042 1865 1158 1930 saorae,

95 1965 225 2035 quarum
251 1947 342 2040 origo
372 1943 420 2014 rel
452 1944 494 2014 ab
516 1947 592 2042 ipsis
619 1943 761 2018 ecclesiae
786 1942 973 2042 primordiis
992 1956 1041 2013 est
1061 1965 1161 2038 repe-

97 2037 186 2108 tenda
211 2041 277 2138 (l).
305 2040 429 2112 Eadem
445 2068 532 2141 pene
550 2045 636 2114 intro
652 2041 845 2114 domesticos
871 2044 1010 2140 parietes
1026 2035 1158 2110 illorum

96 2137 213 2209 vivendi
238 2143 342 2228 ratio,
360 2165 435 2236 quae
453 2155 565 2238 postes
587 2141 779 2214 monialium
799 2141 873 2210 fuit.
894 2141 955 2210 Eos
971 2139 1159 2236 episcopus,

94 2251 145 2304 ant
171 2236 284 2334 aliquis
319 2241 388 2336 ejus
424 2239 579 2312 mundato
612 2238 759 2312 sacerdos
789 2239 844 2335 (2)
862 2240 1028 2336 praecipuo
1050 2234 1160 2331 aliquo

93 2331 164 2404 sesto
200 2335 253 2408 die
288 2336 342 2433 (ὅ)
379 2335 567 2410 solemniter
606 2339 642 2410 in
673 2336 806 2409 ccclesia
843 2335 1071 2424 consecrabat,
1101 2334 1160 2402 eis-

95 2457 150 2526 que
170 2435 358 2532 imponebat
380 2451 522 2524 vestem,
550 2461 624 2534 quae
645 2461 809 2506 sacrorum
834 2437 998 2532 virginum
1027 2432 1159 2530 propriu

92 2531 233 2629 erat(l).

125 2726 164 2808 (l)
177 2729 431 2804 Quemadmodum
444 2731 566 2792 inerunt
578 2732 610 2791 in
624 2731 743 2792 mesia
754 2737 873 2806 ascetis,
888 2735 1045 2806 aanuam
1061 2732 1158 2788 essent

92 2811 233 2888 monachi,
258 2813 300 2871 ita
323 2812 446 2872 inerunt
470 2814 627 2890 mulieres,
647 2831 714 2892 qno
729 2815 824 2894 palam
838 2831 872 2872 so
892 2811 1046 2872 manifesto
1065 2809 1157 2888 virgi-

92 2891 204 2954 nitatem
224 2893 386 2969 rcvebont,
403 2901 561 2974 antequam
585 2895 726 2956 moniales
745 2896 981 2958 instituerentur.
999 2893 1096 2968 Atque
1112 2889 1158 2952 hae

92 2983 151 3034 sunt
164 2975 292 3056 virgines
307 2993 412 3053 sacre,
434 2993 507 3055 quas
522 2995 598 3057 saepe
621 2987 786 3040 memorent
800 2982 889 3058 cypr.
918 2995 951 3036 no
965 2973 1109 3048 Tertull.‚
1128 2980 1159 3034 et

92 3071 152 3148 quas
166 3061 281 3120 Sozom.
299 3055 350 3120 lib.
373 3060 392 3118 8
414 3077 482 3141 cop.
495 3061 536 3120 ‘25
554 3077 628 3142 pop.
645 3061 704 3122 555
719 3061 845 3142 appellat
859 3058 989 3141 oirpinos
1008 3053 1157 3117 ecolesm-

93 3143 172 3214 twm,
197 3143 329 3201 Socrates
343 3147 441 3202 autom
463 3139 514 3202 leb.
532 3145 547 3202 1
565 3161 600 3202 eo
625 3185 632 3202 .
649 3143 687 3204 l7
702 3162 734 3225 p.
749 3145 789 3204 ti
803 3141 933 3224 cirpineo
947 3139 980 3200 ira
994 3135 1158 3199 matricula

94 3217 208 3282 etse
228 3219 413 3304 adscriptos,
432 3225 572 3301 quonium
611 3225 743 3304 escriptae
760 3233 844 3286 erant
868 3225 898 3284 in
914 3221 1041 3283 ecclesie
1056 3219 1156 3294 libris,

93 3317 136 3360 seu
158 3321 286 3379 eanone3
309 3313 397 3383 atque
422 3304 493 3366 hino
516 3305 667 3366 interdum
694 3307 782 3366 etiam
803 3305 950 3368 conouieoe
971 3301 1155 3363 dicebantur.

93 3383 158 3444 lide
170 3386 320 3446 valesium
332 3393 394 3447 unt.
417 3386 451 3447 in
464 3389 580 3449 Sozom.
599 3384 621 3448 l.
638 3390 693 3449 8c.
709 3391 749 3450 25
761 3405 834 3470 pop.
850 3390 926 3464 555,·
942 3385 1158 3464 Albaspinreum

91 3473 143 3524 not.
156 3467 278 3528 insono.
293 3465 427 3529 Elibcrs't.
444 3487 512 3530 cura.
529 3469 567 3530 15
580 3487 613 3550 p.
632 3473 710 3548 155,·
724 3469 900 3533 Cotelerium
918 3475 982 3529 not.
1006 3467 1038 3528 a'u
1056 3469 1156 3530 Coost.

92 3549 186 3627 Apost.
204 3547 255 3611 lib.
277 3551 379 3631 Scap.
395 3553 433 3611 15
447 3571 518 3633 pop.
531 3553 604 3612 408.
1144 3609 1155 3634 ,

125 3631 275 3711 (sturiam
290 3631 494 3712 presbytorum
511 3633 646 3695 mundato
666 3635 793 3716 episcopi
809 3633 937 3714 virgines
957 3649 1154 3706 consecrasse,

92 3713 211 3773 ostendit
229 3731 310 3774 conc.
326 3715 462 3796 Gurthag.
479 3719 531 3776 lll.
560 3734 626 3777 can.
649 3719 689 3778 56
701 3719 759 3778 ti
780 3713 834 3778 col.
860 3719 939 3778 1101
949 3711 1015 3775 coll.
1031 3714 1155 3786 labbei,

92 3809 150 3853 oum
163 3795 263 3873 inquit
275 3815 283 3853 ε
295 3793 448 3878 presbyter
460 3794 628 3858 inconsulto
639 3799 772 3880 episeopo
782 3799 914 3882 cirpioes
927 3815 987 3858 oon
1000 3803 1154 3856 consecret.

91 3876 159 3950 quod
181 3877 305 3956 quidem
327 3878 416 3938 habet
444 3879 527 3960 Fulg.
551 3881 718 3942 Fcrrandus
741 3879 868 3943 brevior.
893 3897 999 3942 moou-
1022 3893 1088 3936 ωτι.
1116 3879 1151 3937 91

89 3959 157 4032 apud
170 3959 320 4020 Pitboeum
339 3958 429 4022 codex
442 3979 548 4022 conos.
562 3971 610 4023 cot
624 4008 632 4022 .
647 3961 713 4024 ecel.
728 3965 813 4024 Rom.
829 3983 861 4045 p.
876 3963 935 4023 508
946 3957 1047 4023 Poris.
1063 3960 1153 4026 1687,

124 4037 163 4119 (5)
195 4043 344 4103 «bevotis
363 4061 479 4122 quoqne
497 4045 676 4126 virginibus,
697 4046 791 4124 inquit
810 4050 844 4107 P.
871 4045 1001 4107 Gelasius
1023 4039 1056 4102 iu
1074 4040 1153 4112 decr,
