3100 5182
802 411 1020 482 -lll-

375 563 558 624 intercessor.
570 563 648 622 'lum
659 559 755 620 addit:
770 561 850 620 Nam
857 557 1038 621 uoluntatem
1048 555 1125 619 baua
1136 565 1270 620 nostram
1278 575 1455 640 peruuart·

375 661 524 728 quamque
531 642 809 728 prouinciamsatis,
822 651 857 703 ut
866 639 992 718 decebat,
1006 639 1273 724 manifestavimus.
1283 637 1328 701 lb.
1336 659 1361 700 c.
1369 641 1445 699 8¹7.

375 725 536 787 Innocentii
556 726 684 806 vestigiis
700 725 836 786 insistens
854 728 884 786 S.
906 725 1064 806 Gregorius
1078 727 1117 784 bl.
1136 723 1221 804 epist.
1246 725 1284 782 bl
1308 721 1447 783 Univers.

375 807 464 889 episc.
481 804 608 868 Galliar.
633 807 688 890 qui
700 805 753 868 sub
771 825 860 888 reqno
883 803 1060 867 childeberti
1073 813 1159 882 sunt,
1178 801 1265 865 libb
1284 823 1352 886 opp.
1373 811 1447 864 tana.

377 891 411 950 ll
448 886 502 950 col.
540 891 613 966 785,
640 887 710 950 edit.
748 889 849 950 Paris.
877 891 971 966 llbb,
998 888 1161 966 Apostolico
1187 887 1294 946 vicario
1321 886 1451 966 Virgilio

376 971 510 1050 episcopa
526 971 686 1033 Arelatensi
703 972 829 1050 amplam
849 971 952 1031 tribuit
969 965 1188 1043 anctoritatem,
1211 969 1331 1048 ejusque
1349 967 1449 1028 officia

376 1052 525 1130 discribit,
547 1073 612 1132 qum
636 1059 719 1128 sunt,
734 1085 738 1090 ·
756 1061 790 1112 ut
812 1053 914 1113 sedulo
939 1053 977 1112 dc
1002 1051 1072 1112 fidei
1100 1049 1267 1131 integritate
1303 1049 1449 1110 servanda

376 1135 504 1209 laborem
533 1143 565 1195 ut
585 1135 613 1197 ai
639 1135 717 1195 inter
735 1132 850 1216 fratrea
878 1131 1155 1228 consacerdotesque
1186 1141 1302 1192 nostros
1341 1128 1451 1214 aliqua

376 1216 503 1278 evenerit
522 1215 598 1300 fisrte
618 1217 777 1294 eontentio,
795 1217 980 1278 auctoritatis
997 1234 1059 1277 sum
1078 1233 1189 1298 uigore,
1210 1212 1321 1275 uicibus
1343 1231 1450 1294 nempe

376 1299 455 1361 sedis
477 1296 652 1380 Apostolicoe
671 1298 813 1382 sunctum,
837 1297 964 1360 discreta
984 1295 1183 1358 moderatione
1211 1304 1389 1378 compescat,·
1414 1305 1452 1354 ut

377 1382 401 1441 si
422 1399 478 1460 qua
496 1383 609 1441 oriatur
630 1383 840 1456 controversia,
859 1401 925 1459 quae
949 1381 1072 1440 aliarum
1094 1380 1182 1440 ctiam
1206 1378 1391 1457 presentiam
1416 1396 1452 1436 ac

374 1463 519 1541 judicium
538 1463 679 1542 postulet,
699 1463 883 1546 conpreqatis
903 1460 960 1524 sibi
983 1461 1015 1521 in
1039 1480 1161 1522 nunrero
1180 1461 1354 1542 competenti
1377 1457 1451 1542 sra-

378 1543 473 1608 tribus
495 1553 524 1605 ct
547 1545 720 1628 coepiscopis
739 1545 848 1606 uostris
876 1542 1037 1606 salubriter
1061 1541 1125 1622 baa,
1151 1551 1269 1605 seruata
1295 1541 1449 1626 equitate,

378 1626 522 1688 discutiat
546 1635 575 1687 ct
597 1627 743 1688 canonica
770 1627 939 1708 integritate
967 1624 1108 1708 definiam
1135 1633 1168 1684 ut
1187 1625 1314 1703 denique
1338 1625 1362 1684 si
1392 1643 1453 1702 qua

379 1710 416 1769 sit
443 1728 526 1770 causa
560 1711 692 1788 gravior,
721 1727 786 1786 quaa
821 1709 898 1771 sodis
926 1708 1095 1788 apostolica
1120 1707 1264 1786 judicium
1300 1707 1452 1784 tenebrat,

378 1791 503 1850 vicarius
516 1809 579 1850 rem
597 1798 688 1850 totam
709 1807 881 1870 cognoscere
901 1790 1022 1866 debeat,
1042 1809 1074 1850 ac
1097 1787 1236 1851 relatione
1250 1808 1307 1850 sua
1319 1787 1361 1849 ad
1380 1805 1454 1848 nos-

379 1880 460 1932 tram
475 1871 595 1932 studeat
631 1870 770 1932 seducere
786 1871 949 1949 notionem,
967 1879 1148 1956 quatenusa
1169 1869 1251 1932 uobis
1266 1867 1363 1930 cauae
1378 1888 1454 1930 can-

377 1971 455 2034 qruu
475 1953 537 2016 sine
559 1891 649 2014 dubio
673 1953 819 2014 sententia
838 1953 1005 2015 terminari.
1034 1958 1079 2015 An
1101 1953 1263 2032 jurisdictio
1289 1950 1454 2030 apostolica

380 2035 488 2094 vicario
506 2053 637 2096 concessa
656 2035 761 2096 clarius
779 2036 915 2114 explicari
936 2036 1096 2114 potuisset?
1121 2036 1211 2115 liujus
1227 2051 1342 2112 quoque
1369 2031 1456 2110 juris

380 2117 458 2176 sedis
479 2118 650 2195 Apostolicae
670 2119 842 2196 preclarum
867 2117 986 2178 exhibet
1009 2117 1207 2180 testimonium
1230 2119 1355 2178 loannes
1376 2117 1454 2177 Vlll

381 2198 468 2281 epist.
491 2201 541 2260 75.
560 2197 662 2261 Nobili
675 2199 738 2261 uiro
756 2197 911 2262 lantberto
929 2218 945 2258 a
967 2199 1007 2260 ud
1031 2199 1179 2260 labbeum
1200 2194 1308 2260 saucit
1333 2206 1405 2259 tom.
1435 2206 1455 2264 2

382 2278 437 2341 ool.
454 2282 510 2341 60.-
528 2284 624 2342 Porro
639 2281 713 2365 quia
726 2279 859 2359 dixistis,
876 2219 965 2365 quod
978 2280 1043 2343 sine
1059 2299 1202 2344 consensu
1220 2288 1271 2342 tua
1289 2267 1454 2363 leqabianes

383 2381 536 2444 nusquam
548 2363 664 2424 mittere
677 2359 858 2439 deberemus,
875 2381 1006 2446 rumque
1019 2360 1065 2424 bic
1077 2382 1137 2424 non
1164 2361 1257 2439 uerit,
1272 2381 1325 2424 nea
1342 2360 1455 2427 litteris

383 2441 508 2526 legitur,
523 2462 575 2505 nec
591 2465 611 2505 a
630 2464 781 2529 quoquam
800 2445 956 2527 superstite
979 2463 1124 2528 umquam
1177 2444 1233 2506 isac
1251 2444 1455 2508 reminiscitur

382 2523 522 2608 [actum.-
537 2533 566 2587 et
581 2525 646 2589 ideo
663 2523 744 2590 sedes
763 2524 931 2609 Apostolica
945 2524 1037 2588 libera
1053 2545 1168 2610 semper
1180 2527 1308 2588 eculeus
1326 2523 1455 2592 liberam
1513 2545 1514 2570 ³

383 2606 493 2691 ubique
519 2625 609 2669 suurn
628 2607 722 2670 mittit
744 2606 933 2691 lequtianenr,
963 2606 1072 2670 babens
1095 2608 1219 2670 Domini
1243 2609 1456 2673 auctoritatem

384 2688 527 2752 dicentis:
549 2693 613 2773 Eqa
656 2709 689 2753 ro
711 2701 737 2752 te
757 2691 874 2772 roqaai,
902 2693 1002 2767 Patre,
1026 2699 1145 2752 utnon
1162 2688 1281 2773 deficiat
1297 2689 1373 2773 fides
1398 2701 1455 2754 tua

385 2781 413 2833 et
437 2782 469 2834 tu
492 2769 618 2856 aliquan
640 2791 656 2833 a
678 2791 833 2835 conuersus
857 2769 1002 2856 confirma
1026 2771 1138 2854 fratres
1161 2781 1237 2834 tuos.
1265 2775 1366 2836 Paucis
1388 2773 1455 2836 haec

385 2855 437 2915 atti
459 2855 483 2930 l,
511 2873 577 2933 quaa
610 2855 703 2916 inulta
730 2856 863 2930 uberius,
888 2855 1019 2934 gravius,
1048 2856 1208 2917 accuratius
1234 2863 1455 2935 pertractantur

386 2937 419 2995 iu
432 2875 517 2996 lirul.
539 2955 624 3018 opere
642 2941 693 2999 Pll
709 2941 749 3000 Vl
767 2956 833 3019 cap.
857 2939 876 2997 8
894 2943 962 2998 sect.
990 2939 1008 2998 5
1028 2945 1057 2998 et
1071 2955 1146 3021 sup,
1162 2957 1247 2999 num.
1270 2939 1310 3000 to
1329 2947 1357 3000 et
1374 2957 1453 3024 serp,

259 3027 266 3036 '
384 3035 457 3099 paq.
474 3019 533 3079 205
552 3025 656 3100 etseq.

435 3193 467 3293 §.
496 3193 607 3266 XXX.
636 3193 722 3265 Sunt
741 3213 851 3268 autem
873 3199 969 3294 legati
992 3201 1044 3271 rel
1068 3228 1093 3272 a
1117 3201 1242 3290 latere,
1271 3201 1322 3273 vel
1350 3209 1457 3276 missi

387 3289 438 3362 vel
464 3297 555 3364 nati.
594 3293 705 3389 Legati
732 3323 757 3368 a
786 3297 891 3370 latera
918 3315 995 3368 sunt
1026 3299 1221 3388 cardinales,
1249 3325 1329 3397 quos
1357 3325 1457 3371 sum·
1510 3327 1511 3354 ἐ

388 3413 461 3460 mus
485 3389 636 3462 Pontifex
664 3395 753 3488 quasi
776 3420 815 3465 ex
842 3420 900 3466 suo
926 3395 1070 3468 dimissos
1097 3395 1216 3486 latere,
1245 3400 1296 3467 cui
1321 3423 1457 3496 semper

389 3485 553 3558 adherere
582 3507 776 3581 censentur,
815 3509 871 3563 aut
906 3493 948 3564 ad
981 3520 1148 3590 supremos
1179 3497 1281 3592 princi
1347 3545 1358 3584 ,
1397 3515 1458 3568 aut

390 3587 425 3654 in
466 3585 596 3656 ditionis
635 3587 851 3663 ecclesiastice
892 3595 1071 3690 provincias
1109 3597 1221 3664 mittit.
1272 3519 1459 3692 lbisssupra
1509 3599 1510 3621 ¹

391 3699 512 3754 eeteros
539 3683 661 3779 legatos
691 3690 856 3779 eminent,
889 3706 922 3760 et
952 3716 1065 3763 eorum
1092 3693 1127 3762 in
1162 3693 1365 3788 provinciam
1394 3693 1459 3763 ad-

390 3797 489 3852 ventu
525 3780 597 3854 silet
626 3781 763 3855 aliorum
797 3785 977 3883 legatorum
1013 3803 1152 3887 potestas
1189 3789 1256 3886 (l)
1303 3789 1458 3861 Utuntur
1508 3871 1509 3883 q

391 3879 570 3976 apostolicis
605 3880 782 3975 insignibus
827 3885 902 3982 (2),
949 3885 1119 3958 absolvunt
1160 3889 1459 3960 excommunicatos

379 3996 525 4078 propter
582 3979 786 4052 violationem
831 3981 1020 4057 clericorum
1061 3985 1129 4082 (5),
1181 4001 1214 4057 et
1257 3985 1458 4083 amplissima
