3140 5168
791 455 1047 550 4-soo-

390 625 463 680 tom
494 608 562 704 ipse
589 617 775 678 contractus
814 607 901 676 inter
932 607 1038 676 virum
1064 629 1101 675 ac
1141 603 1312 676 mulierem
1342 605 1455 694 initus,

340 743 347 764 ι
393 723 464 778 tum
506 703 691 794 vinculum,
735 703 824 800 quod
866 729 905 776 ex
949 719 1118 776 contractu
1155 705 1259 774 on'tur
1303 719 1338 774 et
1378 701 1458 802 quod

367 857 371 868 .
392 801 471 876 solvi
490 827 558 874 non
577 817 685 900 potest
703 801 769 901 (4).
824 839 828 844 ·

447 993 458 1052 l
495 994 583 1053 Cone.
598 989 683 1054 Trid.
699 1009 770 1052 ecee.
786 991 826 1052 et
840 1008 908 1052 con.
924 993 940 1052 6
957 987 993 1052 dc
1006 992 1145 1054 Sacram.
1159 989 1297 1052 uwtrim.

446 1075 464 1134 0
497 1073 593 1154 Epist.
609 1071 649 1134 od
664 1070 752 1134 Hele.
770 1077 845 1136 xttt·
855 1091 885 1133 6.
899 1075 931 1134 6.

448 1157 465 1214 5
499 1157 529 1216 S.
547 1155 627 1216 tlier.
647 1154 720 1216 inc.
738 1158 764 1216 V
782 1174 813 1216 6.
834 1156 873 1216 66
892 1152 934 1216 od
950 1153 1059 1238 Ephes.
1078 1153 1134 1216 eol.
1155 1155 1215 1216 660
1231 1162 1302 1216 torn.
1321 1151 1456 1214 ledeit.
1522 1189 1523 1250 ,

447 1239 466 1298 6
499 1240 574 1318 ling.
597 1239 636 1298 tv
655 1237 688 1297 in
703 1235 811 1298 decret.
824 1255 883 1319 pro
903 1237 1025 1298 Arnon.
1048 1237 1126 1316 apud
1146 1237 1235 1298 llard.
1255 1231 1326 1296 coll.
1354 1244 1420 1297 tom.
1442 1235 1458 1294 0
1522 1251 1523 1318 j

394 1335 427 1378 eo
443 1363 450 1378 .
467 1321 539 1380 660.
558 1322 600 1380 ita
615 1319 674 1380 sola
692 1319 770 1380 vocis
788 1319 978 1398 explicatione
998 1318 1164 1380 dirimenda
1183 1327 1226 1380 est
1244 1318 1385 1398 queastio,
1402 1333 1459 1394 que

395 1419 411 1459 a
440 1401 617 1462 scholasticis
642 1401 680 1461 de
706 1401 885 1462 matrimonii
911 1403 1035 1462 essentia
1059 1401 1244 1480 proponitur.
1268 1403 1352 1462 ilaue
1373 1407 1457 1460 auum

395 1491 565 1562 pcrpetusm
583 1483 761 1544 matrimonii
778 1483 947 1544 firmitatem
966 1501 1002 1544 ex
1016 1483 1084 1562 jure
1108 1483 1209 1544 divino
1227 1482 1387 1562 procedere
1404 1499 1459 1541 oer-

396 1573 459 1625 tum
472 1573 527 1641 est,
544 1565 632 1643 idque
642 1565 747 1626 docent
761 1565 925 1628 Booiiacius
939 1568 1007 1626 vttt
1020 1565 1053 1626 ire
1067 1583 1134 1646 cop.
1147 1565 1231 1626 666.
1248 1561 1284 1626 de
1295 1573 1357 1624 vot.
1370 1571 1396 1624 et
1407 1569 1455 1624 tut.

396 1646 538 1730 redempt.
554 1647 586 1708 in
598 1649 627 1725 6,
644 1655 673 1708 et
687 1666 769 1710 conc.
783 1647 868 1710 Trid.
883 1647 917 1708 io
928 1645 1005 1708 decr.
1019 1645 1055 1708 de
1068 1665 1146 1709 socr.
1160 1649 1256 1710 Matr.
1269 1664 1343 1709 sess.
1357 1649 1405 1708 66.

447 1814 479 1916 §.
518 1814 588 1886 Cll.
632 1816 691 1887 Est
714 1832 825 1888 autem
867 1817 1132 1909 matrimonium,
1168 1819 1228 1888 viri
1266 1832 1303 1888 et
1329 1815 1458 1886 mulieris
1523 1851 1524 1904 γ

398 1912 550 1984 maritalis
584 1917 770 2012 conjunctio
803 1917 887 1988 inter
916 1915 1075 2012 legitimas
1104 1941 1277 2014 personas,
1312 1939 1386 2013 quae
1418 1917 1458 1982 in·

398 2011 565 2083 dividuam
606 2015 753 2085 continet
777 2015 852 2085 vitae
876 2013 1158 2086 consuetudinem.
1191 2013 1240 2085 Ex
1269 2039 1338 2110 quo
1369 2010 1459 2082 intel·

397 2110 529 2206 ligitur,
560 2137 660 2206 quom
685 2113 798 2208 procul
835 2111 918 2184 absit
949 2137 967 2182 a
996 2113 1197 2184 matrimonii
1228 2113 1353 2183 ratione
1385 2133 1459 2180 oon·

392 2211 522 2306 junctio
565 2233 632 2280 non
676 2209 849 2301 maritalis,
895 2235 1003 2308 neque
1044 2209 1246 2282 individuam
1301 2211 1459 2280 continens

398 2307 475 2376 ritae
505 2304 795 2398 consuetudinem,
825 2310 873 2379 uti
906 2323 955 2380 est
981 2307 1214 2380 concubinatus
1244 2307 1316 2404 (l),
1342 2303 1460 2376 adulte
1524 2333 1525 2338 ¹

397 2405 502 2494 rium,
546 2417 718 2500 stuprum,
762 2407 908 2504 itemque
951 2408 1137 2506 conjunctio
1171 2405 1310 2478 duarum
1355 2425 1459 2500 perso

397 2526 534 2592 nuum,
571 2527 651 2599 quas
696 2501 851 2575 dirimens
899 2503 1174 2604 impedimentum
1215 2505 1343 2601 nuptias
1383 2501 1460 2570 inire

396 2614 485 2672 vetat
514 2599 580 2699 (0).
608 2599 762 2674 Maritalis
783 2619 894 2674 autem
915 2605 1103 2702 conjunctio
1128 2628 1198 2674 non
1228 2605 1264 2672 in
1299 2626 1337 2674 co
1375 2622 1460 2670 orum

397 2701 550 2794 praecise,
588 2723 703 2770 verum
747 2701 782 2770 in
832 2703 1015 2772 animorum
1062 2703 1229 2798 praecipue
1267 2725 1352 2798 copu
1381 2697 1460 2768 tione
1525 2759 1526 2786 ,

399 2798 543 2866 consistit
568 2796 637 2891 (5);
666 2811 701 2868 et
727 2797 895 2870 translatio
925 2797 1061 2870 dominii
1088 2801 1124 2870 in
1159 2823 1278 2896 corpus
1307 2799 1460 2893 utriusque
1525 2849 1526 2856 .

399 2895 545 2992 conjugis
563 2893 604 2964 ab
629 2921 690 2968 usu
712 2899 852 2994 separari
880 2911 988 2994 potest
1009 2897 1078 2996 (6).

439 3065 482 3150 (6)
503 3067 668 3129 concubina
687 3069 806 3150 proprie
822 3077 867 3131 cst
884 3069 1008 3148 mulier,
1028 3087 1116 3150 66666
1135 3070 1277 3149 quianon
1295 3067 1391 3131 mariti
1407 3065 1461 3126 aui·

399 3165 464 3226 mo,
484 3149 536 3209 sed
553 3151 724 3211 concubitus
741 3159 856 3214 tuntum
871 3171 955 3213 causo
974 3153 1054 3213 domi
1072 3152 1195 3228 retinet,
1217 3160 1308 3230 atque
1325 3151 1386 3213 hese
1402 3165 1461 3210 ooo·

400 3231 542 3306 suetudo,
559 3232 621 3292 sire
637 3232 863 3310 concubinatus,
884 3235 1067 3296 individuam
1085 3253 1145 3297 non
1164 3235 1298 3296 continet
1318 3236 1385 3295 vito
1403 3247 1461 3291 con-

400 3312 598 3390 suetudinem,
624 3323 653 3376 et
675 3317 777 3396 procul
800 3316 915 3376 abests
937 3317 1139 3392 matrimonio,
1165 3315 1245 3396 quod
1271 3315 1392 3378 dissolvi
1412 3329 1462 3374 non

399 3403 505 3474 potest.
528 3397 619 3456 Decet
645 3403 742 3458 umen
763 3397 1009 3474 animadvertere,
1039 3397 1118 3476 quod
1141 3397 1307 3458 concubina
1329 3395 1463 3458 interdum

401 3477 509 3538 dicitur
535 3495 603 3537 vera
628 3496 716 3556 uxor,
742 3478 829 3540 dueta
853 3487 951 3540 temen
972 3481 1036 3542 sine
1060 3481 1129 3542 dote
1143 3487 1173 3541 et
1191 3480 1318 3559 nuptiali
1341 3475 1464 3540 solemni·

401 3567 471 3634 tate,
492 3557 535 3618 uti
554 3559 702 3640 colligitur
722 3579 758 3622 er
775 3561 812 3622 t.
836 3563 895 3622 666
916 3561 951 3646 ff.
976 3559 1010 3624 de
1028 3559 1106 3624 oerb.
1129 3560 1250 3646 eipitif,
1270 3563 1309 3623 L.
1330 3563 1370 3624 52
1385 3553 1464 3702 gale

401 3639 503 3702 donet.
519 3646 548 3700 ct
560 3638 666 3702 novell.
682 3643 735 3720 68,
752 3661 844 3722 eaque
863 3663 880 3704 a
899 3661 967 3705 vera
985 3662 1076 3706 uxore
1093 3653 1209 3706 tentum
1228 3645 1374 3726 dignitate
1410 3639 1465 3700 iiie·

401 3723 500 3798 rebat,
525 3723 594 3802 quis
617 3723 727 3786 scilicet
748 3725 926 3805 concubina,
946 3727 1000 3788 etsi
1017 3745 1087 3788 vera
1105 3735 1181 3790 esset
1199 3745 1289 3804 uxor,
1313 3745 1373 3788 non
1395 3732 1465 3784 um-

400 3805 476 3866 sibet
486 3805 517 3865 in
527 3805 666 3866 familiam
677 3809 795 3886 mariti,
810 3825 925 3888 neque,
946 3809 991 3870 uti
1009 3827 1084 3870 uxor
1100 3811 1248 3892 legitima,
1269 3809 1336 3888 ejus
1347 3807 1462 3887 jurium,

401 3886 635 3968 privilegiorum,
655 3887 801 3950 honorum
820 3891 963 3972 particeps
982 3889 1086 3969 fiebat,
1106 3891 1186 3972 quod
1204 3891 1367 3952 ostendunt
1383 3883 1465 3950 teat·

379 3967 447 4027 ·lus
469 3967 535 4030 Oba.
560 3965 611 4030 lib.
639 3971 743 4054 drop.
775 3973 829 4047 lti;
852 3974 921 4034 Ant.
949 3973 1129 4052 Augustinus
1144 3973 1180 4036 dc
1195 3971 1312 4034 emend.
1335 3968 1462 4034 Gratiae.

390 4046 454 4128 Ι66.
468 4051 483 4112 6
496 4045 608 4134 diolop.
624 4054 663 4115 66
678 4061 748 4116 torn.
763 4053 866 4138 ipoo.
882 4055 923 4116 60
936 4051 984 4116 ed.
999 4055 1109 4133 Loooe5
1122 4059 1170 4118 Du
1184 4059 1281 4137 66636
1293 4055 1327 4116 io
1340 4050 1463 4116 Glossor.
