3134 5144
732 333 880 406 -222
905 375 954 389 -

310 486 432 570 reform.
447 457 532 546 nam.
552 485 604 561 57,
619 483 669 546 ubi
685 483 799 564 plures,
814 484 866 563 qui
881 489 1036 562 utramque
1050 491 1171 544 tuentur
1184 486 1378 564 sententium,

312 571 492 732 affedunddiri
506 651 525 709 5
539 646 575 710 de
591 644 674 730 offic.
690 646 782 711 61666.
798 647 831 709 16
845 649 877 710 6.

363 736 381 794 1
416 735 489 814 Cap.
505 729 649 792 66161166.
665 739 794 812 perennet.

350 813 394 979 (Ξ)
417 815 489 895 Cap.
507 815 525 874 5
540 811 687 874 (16166111.

414 899 457 957 ltu
470 896 622 975 respondit
631 913 689 958 666.
702 896 888 978 congregatio
898 895 1012 956 66661111
1024 894 1074 956 die
1086 897 1107 956 t
1119 894 1268 956 decembr.
1286 899 1380 974 1665,

310 981 354 1040 uti
378 986 459 1059 patet
478 997 514 1039 66
541 975 590 1039 tit.
616 979 654 1038 19
679 981 833 1040 Decretor.
849 997 928 1121 pop.
956 979 1015 1038 ute
1037 997 1058 1036 a
1082 985 1126 1038 ter
1145 995 1172 1038 a.
1202 979 1384 1042 (16616611-

309 1071 451 1124 taoerrnm
467 1059 501 1121 ia
521 1058 630 1122 vindic.
647 1057 747 1122 666166.
764 1060 849 1144 jerit
871 1060 919 1121 iat.
946 1055 996 1120 tit.
1017 1061 1035 1118 7
1059 1079 1126 1140 cap.
1149 1061 1188 1135 6,·
1209 1063 1382 1140 annunum

310 1145 344 1205 in
358 1162 424 1225 cap.
443 1140 619 1206 6166161116.
639 1161 724 1204 nam.
746 1146 781 1204 11
799 1141 835 1206 de
849 1151 999 1218 aenum
1019 1142 1194 1203 Laurenium
1210 1148 1326 1206 tranat
1344 1143 1383 1206 de

199 1279 208 1292 .
309 1235 414 1308 pateat.
430 1226 526 1286 vicar.
540 1225 629 1306 epr‘oc.
647 1244 714 1306 cap.
728 1227 746 1286 5
761 1233 866 1308 quart.
884 1227 943 1286 168
956 1223 983 1306 §.
999 1226 1030 1284 9.

365 1311 383 1370 7
416 1307 590 1370 Benedictus
603 1310 671 1370 XIV
686 1305 722 1368 de
734 1305 840 1391 synod.
857 1305 972 1368 61166666.
992 1303 1042 1366 to.
1060 1308 1121 1366 16.
1139 1307 1254 1367 56666.
1272 1307 1290 1368 5
1304 1311 1380 1370 611.

364 1394 383 1451 8
416 1391 526 1452 666611.
542 1388 676 1451 Trident.
690 1407 762 1452 6666.
777 1391 817 1451 at
828 1408 897 1485 cap.
914 1387 982 1450 6616
995 1387 1120 1470 reform.

350 1471 393 1554 (9)
416 1475 490 1554 Cap.
505 1475 523 1533 2
539 1471 575 1534 de
586 1471 692 1532 Parcit.
706 1479 735 1534 et
745 1471 921 1534 1166616666.
934 1470 967 1532 ia
979 1472 1010 1530 6.

350 1553 414 1636 (10)
435 1555 544 1617 concil.
561 1555 696 1617 Teident.
712 1571 785 1616 6666.
801 1555 840 1615 tt
853 1573 921 1636 cap.
937 1555 956 1614 6
969 1551 1005 1614 de
1020 1551 1143 1634 rasam.

353 1637 416 1720 (tt)
439 1640 512 1719 Cap.
525 1637 544 1696 5
558 1635 594 1697 de
608 1639 745 1717 Tempor.
761 1635 893 1698 ordinet.
911 1636 944 1698 in
958 1637 988 1697 6.

361 1789 393 1892 §.
421 1791 580 1863 LXXXI.
608 1789 727 1862 Vioarii
747 1817 867 1862 munus
889 1808 977 1864 reete
999 1792 1257 1865 obeuntomnes
1274 1792 1384 1864 elerici

311 1908 445 1964 tonsura
466 1892 601 1977 initiati3
632 1888 688 1960 sed
718 1887 758 1960 ab
791 1889 907 1961 eodem
948 1907 1100 1963 arcentur
1126 1891 1233 1962 clerici
1260 1893 1383 1986 eonju-

312 1991 400 2086 366,
435 1991 576 2060 minores
615 1990 709 2058 annis
742 1989 1005 2088 vigintiquinque
1035 1991 1108 2088 (1),
1141 1987 1288 2088 parochi,
1321 2014 1383 2060 66-

312 2089 422 2158 666161
451 2087 683 2186 poenitentiarii
718 2101 753 2157 et
773 2090 894 2178 ceteri,
925 2090 983 2186 qui
1022 2114 1132 2159 curam
1164 2087 1284 2158 habent
1306 2089 1385 2157 661-

311 2211 461 2278 murum,
494 2186 629 2258 demum
660 2187 817 2282 imperiti3
855 2201 889 2258 et
926 2185 999 2259 ideo
1033 2211 1161 2260 necesse
1191 2202 1258 2276 eet,
1290 2185 1384 2283 quod

313 2286 452 2355 vicarius
473 2283 630 2380 generalis
656 2283 707 2354 vel
722 2307 819 2355 sacrae
834 2283 1026 2381 theologiae,
1053 2284 1104 2358 vel
1123 2288 1207 2384 jurio
1236 2285 1387 2356 canonici

311 2381 456 2452 laureum
484 2381 664 2454 obtinuerit
693 2379 767 2479 (ἢ),
794 2383 855 2453 6161
883 2382 1016 2456 aliunde
1044 2385 1105 2454 viri
1130 2385 1247 2480 peritia
1271 2383 1384 2454 mani-

315 2480 398 2551 sesto
410 2495 537 2552 constet
548 2479 615 2578 (ὅ)

355 2626 398 2710 (1)
418 2628 495 2692 Vide
509 2629 628 2692 Barbas.
641 2627 749 2711 dejur.
762 2626 862 2691 666166.
876 2626 926 2692 lib.
942 2633 956 2691 1
975 2649 1041 2712 cap.
1056 2632 1094 2692 15
1106 2637 1205 2714 etseq.

355 2711 398 2792 (2)
419 2713 507 2774 Plura
525 2731 558 2772 ea
572 2711 609 2773 de
622 2729 656 2772 re
673 2719 743 2772 sunt
763 2713 879 2774 decreta
897 2731 970 2774 sacr.
987 2712 1219 2794 congregauonis
1234 2710 1389 2791 episcopo-

314 2811 382 2853 rum
393 2799 424 2854 et
433 2793 614 2875 regularium
627 2792 705 2872 apud
716 2793 873 2874 Pallegrin.
888 2813 958 2876 par.
977 2798 990 2855 1
1008 2813 1076 2876 eep.
1097 2797 1111 2856 1
1128 2813 1213 2855 anm.
1228 2795 1258 2854 9.

356 2873 398 2955 (5)
419 2875 529 2936 concil.
547 2875 681 2938 Trident.
702 2893 773 2936 6666.
790 2877 830 2938 nt
845 2895 912 2958 cap.
935 2877 973 2938 16
989 2874 1024 2938 de
1042 2873 1182 2960 reform„
1201 2876 1252 2938 ubi
1267 2883 1391 2938 cantum

316 2965 375 3032 est,
397 2963 430 3016 ut
446 2957 571 3018 vicarius
589 2964 650 3018 um
665 2957 807 3036 episcopi,
822 2977 910 3035 quern
931 2959 1055 3038 Capituli
1073 2955 1180 3022 6611666
1198 2958 1231 3019 16
1245 2957 1320 3040 jere
1333 2975 1392 3018 66-

315 3036 423 3099 666166
452 3039 494 3101 ait
520 3037 635 3116 doctor,
666 3034 714 3098 661
740 3035 924 3120 licentiatus,
951 3039 998 3104 661
1025 3039 1118 3119 61166,
1147 3049 1295 3123 quantum
1315 3037 1392 3123 fieri

316 3119 439 3201 poterit,
464 3118 599 3182 idoneor.
616 3117 792 3182 Videcard.
817 3120 855 3183 de
871 3127 946 3186 Luca
968 3122 1042 3186 dioc.
1071 3126 1107 3186 51
1129 3119 1170 3184 ad
1191 3121 1291 3185 666611.
1315 3123 1392 3184 Tri-

317 3199 449 3279 dentia„
472 3203 522 3264 ubi
547 3201 698 3264 decretum
718 3203 855 3266 laudatur
874 3223 949 3267 saer.
978 3207 1209 3288 congregationis
1236 3206 1392 3285 cpiscopo-

317 3302 386 3344 rum
397 3291 427 3344 et
440 3285 631 3366 regularium.

366 3425 397 3526 §.
426 3425 596 3500 LXXXII.
625 3429 652 3498 A
675 3431 793 3502 vicario
821 3429 964 3530 generali
983 3429 1023 3500 ud
1047 3433 1236 3528 episcopum
1263 3452 1392 3525 proro-

317 3549 390 3598 care
412 3552 480 3598 non
502 3526 597 3616 licet,
628 3553 704 3597 cum
734 3531 904 3626 utriusque
929 3527 1075 3600 tribunal
1107 3553 1212 3600 unum
1232 3527 1393 3622 idemque

317 3627 370 3698 sit.
399 3626 532 3722 Expirat
556 3638 665 3696 autern
687 3627 1004 3726 ricariijurisdictio,
1031 3627 1081 3699 vel
1102 3630 1127 3698 si
1143 3629 1212 3724 ipse
1244 3651 1282 3698 co
1304 3649 1395 3694 mu-

317 3747 396 3796 nere
427 3749 494 3796 sese
518 3723 664 3812 abdicet,
697 3723 748 3796 rel
781 3727 807 3794 si
836 3725 876 3796 ab
904 3727 1054 3823 episcopo
1081 3739 1304 3813 remorentur,
1333 3723 1396 3795 vel

316 3827 343 3893 si
360 3827 430 3922 ipsa
457 3824 598 3922 episcopi
608 3821 791 3920 jurisdictio
808 3841 864 3897 cut
891 3824 1001 3916 obitu3
1028 3839 1085 3896 aut
1102 3849 1220 3922 penna,
1237 3837 1293 3893 aut
1323 3820 1397 3895 elio

322 3925 434 4018 quovis
450 3921 549 3998 modo
562 3925 780 4016 extinguatur.
