3100 5182
756 373 975 446 -184-

331 516 375 586 ee'
388 523 426 585 iia
448 519 657 616 approbaverit
672 539 761 584 anone
784 520 935 582 oioitotem
952 538 1013 583 ecoe
1035 516 1235 602 metropolim,
1259 521 1286 584 it
1306 521 1402 586 totino

328 605 492 689 provincie
505 601 646 664 honorem
656 603 806 686 primatus
823 601 961 664 obtinent.
983 607 1027 664 lto
1040 603 1168 664 Africani
1184 603 1323 681 primaten
1337 623 1406 666 me-

332 687 475 766 tropolitae
496 693 595 760 crant,
616 687 700 745 etita
716 686 825 764 primas
842 685 1026 763 metropolita
1043 693 1088 745 cet
1106 684 1140 745 in
1153 703 1222 766 cap.
1238 687 1256 746 5
1275 683 1311 746 de
1326 686 1402 746 For.

332 777 504 850 compotem,
519 767 598 846 quod
618 785 654 827 ex
669 767 803 829 Africano
820 767 942 827 concilio
959 765 1146 846 desumptum
1157 775 1212 827 est.
1229 767 1286 829 Sed
1300 777 1404 846 postea

332 851 464 930 primatis
479 868 534 910 vox
548 849 681 910 traducta
694 857 738 910 ost
756 848 795 910 ad
818 847 1012 928 patriarchas,
1028 857 1058 910 et
1072 867 1147 910 novo
1165 849 1221 909 hoc
1237 867 1326 910 sensu
1343 867 1404 912 vox

230 975 233 984 ,
331 933 395 994 hnc
417 932 552 1010 usurpari
577 932 706 1010 primum
731 931 818 1010 coepit
845 932 877 991 in
901 931 980 992 falsis
1003 931 1197 992 decretalibus
1224 931 1401 1010 Clementis,

331 1015 459 1092 Aniceti,
482 1013 628 1088 Anacleti,
651 1013 747 1090 Lucii,
771 1021 928 1092 quaesunt
954 1013 987 1074 in
1008 1031 1075 1074 oon.
1101 1016 1116 1074 l
1145 1020 1175 1073 et
1197 1014 1217 1072 2
1244 1011 1314 1074 diet.
1341 1015 1400 1091 80,

332 1105 360 1157 et
383 1115 450 1157 curt.
475 1099 489 1156 l
514 1098 577 1157 Μ
600 1091 670 1156 dist.
694 1096 751 1172 993
771 1095 846 1156 forte
866 1093 945 1173 quod
966 1103 1067 1156 auctor
1090 1113 1192 1154 earum
1208 1093 1404 1156 decretalium

334 1179 448 1238 nullum
466 1177 622 1238 discrimen
637 1178 707 1238 lecit
722 1177 800 1236 inter
821 1173 983 1238 exorcltnm
1003 1184 1059 1238 ont
1070 1175 1234 1271 primatem
1250 1175 1402 1255 otnant,

333 1260 383 1338 qui
401 1259 563 1338 patriarcha
584 1267 643 1336 est,
666 1261 802 1337 interque
816 1258 978 1342 prietatem
991 1258 1168 1340 provincie,
1190 1258 1241 1336 qui
1272 1266 1317 1319 est
1337 1277 1405 1320 me-

333 1342 480 1420 tropolita.
498 1343 606 1403 Mirum
619 1350 718 1404 autem
731 1338 825 1402 videri
842 1359 901 1402 nou
919 1339 1023 1416 debet,
1039 1341 1119 1418 quod
1137 1339 1242 1416 aliquia
1260 1359 1276 1400 a
1291 1349 1405 1404 metro-

333 1423 430 1502 polita
439 1423 551 1503 judicio
565 1442 720 1502 provocare
731 1430 827 1502 posset
844 1422 889 1482 vel
904 1421 942 1482 ad
956 1423 1111 1501 primatem
1123 1421 1270 1498 dioeccsis,
1288 1420 1346 1484 hoc
1359 1431 1405 1485 eet

82 1489 85 1496 ¹
154 1591 162 1608 Ι
247 1565 249 1570 ,
336 1505 545 1584 patriarcham,
569 1505 614 1566 vel
631 1506 670 1566 ad
689 1495 1041 1583 constantinopolitanum
1065 1503 1242 1578 antistitem,
1267 1504 1311 1564 uti
1338 1523 1407 1566 sau-

335 1588 425 1648 citum
447 1597 491 1648 est
514 1591 667 1648 canonelt
692 1587 805 1649 concilii
833 1586 1086 1650 Chalcedonensis.
1112 1589 1187 1648 Nam
1208 1585 1241 1646 id
1264 1587 1406 1664 peculiari

333 1668 400 1746 jure
417 1678 448 1729 et
467 1677 548 1731 extra
560 1671 694 1730 ordinem
714 1669 816 1729 datum
834 1676 897 1728 erat
919 1669 1053 1747 episeopo
1069 1667 1405 1746 Constantinopolitano,

337 1758 370 1811 ut
393 1751 423 1810 in
447 1752 540 1811 causis
560 1769 619 1811 non
642 1769 763 1811 suorum
783 1751 1035 1828 metropolitarum
1058 1768 1112 1829 per
1131 1749 1282 1810 Orientem
1307 1753 1405 1828 primo

333 1831 445 1910 judicio
466 1833 652 1908 decernerem
667 1831 746 1910 qnod
762 1839 843 1910 patet
854 1833 987 1911 exemplo
1001 1832 1129 1894 Flaviani
1144 1830 1316 1910 patriarche
1330 1836 1404 1895 Con·

289 1951 293 1960 ·
336 1914 600 1992 stantinopolitani‚
626 1915 677 1990 qui
699 1913 812 1992 judices
839 1913 921 1974 dedit
948 1915 979 1973 iu
1016 1932 1101 1975 causa
1126 1913 1185 1976 11>oe
1210 1915 1404 1991 metropolitae

336 1995 489 2072 Edesscni,
518 1996 568 2074 qui
591 1995 710 2056 suberat
735 1995 908 2074 patriarche
933 1995 1131 2071 Antiocheno,
1160 1993 1203 2056 uti
1229 2003 1339 2055 constat
1365 2015 1402 2058 ex

337 2077 459 2222 cloppbipio
479 2077 706 2140 chalcedonensi
726 2085 783 2138 oct.
806 2080 845 2138 tc
868 2075 922 2140 col.
945 2079 1024 2140 toto
1041 2086 1071 2139 et
1084 2096 1145 2162 aeq.
1166 2086 1234 2138 tom.
1251 2078 1270 2137 l
1288 2074 1399 2140 collect.

435 2177 458 2221 t.

387 2278 416 2378 §.
458 2279 629 2352 XXXIX.
670 2280 877 2376 Metropolita
913 2283 972 2349 uni
1008 2297 1127 2376 praeest
1162 2283 1338 2377 provinciae
1373 2299 1405 2354 et

338 2381 514 2476 episcopis,
534 2380 604 2490 tqui
634 2404 672 2448 ca
712 2376 1048 2474 comprehenduntur.
1083 2379 1283 2474 Dignitatem
1320 2380 1405 2452 hanc

339 2492 414 2546 ante
452 2475 623 2548 concilium
659 2474 829 2548 Nicaenum
860 2477 995 2571 viguisse
1023 2493 1228 2574 compertum
1259 2493 1309 2549 cst
1330 2477 1403 2574 (i),

339 2573 499 2670 multique
527 2589 604 2644 sunt
633 2575 692 2645 viri
720 2571 808 2645 docti
834 2588 868 2644 et
900 2599 1027 2668 gravem
1057 2578 1114 2672 qui
1146 2577 1216 2673 ejus
1247 2579 1407 2672 originem

340 2687 493 2769 repetunt
521 2672 562 2742 ab
594 2674 764 2770 apostolis,
792 2697 810 2741 a
848 2673 965 2768 quibus
1006 2673 1140 2772 hujusce
1172 2673 1335 2770 dignitatis
1373 2691 1407 2746 et

333 2771 417 2868 juris
447 2795 516 2842 non
540 2771 675 2843 obscura
710 2770 821 2841 relicta
862 2787 940 2840 sunt
976 2787 1207 2862 monumenta,
1251 2788 1293 2842 ut
1318 2790 1408 2845 recte

338 2883 438 2939 status
469 2867 685 2940 ecclesiasticae
722 2867 909 2939 hierarchiae
948 2872 1200 2940 constitueretur
1232 2869 1298 2966 (ἢ).
1340 2869 1409 2942 Me·

339 2965 502 3062 tropolitae
526 2991 649 3037 nomen
677 2993 694 3036 a
729 2966 901 3064 metropoli
937 2966 1103 3064 procedit,
1143 2993 1218 3065 quae
1248 2985 1297 3039 cst
1329 2967 1408 3040 urbs

340 3065 515 3159 provinciae
547 3080 657 3160 caput.
699 3061 766 3148 Qui
800 3066 836 3134 in
862 3091 900 3136 ea
933 3067 1061 3136 civitate
1096 3069 1319 3164 episcopatum
1354 3093 1408 3163 ge·

340 3159 473 3248 rebant,
507 3159 585 3232 dicti
637 3177 715 3231 sunt
748 3161 984 3259 metropolitae,
1030 3189 1067 3234 ac
1113 3163 1265 3261 deinceps
1307 3167 1409 3236 etiam

338 3257 580 3354 archiepiscopi,
617 3258 705 3356 quod
748 3276 950 3357 postremum
996 3261 1187 3334 vocabulum
1228 3263 1287 3334 etsi
1323 3261 1406 3335 olim

340 3354 433 3426 latios
464 3371 603 3451 pateret,
637 3373 747 3428 tamen
779 3357 868 3456 lapsu
903 3375 1088 3458 temporum
1129 3359 1320 3432 translatum
1358 3377 1407 3432 est

341 3451 382 3522 ad
423 3477 491 3542 eos,
530 3457 587 3550 qui
625 3457 799 3551 provinciae
839 3459 898 3528 uni
930 3479 1035 3531 essent
1066 3462 1253 3558 praepositi,
1296 3457 1407 3556 quales

341 3547 557 3647 metropolitae
593 3567 679 3624 sunt.
718 3554 832 3653 ltaque
873 3559 954 3628 ratio
987 3575 1021 3628 et
1057 3585 1127 3631 mos
1162 3557 1332 3629 hominum
1361 3555 1409 3628 lc-

341 3651 405 3738 cit,
438 3664 476 3718 ut
517 3649 752 3747 metropolitica
802 3653 944 3753 dignitas
978 3653 1115 3728 haereret
1154 3657 1293 3746 civitati,
1332 3679 1410 3751 quae

340 3749 375 3817 in
401 3749 571 3914 provincia
610 3747 749 3820 habebat
775 3753 994 3850 principatum
1028 3769 1062 3825 ct
1094 3753 1134 3824 ad
1164 3778 1264 3852 quam
1294 3777 1412 3824 omnes

339 3869 400 3916 con
428 3845 569 3938 u'ebant,
591 3861 705 3945 postea
728 3852 856 3921 asacris
884 3850 1061 3923 canonibus
1085 3853 1158 3950 jura
1183 3867 1217 3924 et
1238 3847 1411 3948 privilegia

341 3940 488 4038 dignitati
502 3961 717 4020 consentanea
732 3947 823 4022 suere
838 3949 991 4022 attributa
1008 3951 1075 4048 (ὅ).
