3122 5178
499 457 718 574 ’-77-

145 649 180 734 [77
198 657 238 715 De
257 651 314 714 hoe
329 651 469 732 Dionysio
486 651 850 732 loquuntur.coeiodorus
871 651 977 716 177777.
1004 649 1133 716 77777777.
1143 695 1153 730 ,

116 755 167 832 rep.
185 737 220 796 25
236 755 308 818 pnq.
331 737 386 796 tot
411 742 482 796 77777.
498 737 531 812 7,
548 732 618 796 edit.
643 737 701 797 llol
809 780 816 795 .
843 753 895 796 ert.
918 735 1017 813 ¹6793
1037 733 1158 798 777777-

115 837 175 878 nino
186 815 219 878 de
231 817 342 900 Seript.
358 813 471 878 Eeciee.
487 833 572 878 77777.
590 817 664 894 707,
682 815 716 878 io
732 819 761 878 B
801 813 872 878 7777.
893 815 1007 879 7377777.
1027 813 1159 878 Fabricii

114 899 157 958 cir.
170 897 258 976 med,
273 917 348 982 paq.
362 899 416 976 777,
432 896 479 960 ed.
494 895 662 982 Homiuryi
675 901 770 974 7778,·
785 899 976 961 Bederminue
992 897 1028 960 de
1043 897 1155 980 Script.

114 977 207 1042 777777.
229 999 309 1062 oper.
331 987 402 1040 tom.
425 981 531 1062 7779.
551 981 626 1058 not,
646 977 716 1042 odit.
747 981 845 1044 Vocet.
868 983 959 1043 4⁷28.
985 981 1085 1042 llictns
1103 999 1158 1042 77-

115 1071 160 1122 ten
175 1069 214 1122 cet
232 1063 391 1142 Dionysius
412 1062 564 1144 71779777,
587 1079 646 1122 non
669 1061 748 1142 quod
769 1081 889 1142 corpore
912 1062 1035 1144 pusillos
1059 1071 1155 1140 77777,

114 1145 148 1203 nti
161 1144 249 1222 7777777
261 1144 481 1220 existimarunt,
498 1163 565 1204 77777
582 1161 677 1222 neque
692 1143 724 1205 id
741 1145 918 1206 tradiderint
930 1143 1043 1222 antiqui
1061 1145 1156 1224 enip-

114 1233 188 1300 77777,
200 1227 247 1304 qni
262 1226 300 1286 de
315 1225 455 1305 Dionysio
468 1234 610 1308 egerunt,
625 1243 720 1306 neque
734 1225 875 1290 credibile
890 1227 944 1304 eit,
964 1226 1157 1305 Dionysium,

113 1308 154 1384 qni
176 1309 357 1386 semetipsum
377 1307 519 1391 7779777777
544 1307 685 1388 appellet,
707 1327 794 1370 7777777
817 1309 874 1370 hee
895 1307 1025 1388 corporis
1050 1307 1157 1370 vitium

112 1407 163 1467 pre
173 1407 200 1449 77
211 1389 286 1450 ferre
297 1388 432 1450 voluieec.
446 1391 546 1451 Potius
554 1407 616 1452 7777
629 1389 771 1472 77777777
782 1391 939 1471 Dionysius
949 1407 1064 1452 7777777
1073 1389 1159 1450 ride·

114 1478 156 1529 tur
172 1471 310 1532 medentis
330 1489 431 1548 777777,
455 1489 514 1550 quo
533 1472 652 1534 nornine
674 1471 724 1532 olii
748 1471 852 1548 etiem,
879 1479 966 1550 oeque
990 1469 1023 1532 in
1056 1469 1160 1550 primis

114 1551 247 1626 monaehi,
265 1571 388 1632 qnorum
406 1569 560 1614 enumero
580 1553 630 1614 ille
651 1561 731 1630 eret,
750 1554 794 1613 uti
811 1553 952 1614 solebant.
972 1551 1020 1614 Sic
1036 1553 1158 1612 7777777-

115 1635 169 1693 777
179 1634 405 1696 Bibliotheenrlue
421 1651 483 1696 7777
495 1635 638 1718 77777777
651 1633 790 1714 appellnt,
809 1631 947 1718 cpoioyio
962 1651 1016 1712 pro
1031 1633 1159 1696 Honorio

117 1714 251 1808 ad'loonn.
267 1717 421 1778 Diaconum
434 1717 467 1777 io
480 1714 590 1779 collect.
609 1713 721 1810 concii.
738 1713 854 1812 776777,
872 1725 942 1778 tom.
958 1712 1047 1810 7777.
1064 1715 1160 1810 7777,

114 1797 828 1963 ticlffllttlltittttcltt'i
843 1793 1159 1942 ltnltltllt-‘l

112 1961 280 2041 llognntinns
296 1981 360 2024 7777
377 1963 519 2045 erronem
540 1963 684 2042 appellere
702 1962 826 2038 solebat,
846 1961 890 2022 nti
905 1959 1086 2040 deprehendi
1103 1979 1161 2040 po-

112 2050 159 2101 test
175 2061 207 2102 ex
227 2045 289 2124 ejus
300 2045 429 2123 epistolis
449 2047 484 2122 8,
502 2046 558 2121 77,
580 2046 634 2122 tt,
651 2047 706 2122 78,
723 2047 779 2122 70,
797 2045 856 2120 25,
875 2039 1060 2106 7777777777.
1088 2044 1155 2104 ΡΡ.

111 2129 169 2184 tom.
190 2127 237 2202 77,
254 2145 329 2208 pay.
348 2129 408 2203 75,
426 2128 482 2203 77,
501 2128 556 2203 77,
575 2128 634 2202 76,
654 2127 709 2204 78,
726 2129 783 2201 80,
806 2125 876 2188 edit.
897 2122 1158 2222 Leqduo.‚etqoe

110 2206 176 2264 inter
189 2206 236 2266 hos
249 2209 387 2286 epistoles
398 2209 522 2269 oliorum
532 2225 648 2288 quoque
661 2209 790 2288 exemplo
801 2217 884 2282 eunt,
900 2225 951 2286 qur
966 2225 997 2268 ee
1009 2206 1158 2269 medentia

110 2303 179 2346 77777
193 2291 312 2372 77777777
324 2290 517 2370 appellebant.
536 2291 614 2367 Quin
630 2291 718 2352 etiem
733 2291 789 2370 pie
801 2289 939 2350 mulieres
956 2305 1019 2350 7777
1035 2287 1159 2369 7779777

108 2369 245 2446 77777777,
269 2373 316 2432 nti
338 2379 418 2451 petet
438 2391 474 2432 ex
494 2373 614 2452 epistole
631 2373 746 2434 Generii
779 2371 970 2446 Arelatensis,
990 2369 1068 2450 opnd
1086 2372 1159 2430 ller-

108 2451 205 2512 tenium
228 2451 376 2515 7777777.
406 2473 474 2516 ooo.
499 2453 624 2532 Anccd„
650 2459 721 2516 tom.
750 2457 765 2515 l
792 2452 847 2516 col.
871 2454 906 2532 5,
932 2451 1034 2514 Porio.
1064 2451 1155 2513 7777.

108 2535 188 2611 77777
208 2535 239 2596 id
259 2537 352 2598 etiem
375 2535 430 2598 sihi
448 2535 512 2596 vult
532 2537 704 2598 llincmarus
726 2537 891 2611 Remensis‚
911 2553 978 2595 curn
997 2533 1030 2596 77
1051 2552 1097 2615 ep.
1119 2535 1158 2596 77

107 2612 140 2674 od
151 2614 309 2679 Nicolaum
323 2619 354 2694 1,
368 2636 440 2700 paq.
458 2619 517 2678 nto
534 2625 603 2679 tom.
625 2619 661 2696 2,
680 2615 749 2679 edit.
769 2613 923 2680 Sirmondi
939 2617 1039 2678 Pario.
1060 2617 1157 2693 7677,

106 2707 230 2760 foeneret
255 2701 372 2760 litteras
393 2699 554 2782 7779777777
572 2717 643 2762 occe
664 2697 810 2774 directo-e,-
831 2717 867 2759 ex
891 2697 998 2776 quibus
1022 2697 1159 2760 omnibus

105 2788 185 2857 potet,
208 2783 304 2843 misse
317 2781 451 2860 pluribus
468 2799 622 2843 commune
636 2799 744 2843 nomen
763 2779 820 2842 hoc
834 2779 950 2862 777777
961 2787 991 2840 77
1009 2779 1159 2842 7777777777

106 2877 176 2922 noso
188 2881 328 2944 usurpari
344 2864 535 2925 consuevisse.

135 2943 173 3025 (7)
191 2946 355 3027 nionysius
372 2949 494 3008 ltomom
517 2945 599 3006 venit
619 2943 769 3006 777777777
789 2946 816 3006 11
840 2940 996 3020 renunc,
1019 2942 1069 3021 qui
1084 2961 1159 3022 pon·

107 3023 230 3089 tilentum
245 3027 348 3089 tenuit
360 3047 452 3106 usque
466 3027 503 3088 ed
515 3045 625 3089 onnum
639 3029 710 3090 798.
726 3029 785 3089 Aut
798 3023 853 3086 sub
869 3041 922 3101 7ο,
937 3031 987 3085 777
1003 3025 1059 3086 nub
1072 3027 1160 3106 Sym·

105 3109 207 3186 7777777,
226 3111 278 3191 qui
296 3111 431 3189 proxime
451 3110 632 3171 7777777777
650 3117 789 3189 sequutus
803 3116 864 3184 est,
883 3107 1008 3248 frimam
1022 3125 1082 3169 7777
1098 3107 1160 3168 eol·

105 3187 221 3253 iectionis
246 3200 366 3272 portem
388 3193 544 3272 Dionysius
565 3189 675 3268 edidit;
696 3191 747 3252 sed
777 3209 844 3270 pore
868 3197 958 3248 otero
983 3195 1062 3250 certe
1093 3195 1159 3269 pont

105 3273 231 3335 77777777
242 3273 483 3354 obitumvulgcte
494 3276 630 3336 estltnm
641 3274 672 3332 in
683 3291 714 3334 77
726 3271 1159 3350 777777777777777777777,777

105 3353 161 3414 itero
183 3359 202 3418 S
222 3354 372 3430 7777777777,
388 3363 418 3415 77
438 3374 504 3415 curn
520 3355 676 3434 Dionysius
697 3354 791 3430 dicet,
806 3372 836 3416 77
850 3350 1157 3435 preterito-emedio

105 3377 266 3516 7777777777
277 3433 448 3521 pretorium
461 3435 621 3498 7777777777
634 3435 796 3516 collegisse,
811 3435 996 3496 menifestum
1009 3439 1068 3510 777,
1084 3433 1160 3496 hene

104 3526 213 3596 77777777,
227 3539 297 3599 quae
310 3519 454 3580 Annstesii
469 3517 602 3598 epistolae
612 3517 712 3594 hebet,
725 3535 759 3577 eo
773 3523 888 3576 mortuo
899 3515 1047 3598 vulgetom
1056 3515 1157 3580 luisse.

105 3598 287 3682 videnoujot
301 3603 435 3662 Proenot.
451 3617 558 3662 77777.
575 3595 625 3660 iol).
641 3601 738 3681 5ccp.
753 3599 790 3660 76
803 3615 887 3660 nom.
904 3599 934 3660 2.

134 3681 173 3763 (ὅ)
192 3685 306 3748 confer
317 3700 351 3742 77
361 3681 399 3742 de
411 3700 445 3744 re
457 3681 564 3761 Doujet
577 3677 631 3743 777.
647 3681 699 3744 cit.
715 3699 800 3742 7777.
818 3682 847 3742 7.

142 3869 168 3972 ς.
199 3873 277 3946 LX.
311 3871 426 3946 Primo
464 3897 627 3945 cononum
655 3869 838 3946 collectioni
868 3869 1041 3970 Dionysius
1077 3894 1160 3966 ope-

103 3995 160 4039 7777
198 3972 309 4042 dedit.
354 3969 438 4042 Nom
473 3995 589 4042 norom
622 3970 811 4044 Graecorum
846 3993 1008 4041 cenenum
1037 3969 1158 4039 veroin-

100 4092 167 4140 nem
209 4069 355 4144 obsolvit
407 4095 529 4166 sueque
571 4067 762 4141 collectione
809 4065 995 4164 complexus
1038 4081 1087 4138 777
1131 4065 1158 4137 L
