3140 5168
836 477 1059 550 -552-

408 631 539 712 suppleat
549 633 682 712 aetatem,
695 621 747 688 sed
763 645 823 688 non
836 635 931 706 potest
943 627 971 689 ei
990 627 1159 709 eonjugium
1173 627 1360 707 permittere,
1375 625 1425 706 qui
1438 625 1471 686 ad

408 734 471 777 rem
480 711 613 776 uxoriam
627 711 819 802 expreeatam
834 710 967 772 nondum
980 718 1064 790 aptus
1079 718 1109 771 et
1121 709 1245 772 idoneus
1255 717 1310 770 est.

455 842 486 944 §.
525 841 678 914 CXXVl.
719 839 847 912 Vitium
884 843 1026 939 eorporis
1057 839 1174 938 procul
1213 865 1232 910 a
1271 840 1472 910 matrimonio

407 967 475 1014 esse
494 940 592 1041 jubet
620 940 766 1030 adultos,
794 942 852 1037 qui
883 939 933 1011 vel
954 955 1089 1030 natura,
1111 937 1164 1010 vel
1188 937 1303 1010 morbo
1331 939 1376 1007 ita
1404 951 1473 1008 sunt

380 1041 616 1138 temperati„
637 1055 677 1110 ut
719 1063 816 1109 suum
859 1063 936 1110 eum
976 1037 1109 1108 foemina
1157 1062 1275 1134 eorpus
1312 1051 1474 1132 nequeant

407 1141 628 1224 commiscere3
659 1153 816 1235 praeteroa
854 1135 1025 1228 mulieres,
1070 1159 1144 1234 qum
1174 1138 1218 1206 ita
1259 1133 1384 1205 habent
1417 1132 1474 1204 ob-

407 1251 564 1309 structam
596 1239 699 1326 viam,
736 1251 774 1306 ut
800 1233 907 1306 viriles
941 1249 1075 1306 conatus
1101 1233 1289 1306 excludant.
1322 1230 1473 1328 Quisquis

406 1335 464 1406 tali
492 1335 555 1407 hoe
589 1335 715 1406 laborat
753 1335 850 1424 vitio,
882 1333 981 1406 modo
1020 1349 1218 1430 perpetuum
1243 1334 1303 1421 sit,
1330 1349 1364 1402 et
1399 1353 1473 1400 eon·

406 1449 547 1505 tractum
572 1447 648 1504 ante
674 1433 938 1522 matrimonium,
965 1429 1083 1502 frustm
1117 1433 1200 1502 inire
1227 1445 1364 1502 eonatur
1388 1453 1473 1526 nup-

407 1533 487 1622 tias,
513 1556 587 1629 quae
609 1534 687 1627 jure
719 1533 790 1630 ipso
820 1545 947 1603 naturae
972 1532 1072 1600 irrite
1095 1543 1174 1600 sunt
1200 1528 1267 1626 (l).
1293 1525 1366 1598 Stat
1391 1527 1471 1598 enim

408 1634 454 1702 vis
490 1631 708 1718 matrimonii,
776 1627 885 1700 uando
916 1627 1190 1726 impedimentum
1224 1641 1337 1724 postea
1368 1641 1473 1697 ortum

408 1745 457 1800 ost
487 1729 563 1826 (2),
598 1744 631 1798 et
662 1655 794 1825 quando
823 1725 908 1798 illud
938 1726 1008 1798 tolli
1053 1724 1196 1798 humana
1221 1751 1319 1822 opera
1348 1749 1385 1796 ao
1413 1723 1473 1794 sine

407 1830 481 1898 ritas
501 1826 686 1898 discrimine
700 1841 825 1922 potest,
844 1824 1027 1923 periculum
1045 1840 1093 1896 est
1109 1822 1294 1896 faciendum
1311 1822 1380 1920 (5).

463 2001 473 2060 Ι
512 2001 585 2080 Cap.
604 2001 618 2060 i
636 2007 664 2060 et
679 2000 697 2060 5
710 1997 745 2060 de
758 1996 867 2142 [ripid.
881 2008 908 2060 et
918 1995 1046 2081 malefic.

461 2083 479 2141 2
514 2081 785 2164 Commodo.
826 2125 834 2141 .

462 2163 490 2244 5)
515 2165 587 2245 Cap.
603 2161 669 2223 dds
679 2159 755 2246 [rip.
772 2171 800 2224 et
812 2159 916 2246 mules.

455 2319 486 2418 §.
514 2316 685 2392 CXXVII.
714 2318 760 2389 Ut
785 2318 850 2392 hoe
887 2319 1159 2416 impedimentum
1188 2320 1319 2392 dirimat
1367 2321 1472 2390 matri·

407 2419 575 2506 monium,
615 2431 742 2490 eertum
775 2433 873 2515 atque
911 2418 1113 2516 exploratum
1152 2443 1220 2491 me
1260 2417 1372 2504 debet,
1415 2417 1472 2487 nbi

407 2515 545 2588 dubium
574 2517 635 2605 sit,
663 2514 705 2585 ad
738 2514 897 2588 triennale
935 2519 1193 2613 experimentum
1215 2515 1472 2616 ¹confugiendum

407 2631 467 2688 est.
505 2611 636 2685 Soilioet
662 2615 794 2684 triennii
822 2617 924 2712 spatio
948 2615 1045 2686 simul
1068 2617 1225 2712 conjuges
1255 2642 1349 2711 agere
1378 2617 1472 2688 nun

407 2713 550 2802 debent,
584 2713 729 2808 nixuque
762 2711 803 2782 ad
837 2737 988 2784 venerem
1018 2713 1198 2808 perieulum
1223 2713 1330 2787 fecere
1362 2715 1472 2786 virium

406 2835 551 2881 suerum.
590 2809 694 2907 Lapso
728 2811 868 2882 triennio
895 2813 920 2880 si
958 2835 1071 2884 omnes
1096 2828 1229 2888 conatus
1250 2811 1382 2884 inutiles
1406 2813 1473 2884 lue·

406 2911 493 2998 rint,
539 2909 785 2978 matrimonium
828 2907 1028 2998 dissolvitur,
1064 2909 1238 2984 accedente
1263 2910 1472 3010 jurejurando

406 3007 586 3104 conjugum
626 3030 663 3076 ae
706 3021 832 3102 septem
879 3009 1140 3104 propinquorum
1180 3009 1247 3106 (1).
1294 3009 1472 3084 Praesertim

408 3124 496 3194 vero,
536 3127 612 3174 eum
650 3103 692 3174 de
723 3103 909 3176 alterutrius
934 3105 1080 3204 conjugis
1113 3107 1234 3178 viribus
1262 3111 1472 3182 mauorersta

406 3216 474 3290 ost,
515 3200 716 3296 inspicienda
755 3219 832 3274 sunt
861 3227 1014 3299 corpore,
1046 3201 1134 3300 quod
1170 3207 1206 3274 in
1237 3207 1313 3276 viris
1353 3207 1396 3278 fit
1421 3232 1474 3305 per

406 3299 593 3392 chirurgos,
625 3301 659 3370 in
698 3299 886 3371 mulieribus
916 3327 976 3396 per
1011 3299 1161 3374 honestas
1188 3320 1222 3374 et
1257 3303 1328 3376 fide
1369 3305 1476 3402 dignas

406 3397 593 3468 obstetriues
625 3395 695 3493 (ἢ).
737 3397 862 3468 Omnes
906 3397 939 3468 hi
965 3399 1068 3496 jurati
1101 3397 1297 3474 confirmare
1334 3403 1473 3490 debent,

405 3521 471 3566 sese
501 3497 626 3565 novisse
657 3493 802 3567 mulieris
830 3512 887 3567 aut
921 3499 979 3566 viri
1010 3523 1127 3596 eorpus
1154 3502 1262 3572 minus
1294 3517 1411 3598 aptum
1437 3500 1474 3572 ad

406 3619 475 3666 rem
493 3594 637 3664 uxoriam
657 3591 848 3690 gerendam.

446 3735 488 3820 (t)
510 3741 585 3801 Can.
598 3741 617 3800 2
629 3757 656 3800 c.
670 3741 709 3800 55
722 3759 753 3824 q.
768 3743 802 3818 t,
819 3759 884 3823 top.
900 3747 957 3806 liet
969 3741 1027 3805 ult.
1039 3743 1076 3806 de
1085 3742 1159 3828 [rip.
1172 3744 1338 3829 etmelafio.

446 3822 488 3903 (ἲ)
512 3821 584 3904 Cap.
599 3824 659 3882 lot
673 3825 711 3883 il
725 3821 761 3884 de
772 3822 891 3906 probat.

454 3949 486 4050 §.
523 3950 707 4025 cxxvltt.
747 3955 878 4045 Animi,
918 3957 983 4027 sire
1023 3956 1197 4029 voluntatis
1216 4023 1218 4027 ,
1240 3959 1477 4058 impedimento

405 4053 504 4120 irrite
537 4067 615 4122 sum
652 4055 830 4146 generatim
866 4055 1008 4150 nuptiae,
1027 4125 1028 4128 ,
1048 4057 1074 4125 si
1106 4059 1178 4153 quis
1219 4073 1296 4129 ante
1323 4057 1396 4160 illas
1429 4056 1476 4127 rel
