3140 5168
545 365 765 436 4555-

111 537 202 584 sacro
235 511 369 604 ordine,
403 511 453 584 rel
481 513 625 610 religiosa
654 515 871 612 professione,
904 513 955 584 rel
990 513 1091 586 altero
1123 541 1189 586 mo·

111 613 268 682 trimonio
298 635 366 681 sese
394 610 556 706 obligarit.
591 611 705 684 Sacros
738 611 872 709 quidem
897 611 1047 704 ordines,
1074 611 1125 683 rel
1150 639 1189 683 ex

112 726 208 798 voto,
223 707 276 780 rel
295 735 334 780 cx
355 709 426 806 lege
454 709 682 800 ecclesiastica,
712 709 950 807 impedimento
980 737 1068 799 esse,
1102 725 1193 808 quo·

112 809 223 878 minus
260 810 390 880 valeant
428 809 633 881 matrimonia
668 833 802 898 eorum,
842 810 899 905 qui
940 807 1003 878 illis
1045 807 1191 880 obstricti

111 921 210 994 sunt,
242 907 328 994 inter
359 905 533 978 catholicos
565 933 677 980 omnes
709 905 930 1002 constat.(l).
963 905 1049 978 Nam
1082 910 1191 980 conti-

112 1019 229 1074 nentes
256 1029 323 1075 erse
336 1020 497 1103 oportere
523 1008 660 1104 majores
693 1004 850 1094 clericos,¹
878 1029 919 1076 ex
957 1005 1025 1102 ipsa
1054 1021 1189 1102 aposto-7

113 1097 175 1172 lica
204 1101 380 1175 traditione
405 1102 615 1198 intelligimus
638 1103 718 1200 (2),
750 1119 784 1173 et
816 1117 905 1174 certe
944 1103 980 1174 iis
1016 1129 1189 1200 nunquam

111 1199 204 1270 licuit
234 1225 347 1272 uxores
389 1201 532 1298 occipere
576 1201 645 1299 (5).
682 1199 806 1273 Verum
834 1203 927 1272 initio
966 1201 1064 1272 nullis
1106 1227 1188 1300 opus

112 1297 174 1368 tuit
209 1301 333 1396 poenis,
365 1325 505 1397 quarum
533 1299 707 1372 formidine
738 1299 845 1370 clerici
883 1324 1009 1372 serrare
1035 1325 1189 1394 cogeren-

112 1413 166 1466 tur
190 1396 355 1486 offinium,
381 1401 417 1468 in
451 1421 518 1494 quo
541 1423 594 1470 eos
627 1401 730 1496 prisca
763 1396 891 1470 vivendi
939 1399 1020 1480 ratio
1045 1423 1128 1495 pura
1154 1414 1189 1469 et

110 1495 319 1592 incorrupta,
346 1497 421 1566 sotis
446 1521 502 1567 sua
531 1511 648 1594 sponte
675 1495 847 1567 retinebat.
884 1495 1079 1570 Constitutae
1110 1512 1188 1566 sunt

110 1616 146 1661 ea
177 1592 220 1664 de
247 1617 282 1663 re
308 1617 416 1691 poene
442 1596 535 1664 annis
573 1593 872 1691 consequentibus:
906 1619 982 1665 curn
1016 1592 1187 1690 depravati

109 1705 142 1760 et
161 1695 308 1788 corrupti
337 1717 442 1763 mores
470 1691 660 1764 clericorum
690 1691 752 1764 hoc
784 1691 930 1764 officium
963 1694 1187 1765 comminuere

111 1803 144 1856 et
159 1787 278 1862 violare
294 1806 465 1890 coeperunt
478 1791 545 1890 (l).

149 1985 193 2068 (l)
214 1990 301 2050 Cone.
318 1991 452 2052 Latoran.
473 1993 499 2054 ll
518 2007 584 2052 eoo.
606 1991 624 2051 7
645 1992 706 2052 ettl
728 1997 750 2052 t.
767 1990 807 2051 ll
831 1985 899 2052 coll.
916 1987 1007 2050 labb.
1033 1984 1088 2050 eol.
1106 1989 1183 2050 1501

112 2065 158 2130 cd.
179 2071 267 2146 Vm„
279 2071 403 2134 ctTrid.
418 2089 490 2136 cest.
508 2074 547 2136 ll
560 2070 596 2134 de
611 2073 699 2134 Sacr.
711 2079 802 2134 motr.
819 2091 888 2134 eurr.
902 2073 932 2133 9.

149 2149 193 2233 (2)
214 2155 259 2216 Dc
276 2153 389 2234 origine
404 2173 438 2214 ac
459 2152 611 2216 sanctitate
634 2154 802 2224 coelibatus,
831 2171 920 2233 quern
944 2149 1070 2231 majores
1089 2151 1186 2213 clerici

110 2231 362 2312 semaredcbent,
385 2236 499 2314 copiose
512 2237 631 2298 disserit
645 2238 700 2298 Vir
712 2237 755 2300 Cl.
771 2238 821 2298 Fr.
838 2239 909 2298 Ant.
924 2233 1058 2296 Zanserio
1072 2231 1191 2294 duobus

109 2314 214 2392 libris,
237 2333 364 2394 quorum
385 2318 460 2380 alter
483 2319 579 2380 sterio
599 2315 745 2401 polemico
767 2314 815 2380 del
836 2314 957 2380 celiboto
981 2333 1066 2378 onero
1088 2319 1189 2378 Rome

110 2397 209 2460 editus
222 2405 327 2460 eston.
341 2401 438 2476 1771,
452 2397 527 2462 alter
545 2419 647 2462 nuovo
661 2398 896 2544 pinatipcoeione
909 2393 957 2460 del
971 2395 1090 2460 celiloto
1103 2415 1195 2460 sacro

110 2487 164 2542 etc.
189 2479 289 2542 editus
303 2482 437 2563 Fulginei
450 2501 499 2544 on.
518 2481 750 2546 1711111111
772 2501 806 2544 us
825 2481 911 2544 libris
931 2481 1047 2561 egregie
1060 2497 1094 2540 ac
1117 2479 1187 2540 dili·

110 2568 215 2643 genter
238 2564 432 2642 expenditur,
454 2564 600 2644 quidquid
622 2563 661 2624 ad
684 2563 741 2626 hoe
759 2571 968 2645 argumentum
988 2561 1132 2640 pertinet,
1154 2579 1189 2622 ac

109 2644 197 2723 plane
220 2653 393 2708 evertuntur
423 2656 588 2708 commenta
621 2653 652 2708 et
673 2646 853 2726 sophismata
880 2644 1090 2706 liberculorum
1116 2660 1187 2722 quo·

109 2725 262 2803 rumdam,
286 2727 337 2806 qui
361 2728 500 2790 adversus
520 2747 635 2790 socrum
657 2729 825 2790 coelibatum
845 2727 944 2808 paucis
967 2725 1076 2787 abhinc
1100 2724 1186 2786 annis

109 2809 140 2872 11
155 2810 312 2872 Germania
325 2818 413 2890 atque
426 2811 495 2872 olibi
510 2811 695 2892 prodierunt.

148 2889 324 2972 (5111111.
346 2899 439 2973 apost.
464 2895 503 2956 117
521 2893 600 2973 opud
619 2893 744 2954 coteler.
760 2893 828 2956 PP.
852 2899 948 2974 oport.
974 2897 1046 2952 tono.
1072 2891 1086 2950 1
1133 2907 1184 2970 op.

110 2973 170 3036 115
191 2971 240 3034 ed.
258 2976 357 3040 Amor.
380 2977 473 3051 llll,
496 2994 585 3054 quem
604 2991 745 3038 cononem
766 2981 797 3036 ot
815 2973 903 3036 simul
924 2907 1189 3034 1111111116-

110 3055 214 3137 lpoet.
231 3056 328 3120 conse
342 3076 415 3140 pop.
432 3060 494 3120 550
508 3055 565 3120 loc.
582 3055 632 3118 eit.
648 3056 734 3137 graeci
750 3063 944 3134 corrumpunt
957 3061 1045 3132 atque
1058 3051 1185 3116 absurde

112 3136 308 3216 detorquent,
325 3147 358 3200 ut
376 3139 511 3202 observat
524 3139 648 3204 coteler.
673 3138 706 3198 in
719 3137 799 3202 nolis
819 3133 860 3200 nd
884 3144 1047 3218 utromque
1071 3131 1184 3210 locum,-

111 3221 141 3279 S.
158 3218 267 3298 Epiph.
281 3238 382 3302 expos.
394 3219 450 3304 sud.
466 3217 546 3286 coll.
563 3239 630 3302 cop.
647 3222 702 3297 ut,
717 3227 747 3282 et
761 3216 865 3281 torn.
883 3219 1056 3280 1911111
1077 3225 1149 3278 toro.
1166 3221 1180 3276 1

108 3297 159 3362 tu.
187 3303 206 3360 2
223 3319 297 3383 pop.
313 3301 433 3366 19611.
458 3304 560 3366 Poris.
579 3305 675 3378 loll,-
694 3301 877 3364 Justinianus
890 3297 985 3362 novel.
1003 3301 1043 3361 22
1063 3317 1098 3360 eo
1121 3299 1185 3362 ,11

109 3379 166 3444 col.
183 3385 203 3443 l
223 3391 295 3446 tom.
312 3387 347 3461 l,·
362 3389 392 3448 S.
410 3386 492 3450 llier.
508 3393 602 3448 contr.
624 3381 769 3466 Vipilont.
787 3401 874 3444 nom.
889 3385 909 3446 2
925 3391 995 3446 tom.
1013 3385 1032 3444 2
1052 3399 1084 3442 co
1100 3424 1107 3440 .
1124 3381 1184 3442 589

109 3462 156 3526 ed.
185 3461 332 3528 Volloroii
347 3468 455 3532 Veron.
478 3469 591 3546 Quibus
608 3485 644 3528 cx
669 3467 740 3528 locis
761 3464 968 3546 intelligimus,
983 3461 1116 3524 eamdem
1130 3463 1185 3522 ini·

109 3546 151 3608 tio
169 3546 259 3610 fuisse
276 3548 426 3611 orientalis
445 3559 532 3630 atque
553 3549 740 3612 occidentalis
758 3547 885 3610 ecclesiae
900 3545 1090 3620 sententiam,
1102 3544 1182 3622 quod

109 3629 220 3690 scilicet
231 3630 356 3708 majores
370 3633 467 3713 clerici
482 3638 547 3712 post
560 3649 655 3693 meros
669 3637 817 3710 susceptos
829 3627 949 3692 ordines
960 3623 1182 3688 matrimonium

109 3709 188 3772 inire
199 3711 442 3792 prohiberentur,
458 3714 595 3793 quodque
607 3731 639 3774 se
652 3713 683 3776 11
705 3719 855 3793 posterum
867 3709 1047 3774 matrimonii
1059 3705 1182 3800 111111)-

109 3793 221 3854 stinere
233 3793 387 3872 deberent,
399 3797 452 3876 qui
463 3814 585 3860 uxorem
596 3795 761 3869 habebant,
780 3803 937 3874 antequam
951 3808 1046 3852 sacrm
1062 3787 1186 3850 ordines

108 3875 284 3954 acciperent.
307 3879 541 3942 vetustissimam
563 3879 638 3940 hanc
655 3876 839 3958 disciplinam
857 3876 945 3958 greci
967 3873 1098 3934 relaxare
1118 3887 1179 3930 coe·

108 3966 218 4034 perone
235 3977 300 4024 seo.
326 3963 399 4039 Vll,
425 3981 492 4026 cum
516 3961 623 4024 scilicet
647 3962 719 4040 Syn.
740 3959 895 4039 Trullano,
917 3975 968 4018 seu
989 3953 1176 4032 Quini-sextu
