3134 5144
529 404 747 478 -255-

121 572 237 638 rupeas.
261 551 303 616 ad
323 555 478 630 Marcum,
499 553 577 635 opud
602 555 806 618 [conclavium
830 557 900 617 Jur.
928 525 1171 634 Groecolion'ooa.
1224 561 1227 566 '

120 657 179 720 pop.
196 639 255 700 582
279 645 308 698 ct
328 639 406 714 585,
434 634 504 699 odil.
534 635 714 719 Fmacosur.
739 639 837 713 illd,
859 638 989 716 primum
1012 640 1045 724 in
1062 633 1175 721 'synodo
1389 667 1398 688 ·¹

121 719 424 798 Constantinopolitano
439 718 589 781 llichailis
612 719 745 782 Anchiali
769 719 941 800 patriorclnn
965 728 1070 782 sctum·
1085 723 1175 792 inisse
1280 761 1295 780 .=

121 801 151 862 do
172 803 271 862 meum
291 801 373 862 laicis
396 813 456 864 non
478 801 661 864 ordinandis.
690 806 786 880 Atque
813 801 871 862 hnc
897 811 1028 882 opocin
1044 805 1184 886 exempla?
1320 859 1325 872 ,
1348 856 1353 864 .

121 883 254 963 origenis,
276 884 466 962 Hieronymi,
490 883 662 964 Augustini,
685 885 866 963 aliorumque
887 885 1097 965 complurium,
1123 889 1174 966 qui

122 983 208 1026 omncs
222 964 350 1028 ordinati
375 983 434 1026 non
452 973 523 1026 sunt
539 965 577 1026 olo
596 965 751 1045 episcopis,
777 985 903 1046 quonam
925 969 958 1029 in
983 959 1099 1034 dimoeii
1114 971 1174 1030 noti

123 1056 208 1122 nont,
235 1057 287 1108 aut
319 1048 499 1110 domicilium
530 1047 688 1110 habebunt.
719 1048 797 1125 Quin
829 1051 995 1110 Demetrius
1025 1053 1175 1131 episcopus

125 1129 341 1201 Alensndrinns,
361 1130 429 1192 licet
446 1129 566 1210 origeni
584 1137 661 1192 essct
676 1130 905 1208 infensissimus,
924 1139 1022 1194 tamen
1040 1134 1066 1194 ci
1086 1151 1176 1196 num-

123 1229 197 1288 quam
220 1213 292 1272 nitio
315 1212 419 1289 vertit,
444 1211 524 1290 qnod
543 1211 581 1272 olo
604 1211 699 1274 oliano
722 1212 856 1292 episcopo
882 1213 1034 1276 ordinatus
1057 1216 1174 1292 luisset,

124 1311 151 1352 oc
174 1302 283 1356 tontum
302 1294 410 1374 objecit
432 1294 624 1356 uoluntarium
648 1294 694 1355 sni
720 1295 812 1373 ipsius
836 1291 1067 1372 mutilationem,
1094 1298 1177 1377 cujus

124 1393 274 1436 eoeneum
288 1377 481 1458 irregularem
491 1375 701 1440 contendebntz
714 1373 791 1438 atto
803 1395 932 1472 nomque
945 1375 1031 1440 aliud
1042 1375 1174 1456 Amabat,
1309 1433 1313 1443 ,

124 1456 195 1538 qood
210 1457 236 1518 ei
250 1456 399 1541 adjiceret,
415 1460 458 1520 nti
476 1467 577 1521 norrot
594 1457 736 1520 Eusebius
750 1454 801 1520 lio.
823 1459 842 1520 o
859 1456 964 1522 tota.
981 1479 1047 1542 cap.
1068 1463 1087 1520 8
1102 1481 1176 1544 pop.

127 1540 192 1617 noa,
205 1539 269 1604 aso.
284 1543 430 1624 Amano
444 1541 570 1604 nonan.
587 1541 679 1604 toto.

175 1714 203 1816 S.
228 1717 314 1790 itlll.
349 1719 415 1793 Sed
447 1719 600 1820 deinceps
630 1746 698 1793 nnn
728 1721 866 1818 amplius
897 1723 1012 1820 prioris
1044 1721 1178 1792 ordina-

132 1819 226 1906 tionis,
250 1843 359 1890 verum
381 1825 531 1918 oro'qo'otis
545 1835 579 1890 ct
594 1819 752 1915 beneficii
762 1821 842 1892 ratio
867 1819 976 1894 haberi
994 1822 1093 1916 coepit
1108 1819 1174 1916 (l).

127 1915 253 1986 Accessit
270 1919 440 1992 recentiori
457 1933 550 1990 ae‘tntc
563 1917 677 1989 titulus
693 1919 868 1992 domicilii
881 1917 959 2013 (2),
979 1945 1015 1990 ac
1037 1919 1178 2016 denique

126 2011 227 2084 titulun
250 2017 350 2087 etiam
371 2017 639 2112 familiaritatis
669 2016 738 2110 (5).
770 2017 883 2114 ltaque
911 2031 999 2088 certo
1029 2017 1179 2114 episcopo

125 2137 203 2184 nuuc
222 2139 338 2185 omnes
356 2115 492 2213 subjecti
515 2131 591 2184 sunt
608 2129 664 2184 aut
681 2129 817 2212 propter
840 2115 1065 2210 beneficiam,
1090 2113 1176 2211 quod

125 2209 227 2306 aliquis
250 2211 352 2284 habet
377 2215 412 2283 in
444 2215 513 2310 ejus
543 2211 692 2302 dioecesi,
716 2229 829 2310 nplum
852 2228 886 2282 et
913 2215 1106 2283 conveniens
1138 2213 1180 2281 ad

125 2305 285 2381 decentem
310 2313 408 2406 ipsius
433 2313 605 2382 tuitionem
635 2311 703 2406 (4);
737 2328 794 2381 ont
823 2327 959 2408 propter
986 2315 1178 2408 casilinum,

122 2431 188 2476 cnm
205 2410 364 2479 nimirum
380 2413 447 2505 ipse
467 2411 502 2480 in
518 2410 587 2508 ejus
601 2407 729 2480 dioecesi
748 2426 842 2482 natus
865 2425 926 2500 est,
946 2435 1012 2480 non
1025 2409 1179 2498 fortuito,

122 2504 170 2574 sod
207 2506 311 2580 domo
353 2505 481 2604 pridem
521 2534 539 2578 a
578 2507 767 2604 parentibus
803 2509 977 2578 constituta
1018 2507 1085 2604 (5),
1125 2523 1181 2576 ent

123 2621 244 2700 propter
270 2605 509 2692 domicilium,
536 2605 625 2703 qnod
660 2609 732 2703 quis
756 2608 791 2676 in
818 2606 887 2702 ejus
913 2605 1041 2674 dioecesi
1068 2629 1181 2699 perpe-

123 2715 206 2772 tuum
242 2701 418 2800 fixumque
455 2706 564 2801 posuit
605 2702 679 2800 (6),
719 2717 774 2773 aut
811 2719 946 2800 propter·
980 2703 1181 2798 familiwo'-

31 2877 32 2910 1
123 2809 232 2890 talem,
269 2828 350 2872 cnm
378 2827 438 2900 pen
467 2803 647 2872 triennium
682 2805 833 2900 episcopo
860 2799 1022 2870 familiaris
1057 2799 1117 2869 snit
1149 2814 1181 2867 ct

123 2923 187 2970 cnm
211 2925 252 2972 co
277 2915 497 2971 commoratus
518 2915 566 2972 est
594 2897 663 2997 (7)
1029 2897 1033 2904 ’

164 3097 190 3178 l]
213 3103 297 3182 Cap.
314 3101 329 3160 l
347 3095 382 3160 de
400 3099 536 3180 Tempnr.
550 3095 684 3160 ordinat.
700 3099 732 3160 ia
745 3100 775 3160 o.

166 3179 195 3260 A)
215 3185 297 3263 Cap.
315 3181 334 3240 5
348 3177 412 3242 cod.
425 3179 471 3240 tit.

164 3265 181 3324 5
213 3263 332 3326 δοικίΙ.
345 3261 479 3324 Trident.
492 3279 564 3324 ceso.
580 3263 619 3324 25
630 3281 696 3345 cop.
713 3261 781 3334 ilde
795 3260 918 3345 reform.
987 3295 991 3300 ·

162 3349 181 3408 l
212 3343 475 3421 Quemadmodum
492 3343 562 3406 clim
577 3345 638 3424 ipsa
655 3345 801 3406 ordinatio
824 3345 961 3404 clericum
986 3351 1073 3404 ccrtae
1093 3341 1184 3404 ecclc-

121 3427 162 3488 nin
186 3427 392 3504 adscribebot,
421 3427 470 3486 itu.
485 3425 574 3487 hodie
597 3426 772 3488 beneficium
798 3424 1021 3488 ecclesiasticum
1047 3425 1184 3486 clericum

119 3513 178 3572 lacit
191 3510 370 3572 ministrum
392 3509 534 3585 ecclesie,
562 3509 594 3568 in
617 3529 675 3588 qna
702 3508 790 3570 habet
816 3507 991 3570 beneflcidm
1018 3516 1048 3569 et
1071 3507 1185 3586 subjec-

121 3601 176 3656 tum
193 3593 350 3672 episcopo,
373 3589 456 3670 cnjus
474 3589 506 3652 in
519 3589 634 3652 dioecesi
649 3591 724 3652 illud
748 3592 835 3652 situm
852 3598 905 3651 est.
922 3595 1019 3668 Quone
1039 3589 1102 3650 hoec
1114 3589 1186 3650 sub-

118 3675 197 3751 jectio
211 3683 341 3755 propter
356 3671 531 3734 beneficium
549 3673 668 3735 omnino
683 3681 727 3734 cst
744 3681 935 3734 consentaneo
950 3675 1077 3751 antique
1095 3671 1186 3732 ecclc-

120 3759 163 3818 siae
176 3755 356 3834 discipline,
369 3755 412 3816 nli
425 3755 553 3816 ostendit
564 3756 672 3818 llnllien
686 3753 722 3818 do
735 3773 810 3817 soor.
827 3753 958 3816 ordinat.
967 3774 1039 3836 par.
1056 3756 1153 3814 docet.
1168 3753 1185 3812 ll

119 3835 1187 4000 it{Amo}tliiintllidlittttistiliano?il

31 4047 32 4050 η
120 4011 185 4066 tono.
207 4005 227 4064 9
245 4020 324 4086 pop.
344 4003 402 4062 574
417 3997 541 4063 bollan-ii
556 3999 612 4064 alt.
629 3999 714 4082 edit,
732 3999 852 4062 utillud
871 4003 940 4062 satis
955 4017 1017 4060 esse
1030 3996 1133 4058 dcbent
1149 3997 1187 4057 od
