3164 5174
820 409 1042 480 ..136-

400 582 492 624 verm.
510 565 552 624 lta
566 561 747 642 sanelegatis
761 559 927 655 principum
944 557 1124 654 0111111111,
1137 559 1189 636 qui
1205 557 1243 619 de
1261 559 1378 620 annalis
1393 579 1467 622 oon-

398 639 1467 810 111ῗὲ1519ἵὲῗῗὲᾗῗὲᾞᾚῗέᾝῖῗῶῗῗξ

399 813 520 870 Petrum
533 810 712 870 Aliaeensem
725 807 759 866 t'n
775 813 862 866 tract.
883 803 919 866 de
934 813 1050 864 auctor.
1070 801 1168 865 eccles.
1190 813 1257 882 ete,
1281 825 1353 888 por.
1372 809 1390 867 2
1405 817 1427 866 t.
1444 811 1466 868 2

399 910 468 974 opp.
485 890 622 953 Geroonii
630 909 702 972 paq.
719 890 794 963 ott,
808 886 879 948 edit.
896 885 1067 968 Antoerpiae
1085 887 1177 962 1706,·
1189 889 1346 949 Baroniom
1356 887 1397 950 od
1409 909 1463 950 on.

399 975 481 1035 1559
501 993 586 1034 oum.
615 974 653 1032 lt
671 991 744 1054 paq.
762 972 801 1031 50
825 977 895 1030 tom.
918 971 938 1030 8
956 967 1028 1029 odil.
1048 969 1150 1029 tneo.
1177 971 1357 1031 Annatarnm
1377 989 1467 1032 ustnm

398 1058 429 1116 in
445 1055 562 1117 eeclesia
576 1059 705 1116 Romana
725 1052 960 1131 antiquissimum
974 1069 1037 1111 esse
1054 1057 1183 1125 oonstat3
1197 1052 1249 1112 sed
1262 1071 1321 1131 quo
1334 1053 1467 1132 primum

398 1147 531 1217 tempore
546 1137 645 1197 induci
657 1137 793 1214 eoeperit,
809 1141 888 1194 oerto
900 1133 1018 1194 definiri
1031 1150 1090 1192 non
1104 1141 1208 1211 potest.
1222 1139 1266 1196 lte
1276 1135 1424 1196 Clemente
1437 1140 1466 1196 V

399 1229 519 1280 nonant
533 1219 687 1281 llatthnus
700 1215 1020 1280 westmonasteriensis
1038 1212 1119 1276 ntor.
1139 1212 1243 1276 histor.
1261 1214 1303 1276 od
1316 1237 1367 1278 on.
1384 1220 1466 1279 1506

396 1322 467 1384 par.
494 1304 570 1378 stt,
592 1299 663 1362 edit.
688 1297 885 1380 Frooeosurti
907 1300 1001 1372 1601,
1025 1305 1054 1356 et
1076 1296 1204 1358 Thomas
1228 1299 1468 1380 Walsingharnus

405 1388 430 1445 Υ
486 1385 558 1466 iqm.
577 1382 728 1444 Neootrioe
741 1383 774 1442 in
788 1377 905 1462 Aaqlt'e.
925 1378 1078 1442 Hiber-aie.
1094 1388 1165 1455 ete,
1176 1399 1249 1462 paq.
1264 1383 1325 1443 197
1339 1390 1366 1442 et
1384 1383 1463 1462 198,

399 1487 414 1528 1
436 1467 470 1526 tt.
485 1462 680 1547 Froneofartt'
693 1466 783 1541 1602,
799 1481 867 1524 eum
884 1463 922 1522 ad
937 1461 1011 1522 duos
1026 1471 1121 1522 tresve
1135 1481 1227 1522 annos
1240 1462 1466 1540 benefitiorum,

399 1568 465 1628 quae
479 1549 509 1608 in
523 1548 618 1628 anglia
636 1555 786 1623 vacarent,
806 1553 924 1605 annatas
938 1561 1109 1604 reservasse.
1126 1543 1267 1604 Similiter
1280 1549 1364 1608 toan.
1381 1549 1469 1609 XXlI

398 1633 492 1712 legem
507 1630 600 1690 edidit
620 1630 657 1689 de
670 1629 783 1690 annalis
803 1627 840 1687 ad
856 1635 969 1687 eertum
990 1635 1105 1704 tempus
1118 1626 1265 1687 solvendis
1282 1647 1316 1688 ex
1330 1629 1469 1690 omnibns

399 1712 548 1774 benefieiis
560 1715 688 1772 Extroo.
704 1713 742 1770 10
755 1719 784 1771 et
798 1713 832 1770 11
846 1708 881 1770 de
889 1705 1019 1790 proebon.
1033 1715 1061 1768 et
1073 1705 1180 1847 dipnt't.
1196 1707 1469 1786 interementes,-

399 1804 429 1856 et
443 1802 507 1874 post
529 1793 643 1854 obitum
657 1793 789 1873 Gregorii
802 1795 843 1854 Xl
857 1795 986 1852 Gamerae
1006 1789 1169 1868 apostolom
1186 1809 1290 1872 magna
1313 1793 1356 1852 ris
1376 1811 1472 1870 peoo-

399 1878 456 1938 nioe
473 1875 511 1936 ob
531 1893 589 1934 non
607 1875 714 1934 solutas
733 1883 853 1934 annatas
877 1873 1053 1948 debebatur,
1081 1871 1125 1932 uti
1146 1872 1237 1933 tradit
1259 1873 1471 1936 'thomassinus

396 1977 467 2040 por.
484 1959 502 2018 5
521 1952 571 2018 lib.
594 1958 693 2036 leap.
719 1959 855 2016 lilinum.
869 1956 898 2015 5.
914 1955 1047 2032 Denique
1061 1953 1223 2014 Bonilaeius
1236 1959 1276 2016 lx
1293 1966 1473 2034 perpetuam

400 2059 433 2100 ea
445 2039 482 2100 de
505 2057 538 2098 re
552 2039 647 2120 legem
665 2038 758 2099 edidit
788 2037 967 2115 modumque
983 2035 1149 2110 constitnit,
1164 2037 1214 2114 qui
1236 2055 1313 2096 nune
1335 2055 1390 2114 pro
1404 2041 1475 2100 sol-

398 2121 500 2183 vendis
510 2122 623 2181 annatis
633 2120 756 2196 obtinet3
771 2129 858 2198 atque
871 2119 941 2179 hine
955 2119 1017 2198 ipse
1029 2118 1162 2178 Pontifex
1179 2126 1346 2179 annatarum
1361 2129 1474 2182 auctor

400 2225 416 2264 a
438 2203 613 2282 quibusdam
639 2201 778 2278 habetur,
803 2203 869 2262 lieet
893 2220 935 2262 eae
956 2218 1057 2260 revera
1075 2200 1168 2260 multo
1192 2201 1368 2278 antiquiores
1388 2202 1471 2279 sint,

400 2286 443 2346 uti
467 2285 624 2346 ostendunt
649 2285 821 2364 spondanus
838 2281 879 2344 ad
896 2303 969 2344 ono.
990 2283 1168 2343 1599111111.
1197 2287 1230 2359 1,
1254 2291 1283 2343 et
1300 2285 1473 2364 Raynaldus

400 2365 442 2428 ad
454 2365 588 2428 ertoedem
603 2385 811 2428 oenomaum.
830 2368 868 2426 19
880 2385 952 2448 paq.
970 2367 1090 2426 501111.
1106 2361 1207 2424 octo.
1222 2365 1322 2426 Lueoe.

450 2611 481 2713 §.
527 2612 630 2683 XLII.
672 2611 741 2684 Hoc
783 2638 890 2684 unum
934 2627 1079 2702 constat,
1132 2628 1356 2708 pervetustum
1400 2639 1474 2686 esse
1556 2609 1557 2640 ³

401 2727 591 2784 annotarem
635 2737 729 2782 usum
771 2713 807 2781 in
839 2711 972 2783 eeclesia
1019 2711 1184 2802 Romane,
1216 2727 1316 2809 atque
1356 2735 1476 2782 earnm

401 2809 632 2909 exigendarum
682 2835 789 2880 causes
836 2835 903 2881 esse
956 2811 1142 2880 'ustissimas
1195 2835 1232 2880 ae
1266 2834 1369 2907 prope
1406 2835 1476 2880 ne-

399 2910 558 2980 cessarias.
601 2906 683 2980 Nem
709 2935 726 2980 1
752 2909 907 2980 Romanis
935 2837 1151 2980 liontificibus
1175 2907 1279 2978 multa
1304 2923 1338 2979 et
1360 2912 1475 3003 gavia

400 3003 532 3076 terenda
564 3023 641 3075 sunt
676 3031 794 3096 onera,
820 3021 858 3076 ut
896 3031 993 3101 opem
1035 3005 1140 3077 ierant
1171 3005 1372 3105 principibus
1404 3005 1475 3076 ed-

402 3129 509 3174 versus
555 3101 724 3174 haereticos
764 3120 863 3200 atque
902 3103 1071 3196 infideles,
1114 3107 1206 3204 eujus
1248 3108 1296 3174 rei
1340 3127 1476 3175 monu-

401 3217 511 3272 menta
551 3216 637 3272 certa
668 3203 704 3271 in
748 3201 887 3273 historiis
931 3218 1075 3292 exstantg
1118 3219 1156 3272 ut
1196 3205 1231 3272 in
1272 3201 1477 3299 longinquas

401 3301 546 3396 regiones
581 3302 713 3369 mittant
742 3303 823 3371 viros
847 3298 1071 3372 ecclesiasticos
1113 3327 1165 3370 am
1189 3299 1354 3371 lifieandae
1384 3325 1479 3370 eau-

400 3425 434 3469 sa
463 3397 645 3492 religionis,
686 3413 723 3470 at
765 3397 961 3496 pauperibus
1012 3416 1110 3496 atque
1137 3327 1188 3468 ad
1207 3397 1324 3470 Christi
1359 3396 1478 3469 fidem

400 3494 605 3568 venientibus
648 3496 870 3593 opitulentur,
908 3513 946 3568 ut
983 3496 1125 3594 denique
1156 3495 1253 3568 rebus
1291 3495 1480 3568 consulant

400 3593 540 3666 eoelesiae
572 3596 728 3667 universae
756 3594 822 3692 (l).
853 3595 937 3667 Hine
973 3621 1048 3666 oum
1074 3619 1159 3692 saepe
1186 3594 1229 3666 de
1258 3596 1383 3664 annatis
1418 3623 1479 3667 11-

401 3709 473 3764 tom
524 3694 762 3790 quaesitumque
797 3693 927 3784 inisset,
971 3691 1050 3764 nihil
1077 3693 1227 3764 adversus
1256 3717 1308 3764 eas
1340 3697 1479 3764 eonsti-

402 3809 511 3862 tutom
541 3807 610 3880 est,
639 3790 696 3860 sed
725 3793 831 3864 firmae
867 3793 1076 3890 immotoque
1110 3807 1187 3862 sunt
1220 3791 1360 3882 relictae,
1395 3816 1479 3862 om-

400 3895 519 3988 niaque
554 3891 682 3985 explosa
710 3907 744 3960 et
781 3893 916 3985 rejecto7
944 3916 1019 3988 qoae
1047 3907 1159 3962 eontra
1196 3893 1278 3987 ipsos
1306 3913 1479 3987 propone·

400 3989 520 4061 bantur
541 3987 607 4085 (2).
