3134 5144
566 451 788 524 -att-

136 605 268 676 dactnm
293 621 363 695 est,
396 619 433 674 ut
460 601 592 672 adsistat
618 604 790 700 episcopo,
821 626 897 672 cum
920 599 1085 694 generales
1113 603 1207 675 ordi-

136 707 285 776 nationes
313 701 447 774 oonfieit
482 716 640 798 rooetque
680 726 755 792 eos,
785 702 842 798 qui
870 698 1000 770 ordines
1027 705 1210 797 suscepturi

134 819 211 874 suut
241 803 310 898 (l).
345 800 496 898 Cumque
514 797 729 871 archidiaconi
759 824 849 870 nuno
876 797 1015 896 amplius
1046 823 1115 870 non
1148 801 1214 870 sint

137 903 246 972 vicarii
267 903 337 971 nati
362 901 522 997 episcopi,
541 915 632 970 tanta
651 896 748 970 hodie
766 899 802 968 in
824 896 958 992 siugulis
983 899 1067 968 inest
1098 913 1214 969 aucto-

138 1002 234 1087 ritas,
259 1014 384 1095 quanta
406 993 459 1068 rel
480 997 625 1094 episcopi
650 995 805 1068 mandato
829 994 880 1066 rel
899 993 1044 1066 ecclesiae
1069 1011 1211 1085 statuto,

139 1096 190 1168 rel
207 1096 367 1168 diuturna
383 1093 621 1168 consuetudine
641 1093 716 1166 data
734 1111 784 1166 eat
799 1091 866 1188 (2).
893 1094 1086 1164 Diaoouatus
1103 1109 1214 1166 autem

136 1196 254 1266 ordine
281 1196 450 1290 insignitos
474 1219 542 1265 esse
567 1208 698 1288 oportet
721 1191 962 1264 archidiaconos
986 1191 1059 1289 (5),
1094 1218 1214 1290 eosque

136 1320 151 1364 s
200 1293 284 1364 udus
309 1292 501 1364 Tridentino
526 1291 583 1388 (1)
609 1294 644 1362 in
668 1291 819 1364 omuibus
845 1290 1006 1380 ecelesiis,
1032 1293 1068 1360 in
1096 1291 1214 1388 quibus

138 1320 215 1462 tiela
239 1407 366 1489 potest,
399 1393 569 1488 magistros
595 1391 633 1462 in
665 1389 847 1485 theologia,
880 1415 936 1460 seu
963 1389 1133 1480 doctore,
1159 1405 1216 1460 aut

135 1489 334 1562 lecessores
363 1491 487 1588 injure
501 1491 657 1562 canonico
679 1489 867 1588 esaejubet.

186 1660 230 1742 [l]
250 1663 417 1725 Benedictus
435 1665 504 1726 XIV
522 1663 555 1724 in
575 1661 692 1725 constit.
712 1663 760 1724 Es
778 1679 838 1748 quo
860 1657 972 1724 dilectis
996 1663 1034 1722 25
1057 1679 1129 1744 pop.
1157 1664 1216 1724 107

145 1752 222 1805 tom.
237 1745 329 1828 flejas
336 1743 445 1807 bellur.
458 1743 580 1807 indicat.
594 1744 664 1806 edit.

187 1825 231 1906 (2)
253 1831 323 1909 Cap.
338 1831 358 1890 1
372 1837 401 1890 at
416 1825 481 1889 ade
498 1827 555 1910 Off.
570 1823 687 1888 archid.
696 1870 706 1903 ,
724 1828 813 1888 Cone.
829 1825 964 1888 Trideut.
977 1844 1044 1910 cop.
1059 1829 1077 1889 5
1090 1845 1161 1890 aeas.
1177 1828 1217 1888 st

142 1907 352 2072 ‹agap-33,
370 1989 440 2052 sss.
455 1993 506 2052 60.

181 1992 224 2154 lt)
246 2073 358 2136 concil.
374 2075 509 2136 Trident.
524 2093 591 2156 cop.
621 2075 659 2134 tt
674 2092 746 2136 scas.
762 2077 803 2136 24
814 2071 849 2136 de
863 2072 988 2156 reform.

192 2225 226 2328 ς.
262 2225 407 2298 LXXV.
444 2227 714 2325 Archipresbyter
744 2243 792 2299 est
824 2231 975 2326 princeps
1006 2227 1218 2327 presbytero-

141 2352 243 2415 rum,
276 2351 380 2424 eaque
410 2325 567 2421 dignitate
593 2326 799 2399 donabantur
824 2326 991 2397 interdum
1019 2327 1215 2423 quiestote,

140 2423 314 2495 interdum
335 2425 393 2521 qui
415 2427 571 2522 sapientia
602 2440 796 2522 praestarent
827 2425 895 2522 (1).
928 2423 964 2496 Si
985 2449 1043 2495 suo
1064 2423 1219 2522 fungatur

142 2549 283 2594 munere
315 2521 576 2622 archipresbyter
608 2527 642 2592 in
672 2522 868 2612 cathedrali,
904 2526 969 2594 sive
998 2525 1033 2592 iu
1070 2525 1217 2612 civitate,

140 2621 290 2692 urbanus
319 2619 452 2712 dicitur,
491 2625 517 2691 si
545 2623 581 2690 in
620 2621 801 2692 minoribus
829 2620 976 2717 oppidis,
1009 2619 1123 2690 ruralis
1157 2646 1219 2715 ap-

142 2719 299 2816 pellatur.
329 2717 456 2790 Urbani
482 2719 753 2819 archipresbyteri
781 2718 926 2790 officium
954 2719 1087 2811 respicit
1112 2742 1220 2788 sacra·

143 2834 336 2888 mentorum
363 2817 697 2908 administrationem,
722 2817 850 2914 forique
877 2817 998 2887 interni
1016 2813 1220 2912 jurisdictio·

144 2941 246 3003 nem3
271 2932 370 3012 atque
394 2919 463 3015 ejus
478 2919 659 3012 praesertim
682 2931 730 2986 est
750 2915 918 3013 praesentis
943 2915 1085 3010 episcopi
1109 2939 1221 2984 curam

143 3012 254 3084 levare
290 3029 325 3082 et
355 3013 435 3084 sices
465 3040 559 3109 agere
605 3015 745 3084 absentis
784 3015 818 3084 in
856 3014 894 3082 iis
932 3011 1101 3102 omnibus,
1144 3035 1221 3110 quae

145 3110 352 3183 sacerdotalis
367 3111 466 3184 officii
482 3129 557 3183 sunt
571 3112 637 3209 (2).

189 3307 232 3389 (1)
254 3309 442 3386 Antiquiores
454 3309 639 3370 ordinatione
652 3306 730 3387 apud
747 3307 852 3368 latinos
869 3306 1136 3386 archipresbyteros
1150 3324 1221 3366 con-

146 3391 268 3450 stitutos
287 3391 376 3452 fuisse
396 3399 508 3452 constat
528 3411 564 3452 ex
587 3395 618 3452 S.
638 3393 734 3452 Leone
744 3393 784 3450 111.
802 3388 888 3471 epist.
904 3391 942 3450 19
957 3386 1012 3450 col.
1036 3389 1095 3449 755
1114 3395 1219 3470 etseq.

148 3481 220 3533 tout.
253 3475 288 3549 1,
314 3471 384 3533 edit.
412 3469 561 3536 Baliaris.
588 3474 688 3533 Vocet.
720 3473 816 3548 17155,
846 3469 924 3550 apud
947 3489 1055 3552 groeoos
1078 3489 1144 3547 eos,
1169 3470 1220 3549 qui

146 3555 261 3614 virtute
275 3553 466 3633 prestabant,
486 3554 614 3616 ostendit
631 3553 840 3617 Thomassinus
858 3573 927 3634 por.
949 3555 963 3613 1
994 3549 1042 3614 tt.
1066 3554 1085 3613 2
1110 3571 1177 3634 cap.
1202 3553 1220 3612 5

147 3655 235 3698 aum.
251 3637 281 3696 5.
294 3635 352 3698 Sed
365 3636 445 3696 idem
454 3637 604 3696 interdum
610 3638 697 3698 etium
710 3655 727 3696 a
740 3635 839 3696 latinis
851 3635 959 3696 suetum
972 3643 1025 3696 est.
1035 3638 1222 3714 Unaquaeque

146 3717 270 3780 ecelesia
290 3737 376 3778 suum
399 3717 525 3778 habebat
544 3718 781 3778 archidiaconum
800 3724 830 3778 et
846 3717 1150 3797 archipresbyterum,
1176 3715 1221 3774 uti

145 3801 235 3862 dooct
256 3803 287 3861 S.
305 3801 529 3880 Hieronymuse
551 3800 599 3862 ist.
619 3797 660 3860 od
676 3799 836 3861 Rusticum
848 3796 989 3862 Menoeis.
1009 3801 1068 3860 175
1084 3793 1137 3858 col.
1161 3797 1222 3857 956

145 3892 222 3944 tom.
245 3884 259 3941 1
278 3900 347 3962 opp.
369 3881 440 3943 edit.
469 3819 614 3944 Volldrsir¹
631 3883 752 3944 Veronae
781 3877 1009 3962 1751811191ιί1
1030 3876 1222 3941 ecclesiarum

146 3962 292 4047 episcopi,
305 3961 420 4044 sin-puli
430 3961 599 4108 ανοὴιῗκεεὸ
622 3964 686 4039 teri,
699 3961 813 4045 sinpula'
822 3960 1035 4026 archidiaconi.

192 4045 237 4128 (2)
261 4047 336 4126 Cap.
352 4048 386 4123 1,
403 4048 437 4123 2,
452 4048 481 4124 5,
516 3983 626 4130 sossii.
641 4042 855 4128 archipresbyt.
1081 4124 1126 4192 10

253 4151 331 4196 rou.
360 4151 383 4198 1.
