3100 5182
476 419 753 522 .-¹⁷9-··

112 567 277 667 patriarcha
305 565 616 667 Hierosolymitanus
648 567 714 665 (2).
757 569 870 667 ltaque
921 587 1037 646 uatuor
1070 573 1169 656 hodi·

112 685 177 739 sunt
206 666 397 764 patriarchae
424 665 623 756 orientales,
656 665 912 766 Constantinopo
927 672 1052 760 tanus,
1081 673 1168 747 ,Ate-

112 765 292 855 xandrinus,
322 763 563 854 Antiochenus,
591 765 902 865 hierosolymitanus
922 768 1009 866 (5),
1023 771 1169 865 regiones

112 889 196 954 sero,
243 887 292 934 uae
316 865 451 934 suntin
476 861 626 961 Europa,
658 879 756 960 atque
781 865 816 934 in
847 865 963 940 Africae
1011 883 1081 940 arte
1097 867 1169 940 Oe·

112 891 263 1050 ddentaii,
281 961 444 1051 Amorion,
462 985 590 1034 summo
607 960 779 1052 Pontifici,
798 979 965 1061 tamquam
981 894 1169 1038 decidentis

112 1058 287 1154 patriarches
302 1058 520 1158 subjiciuntur
533 1059 601 1154 (4).

144 1231 183 1314 (1)
200 1237 243 1295 De
263 1237 425 1312 potestate,
448 1250 536 1311 quam
560 1251 675 1313 semper
694 1233 801 1294 summi
821 1233 975 1297 Pontifices
989 1235 1020 1296 in
1044 1241 1169 1316 quatuor

111 1314 222 1393 majores
245 1313 427 1394 patriarchas
449 1324 658 1394 exerouernnt,
680 1315 826 1376 ridendus
847 1317 966 1380 Carolus
989 1337 1006 1378 a
1027 1320 1057 1380 S.
1080 1319 1169 1380 Paulo

21 1463 22 1470 ,
114 1395 285 1538 ⁴Ggggguphia
301 1415 390 1459 eoern
404 1393 455 1458 tt.
477 1398 492 1457 1
509 1415 593 1458 num.
612 1401 627 1458 1
656 1405 685 1458 et
701 1415 778 1482 sep,
795 1415 868 1480 pop.
889 1401 924 1461 tt
945 1403 1048 1482 etseq.
1065 1395 1167 1462 Parth.

152 1580 191 1663 (2)
205 1585 382 1646 Constantino
420 1583 502 1646 litani
517 1583 631 1648 concilii
644 1587 743 1646 Patres
755 1603 824 1646 eon.
841 1587 860 1648 5
874 1592 945 1648 mm.
960 1586 980 1646 2
994 1583 1099 1648 concii.
1112 1584 1169 1650 eol.

118 1665 191 1725 ttttt
206 1661 306 1727 colioet.
322 1669 346 1727 t
419 1665 443 1744 i,
463 1665 533 1728 edit.
556 1667 655 1730 Venet.
672 1667 734 1748 ejus
748 1667 830 1728 urbis
845 1667 1010 1748 episcopum
1026 1667 1169 1750 dignitate

115 1746 307 1823 patriarchatus
318 1729 475 1840 eruardus,
492 1749 569 1830 quod
594 1747 729 1830 deinceps
743 1749 878 1830 probarit
902 1749 989 1810 etiarn
1013 1751 1169 1814 eonsilium

116 1827 329 1892 Chalcedonense
349 1851 418 1892 can.
441 1831 492 1892 28.
516 1833 620 1892 tonat
639 1827 744 1893 conta.
766 1829 821 1894 col.
843 1832 919 1894 1691
936 1829 1033 1915 tp'usd.
1056 1830 1166 1896 collect.

112 1909 257 1972 doluerunt
278 1913 310 1974 id
330 1913 414 1974 initio
428 1921 526 1974 ratum
538 1911 647 1974 hahere
669 1915 777 1976 summi
801 1913 974 1990 Pontifices,
990 1913 1069 1994 quod
1092 1923 1169 1977 esset

112 2001 198 2054 eontra
219 1995 368 2056 Nieaenum
381 2013 520 2057 canonem
533 1998 569 2071 63
588 1995 639 2056 sed
651 2005 748 2076 postea
769 1997 840 2058 moti
859 1995 994 2076 precihus
1008 1997 1169 2078 imperato-

112 2084 261 2138 runratum
271 2077 592 2156 hahuerunt.Denique
604 2077 696 2138 honos
702 2079 787 2139 etiam
795 2077 1168 2158 patriarchatus,probante

112 2155 171 2216 sede
183 2160 357 2238 Apostolioa,
372 2179 389 2220 a
407 2159 571 2221 Theodosio
587 2159 708 2222 iuniore
726 2159 811 2221 datus
829 2167 873 2220 est
888 2159 1015 2220 ecclesie
1030 2161 1168 2222 Hieroso-

111 2237 253 2318 lymitanae,
265 2261 324 2322 qua
340 2239 378 2302 de
389 2259 424 2301 re
443 2259 509 2302 eum
523 2247 586 2302 ortu
609 2249 705 2302 essent
720 2239 838 2302 dissidia
856 2242 935 2302 inter
951 2241 1167 2303 Antiochenam

110 2327 135 2379 et
149 2321 438 2403 hierosolymitanum
461 2324 645 2402 episcopum,
664 2341 697 2384 ea
719 2324 783 2404 lege
799 2323 956 2402 composita
970 2331 1039 2383 sunt
1052 2323 1083 2384 in
1096 2343 1167 2386 eon-

110 2402 164 2462 ciiio
175 2404 417 2481 chalcedonensi,
433 2413 467 2466 ut
489 2413 549 2465 tres
566 2405 717 2480 Palestinae
736 2405 998 2486 hierosolymitano
1015 2403 1164 2486 episeopo,

110 2491 216 2564 utraque
228 2497 330 2548 autem
343 2487 490 2548 Phoenioia
501 2495 530 2547 et
544 2487 649 2548 Arabia
664 2487 845 2550 Antiocheno
858 2485 1081 2566 subjicerentur.

142 2589 178 2672 (ὅ)
200 2595 345 2656 Ordinem
359 2591 439 2654 hune
462 2591 613 2675 dignitatis
630 2593 708 2656 inter
726 2602 851 2674 quatuor
868 2593 1046 2674 patriarchas
1060 2595 1167 2656 Orien-

110 2671 168 2734 tata
180 2677 331 2738 eonstituit
345 2677 531 2736 innocentius
543 2679 585 2738 111
603 2676 634 2736 in
657 2675 777 2737 coneilio
792 2675 976 2738 Luteranensi
990 2675 1027 2734 lV
1043 2693 1109 2756 cop.
1126 2677 1165 2738 23

109 2749 136 2812 de
144 2755 240 2836 privii.
255 2763 305 2820 De
323 2765 450 2836 quatuor
473 2755 644 2836 patriurchis
664 2756 862 2820 Orientalibus
889 2757 947 2816 late
965 2756 1025 2836 agit
1041 2757 1163 2818 Michae'l

47 2899 54 2914 ,
108 2835 263 2983 fflffl
280 2857 387 2982 pipere?
401 2841 448 2900 eui
462 2839 580 2900 titulus:
601 2839 706 2903 Oriens
725 2835 909 2902 chrestianus
926 2837 958 2899 in
969 2844 1100 2922 quatuor
1113 2858 1166 2922 pa·

171 2941 185 2982 e
235 2941 274 2984 us
313 2939 372 3003 rges
385 2939 433 2984 ue.

138 3024 175 3168 i?
195 3031 238 3090 ue
266 3027 449 3089 Oeeidentali
476 3025 672 3106 patriarchatu
698 3027 805 3088 summi
833 3023 982 3089 Pontificio
1006 3045 1096 3106 pauca
1118 3027 1166 3088 di-

21 3125 30 3150 ·
109 3123 150 3166 eea
168 3127 183 3168 a
199 3117 288 3184 sunt,
311 3109 450 3187 quoniam
469 3127 527 3170 non
542 3110 648 3170 desum
664 3111 715 3187 qui
737 3108 965 3188 patriarchatum
984 3109 1080 3188 ipsum
1105 3127 1165 3170 non

76 3203 80 3211 ·
108 3194 184 3251 huin
201 3192 290 3252 initio
311 3191 490 3252 occidentem
513 3189 767 3269 eompreheudisse
795 3191 991 3266 eonteudunt,
1010 3209 1101 3270 eaque
1120 3199 1165 3252 est

108 3269 179 3332 etiam
198 3274 302 3354 opinio
322 3273 465 3334 Dominiei
491 3273 640 3335 Cavalhrii
664 3273 695 3332 in
712 3272 815 3334 Iustit.
834 3274 906 3334 Jur.
927 3276 1040 3334 Conon.
1056 3291 1126 3354 por.
1145 3276 1159 3336 1

107 3367 159 3433 tup-
175 3358 213 3416 10
228 3355 255 3438 §.
286 3357 317 3416 t.
339 3354 398 3417 Sed
421 3355 551 3434 quisquis
565 3355 597 3415 id
614 3354 722 3430 sentit,
748 3355 862 3436 ignorat
881 3355 1011 3435 proiecto
1033 3353 1163 3416 oeieber-

106 3433 209 3514 duam,
228 3437 338 3516 etjam
364 3439 404 3499 tv
423 3438 527 3498 seculo
554 3445 702 3516 reoeptam
727 3437 817 3497 totius
840 3435 990 3498 christiani
1015 3436 1095 3500 orhis
1118 3437 1161 3498 di·

107 3517 228 3581 titionem
242 3521 276 3580 in
293 3519 454 3580 orientales
469 3527 499 3578 et
512 3519 710 3581 Oeeidentules
722 3519 870 3596 eedesias,
885 3537 973 3599 quam
990 3517 1162 3582 divisionem

108 3603 213 3662 tvetsri
225 3599 443 3662 consuetudine
462 3602 569 3680 repetit
585 3599 835 3681 pseudosynodus
849 3601 1057 3664 sardicensisa
1075 3601 1164 3661 semi-

106 3681 203 3745 drienis
220 3683 324 3744 hahita
348 3682 381 3742 in
398 3683 482 3765 epist.
508 3681 640 3766 synodie.
670 3681 753 3764 opud
776 3679 923 3746 tatteum
946 3691 1015 3744 tort.
1041 3685 1059 3744 2
1084 3685 1160 3743 Con·
1206 3697 1208 3706 ’

104 3757 142 3822 oi.
162 3763 216 3826 coi.
246 3767 322 3826 tto.
351 3765 408 3827 Sed
436 3772 469 3825 ut
496 3765 551 3828 hoe
580 3766 694 3828 mittam
722 3764 971 3828 schismatieorum
1004 3762 1159 3825 hominum

103 3845 306 3922 testimonium,
339 3847 430 3926 ipen
457 3846 532 3909 hano
560 3847 732 3910 divisionem
759 3847 1018 3928 eompertissimam
1047 3845 1157 3906 seeiunt

103 3925 313 3991 &Ambrosius
337 3929 479 4010 ingestis
503 3930 618 3990 concilii
642 3927 846 4009 Aquileiensis,
870 3929 916 3990 eui
936 3930 999 4008 ipse
1021 3925 1156 4004 proeiuit,

101 4004 146 4069 oi.
164 4014 243 4075 11611
261 4018 293 4072 et
316 4012 394 4074 1166
415 4019 485 4073 tom.
514 4009 662 4074 heolieet.
688 4007 795 4075 eeneii.
817 4007 1015 4076 totostoto.
1039 4007 1155 4089 Venet,
