3140 5168
840 473 987 546 -tus
1013 517 1062 532 -

248 631 252 640 '
328 685 330 690 .
352 649 360 660 ·
418 625 579 706 exquibus
593 625 800 707 intelligimus,
816 641 1028 704 nequeaovam
1040 640 1118 698 ease,
1131 641 1228 704 neque
1241 623 1340 686 minus
1360 623 1488 704 proban·

311 717 353 732 ”’
416 711 484 772 dam
508 708 602 770 videri
632 727 714 788 posse
739 707 939 787 disciplinam,
966 723 1036 786 quse
1058 707 1137 788 viget
1164 725 1288 786 queque
1311 707 1487 786 imtissim

232 845 236 854 .
263 801 265 810 '
310 785 344 825 ·'
369 809 389 838 ·.
417 791 505 854 habet
524 809 638 866 causas,
657 790 747 852 dandi
767 789 884 870 egrotis
902 796 1063 850 extremam
1086 789 1273 870 unctionem,
1299 797 1487 872 posteaquam

240 929 243 936 ,
384 905 390 918 ·
418 873 629 936 Eucharistiom
643 880 829 952 occeperunt.

218 1089 221 1096 ’
348 1113 352 1118 “
418 1121 582 1202 nempe.
597 1121 696 1200 neap.
713 1116 773 1199 ss.
791 1119 889 1196 ins.
908 1115 1131 1213 nuncupet.
1144 1137 1176 1262 p.
1191 1119 1229 1179 se
1244 1124 1303 1178 ert.
1317 1119 1348 1179 t.

457 955 489 1036 (i
522 955 636 1018 Rituale
647 957 732 1016 Rom.
749 953 795 1015 tit.
813 951 1088 1016 deseramne.

348 1035 350 1042 ’
457 1037 488 1118 (5
520 1040 607 1100 conc.
631 1035 714 1098 Trid.
740 1036 788 1096 cit.
805 1053 875 1098 sess.
900 1037 940 1097 lt
956 1053 1023 1130 cop.
1048 1032 1122 1097 ede
1139 1044 1217 1098 extr.
1241 1043 1342 1112 uncte
1367 1035 1485 1098 Catoel.

459 1199 501 1284 (i)
522 1201 645 1263 Consule
659 1203 730 1262 Bon.
746 1203 816 1262 XIV
835 1198 871 1262 de
888 1218 956 1284 syn.
972 1197 1055 1262 dtoec.
1074 1196 1125 1262 tt.
1179 1219 1244 1282 cop.
1262 1201 1297 1277 8,
1311 1199 1365 1278 qui
1378 1202 1442 1262 late
1458 1219 1487 1262 ea

376 1361 379 1368 Ι
418 1283 457 1345 dc
472 1303 506 1346 rc
529 1283 606 1364 agit,
630 1289 718 1360 atquc
743 1283 832 1342 etiam
855 1283 946 1344 refert
965 1281 1066 1346 tusam
1085 1285 1255 1362 opinionem
1278 1281 1419 1358 illorum,
1440 1284 1486 1363 qui

418 1365 474 1428 hoc
491 1373 705 1426 sacramentum
718 1371 769 1424 aut
784 1382 951 1444 nunquam,
966 1372 1018 1424 aut
1031 1372 1147 1426 tantum
1166 1371 1230 1444 post
1245 1372 1359 1426 ceruum
1372 1373 1487 1445 tempus

420 1449 520 1510 iterari
541 1465 625 1526 posse
649 1445 805 1526 putabant,
829 1453 858 1506 et
885 1446 1003 1506 illorum
1032 1447 1136 1524 etiam,
1159 1447 1211 1526 qui
1236 1445 1312 1508 illud
1333 1449 1366 1509 in
1384 1448 1486 1510 adem

418 1529 606 1611 egrotatione
623 1527 785 1608 eodemque
799 1527 867 1590 viter
882 1528 1013 1608 periculo
1024 1529 1209 1610 repetebant.

770 2083 1019 2172 milo
1050 2085 1144 2170 Vl.

876 2283 912 2348 ne
933 2285 1031 2348 outre.

892 2444 1028 2458 ..ᾐ-

418 2557 512 2610 xcvii.
523 2558 586 2622 Quid
603 2560 672 2612 Ordo
685 2561 715 2612 'ct
730 2573 791 2632 quot
810 2561 913 2614 Ordines
994 2561 1217 2640 XCVllletdClX.
1235 2561 1336 2614 idaten'a
1358 2571 1382 2612 et
1401 2560 1484 2612 uam

485 2637 550 2676 sum.
992 2695 1020 2746 C.
1035 2629 1179 2746 5231:pr
1193 2693 1331 2762 subjectam
1348 2691 1452 2744 Ordinis.

857 2834 885 2935 p.
918 2834 1058 2908 xcvn.

468 2981 562 3054 Orno
591 2999 828 3055 sacramentum
855 3000 924 3076 eet,
960 3011 1026 3084 quo
1068 2983 1204 3057 solemni
1245 2984 1482 3079 inauguratione

419 3079 591 3176 spiritualis
614 3096 756 3178 potestas
780 3081 823 3152 ad
849 3109 935 3155 sacra
963 3082 1114 3156 obeundo
1136 3107 1274 3155 munera
1309 3081 1478 3155 confertur.

420 3177 555 3276 Proprie
583 3181 650 3277 ipsa
676 3196 815 3277 potestas
852 3182 926 3252 data
961 3181 1042 3254 ordo
1066 3197 1132 3268 est,
1163 3207 1251 3254 sacra
1288 3197 1397 3252 autem
1423 3199 1484 3250 cte

420 3278 584 3366 remonis,
613 3303 673 3374 per
701 3305 800 3377 quam
831 3279 884 3352 illa
921 3280 1036 3372 datur,
1066 3278 1230 3352 ordinatio
1263 3277 1394 3351 dicitur.
1417 3274 1485 3346 Or-

421 3372 513 3446 dines
559 3391 637 3446 suut
685 3402 823 3451 numero
864 3395 1007 3476 septem,
1048 3379 1248 3470 ostiariatus,
1295 3377 1482 3462 lectoratus,

420 3473 646 3562 exorcistotus,
689 3475 909 3575 acolythatus,
969 3476 1241 3566 subdiaconatus,
1285 3475 1483 3560 diaconatus,

421 3569 681 3669 presbyteratus,
714 3588 813 3671 atque
845 3575 961 3648 horum
1022 3579 1120 3660 riores
1151 3589 1293 3670 ‹protuor
1320 3578 1484 3658 numm,

420 3671 611 3764 posteriores
634 3685 699 3740 tres
728 3681 878 3771 moseres
904 3601 1110 3772 appodiantur
1133 3673 1200 3768 (i).
1227 3671 1484 3772 Presbyteratum

421 3793 477 3840 seu
504 3767 736 3858 sacerdotium,
765 3785 798 3840 et
825 3770 974 3844 ordinem
1007 3787 1041 3844 ct
1070 3786 1308 3843 sacramentum
1329 3794 1392 3842 esse
1414 3791 1486 3838 oer-

421 3881 492 3936 tum
535 3881 605 3937 est:
648 3893 759 3938 verum
802 3895 868 3942 non
902 3885 1026 3941 constat
1059 3873 1144 3940 inter
1180 3867 1366 3964 theologos,
1407 3889 1485 3936 num

421 3966 621 4060 episcopatus
649 3991 686 4036 ac
715 3965 899 4040 diaconatus
936 3984 1133 4040 sacramenta
1170 3969 1235 4038 siut
1263 3994 1282 4038 a
1315 3963 1485 4038 sacerdotio

421 4083 457 4130 re
479 4063 547 4157 ipse
574 4062 743 4153 distincta;
777 4083 810 4136 et
836 4092 916 4138 uum
948 4069 1139 4158 ostiarictus,
1169 4063 1362 4156 lectoratus,
1392 4084 1484 4134 exor-
