3134 5144
505 559 725 636 -179-

136 708 168 804 (1)
184 713 209 773 S.
227 713 357 773 tustinus
374 714 414 774 Μ.
437 709 523 794 Apol.
548 717 562 776 1
585 733 668 776 nram.
689 715 728 776 67
747 733 821 798 pop.
840 716 893 794 83,
911 713 981 778 edit.
1000 715 1137 778 1111111111.

111 792 284 953 debsidbdc·
297 886 397 939 tamen
423 877 605 958 presbyterio
632 898 718 940 suum
741 880 829 941 etiarn
852 879 964 942 diaconi
994 879 1141 942 habebant

108 954 187 1032 111111,
211 961 257 1038 qui
283 979 317 1020 ea
341 960 497 1042 gerebant,
525 979 592 1038 qum
616 962 661 1022 sui
688 962 801 1023 ordinis
823 963 938 1041 propria
968 972 1066 1038 erant,
1096 963 1139 1024 uti

108 1036 426 1199 {mtffimpssinus
438 1051 496 1103 oet.
516 1049 545 1103 et
561 1059 631 1104 noo.
645 1042 746 1106 eccles.
763 1041 914 1126 disciplio.
935 1063 1006 1128 por.
1023 1049 1036 1106 1
1056 1042 1140 1109 tou
1215 1055 1219 1062 '

141 1302 165 1401 5.
192 1303 407 1380 cxxxvlii.
441 1303 526 1378 Cum
559 1323 654 1379 aucto
688 1306 938 1380 christianorum
977 1333 1136 1399 numero,

106 1398 190 1494 plores
209 1406 240 1474 in
270 1431 335 1475 una
377 1406 505 1477 civitate
548 1405 689 1478 ecclesiae
718 1405 859 1477 conditae
892 1421 989 1495 suut,
1011 1406 1060 1476 'ad
1089 1432 1141 1478 eas

105 1502 243 1597 episeopus
272 1503 386 1575 diebus
417 1503 588 1576 dominicis
622 1503 773 1576 mittebat
801 1530 841 1576 ex
873 1503 1004 1576 ecelesia
1034 1503 1141 1576 cathe-

105 1593 173 1666 drali
192 1600 398 1700 presbyteros,
441 1627 583 1700 quorum
611 1617 681 1673 erat
714 1627 801 1673 sacra
826 1602 917 1674 obire
945 1627 1082 1672 munere
1108 1617 1142 1674 et

55 1763 56 1768 ,
103 1717 220 1786 preesse
235 1700 366 1795 populo,
395 1703 453 1798 qui
477 1700 518 1771 ad
534 1700 680 1772 ecclesias
703 1700 773 1770 illas
788 1699 986 1774 confluebat.
1017 1699 1141 1771 Verum

55 1781 57 1800 ι
103 1789 130 1859 bi
153 1793 312 1893 presbyteri
336 1823 405 1870 non
431 1814 524 1870 crant
549 1802 701 1896 perpetui
725 1815 864 1870 rectores
894 1797 1010 1868 harum
1042 1797 1140 1870 ecclc·

55 1911 56 1970 T
102 1891 219 1982 siarum,
244 1920 313 1967 cum
336 1899 506 2066 episcopus
528 1923 582 1968 eos
598 1897 697 1970 modo
722 1900 798 1987 uni,
821 1896 920 1969 modo
946 1897 1035 1968 alteri
1053 1921 1140 1968 com·

104 1991 222 2062 mitteret
263 2020 300 2066 ex
374 1997 467 2068 crisis
520 1995 661 2068 ecclesiee
701 1995 914 2086 cathedralis,
960 2019 1073 2066 corum
1100 2021 1141 2066 ue

55 2137 56 2142 1
104 2084 217 2160 officium
253 2091 423 2184 finiretur,
463 2110 612 2190 tempore
640 2094 730 2191 quod
770 2093 812 2163 ab
835 2093 891 2165 illo
925 2021 1141 2165 constitueba-

103 2197 142 2252 tur
166 2185 223 2285 (i).
249 2191 364 2289 ltaque
394 2217 460 2262 una
479 2207 609 2262 tantum
636 2193 671 2262 in
703 2191 835 2287 singulis
860 2191 1042 2263 civitatibus
1071 2207 1141 2262 erat

55 2317 57 2374 4
103 2282 225 2377 eeclesia,
241 2316 313 2388 quae
328 2291 461 2387 proprie
476 2289 648 2388 parocbia,
667 2293 716 2360 uti
733 2316 821 2361 nunc
843 2306 909 2380 est,
928 2289 991 2360 dici
1012 2305 1138 2386 posset,

55 2411 56 2446 1
100 2381 225 2456 nimirum
252 2388 383 2460 molesia
414 2387 624 2476 cathedralis,
659 2387 793 2486 relique
824 2392 966 2460 minores
997 2385 1139 2460 ecclesiae

55 2475 57 2566 1
103 2477 162 2549 nulli
189 2489 357 2582 separatim
396 2487 587 2586 presbytero
625 2485 762 2558 addictas
800 2503 912 2576 erent,
948 2485 1005 2558 sed
1032 2485 1072 2554 ad
1089 2511 1141 2556 eas

55 2579 57 2616 ³
101 2580 224 2670 regendas
253 2584 391 2679 singulis
432 2584 546 2658 diebus
578 2583 749 2656 dominicis
783 2585 890 2656 elerici
927 2584 970 2656 de
1008 2583 1138 2654 ccclesia
1247 2609 1250 2618 ·

55 2719 56 2754 1
101 2677 210 2776 tpisoopi
233 2683 464 2754 mittebantur.

128 2849 160 2932 (11
178 2857 270 2918 Romae
290 2865 393 2918 tamen
420 2865 450 2917 et
476 2856 659 2918 Alexandriae
686 2855 849 2918 minoribus
872 2873 988 2934 quoque
1014 2854 1141 2916 ecclesiis

101 2935 150 2994 tuti
164 2939 340 3020 presbyteri,
356 2937 406 3018 qui
426 2938 530 3000 iisdem
544 2945 713 3017 praeessent,
725 2938 786 3018 jam
801 2939 871 2999 inda
882 2938 919 2998 ab
933 2937 1142 3016 antiquissimis

101 3020 245 3094 tenporibus
261 3021 346 3082 affixi
375 3027 470 3081 erant.
488 3021 522 3082 id
541 3020 713 3082 deecclesia
738 3021 933 3084 Alexandrina
957 3028 1081 3081 testatur
1095 3019 1141 3080 di-

101 3099 224 3163 Smissine
241 3101 426 3184 Epiphanius
449 3100 552 3164 beares.
576 3105 616 3164 19
643 3103 704 3164 aive
727 3105 766 3164 69
790 3103 898 3166 Arion.
927 3121 1011 3164 nom.
1033 3105 1047 3164 1
1070 3119 1138 3184 opp.

101 3181 176 3244 1111
195 3204 266 3268 pop.
289 3183 513 3262 7111111111
540 3181 666 3247 catomo
685 3187 776 3247 1682.
808 3211 822 3240 a
845 3189 1009 3264 Quotquot,
1028 3184 1140 3264 inquit,

101 3259 248 3328 Alexandria,
264 3267 418 3328 catholicae
441 3269 654 3329 communionis
681 3267 807 3329 ecclesiae
833 3276 920 3344 sunt,
948 3267 1000 3327 uni
1026 3265 1141 3326 archie-

99 3340 185 3424 it'ffltpo
207 3349 366 3429 subjectas,
394 3368 464 3410 suus
490 3349 596 3428 cuique
625 3351 796 3429 praepositus
824 3357 867 3410 est
893 3349 1062 3428 presbyter,
1090 3349 1141 3426 qui

100 3425 254 3493 adsimus
279 3449 407 3494 munera
427 3431 463 3492 iis
485 3431 721 3508 administraret,
746 3431 796 3510 qui
825 3433 900 3492 circa
922 3429 1054 3491 eudesius
1079 3427 1141 3489 illas

99 3498 216 3590 habitant,
236 3531 403 3593 eorumque
420 3513 661 3576 conventiuncula
683 3514 756 3590 vici,
774 3531 825 3575 scu
845 3515 934 3576 laura
953 3513 991 3573 ab
1015 3511 1142 3574 Alexan-

98 3583 166 3651 dona
180 3596 265 3678 vulgo
285 3603 506 3675 nuncupentur.
528 3621 542 3650 a
562 3597 720 3676 Dionysius
734 3595 868 3657 Petavius
883 3591 1093 3658 Animaduerto.
1109 3594 1142 3656 io

96 3663 118 3725 d·
138 3669 180 3735 ios.
202 3676 361 3761 Epipbon.
388 3687 459 3739 tom.
484 3679 504 3738 2
529 3695 601 3759 pop.
631 3680 691 3740 176
716 3697 775 3738 uon
798 3684 912 3739 tantum
940 3675 1140 3751 Alexandriae,

95 3749 242 3822 Sedinaliis
264 3777 386 3840 qnoque
407 3757 566 3836 majoribus
589 3759 711 3822 urbibus
738 3779 801 3821 eam
828 3759 1068 3822 consuetudinem
1096 3757 1142 3816 vi-

95 3834 167 3906 tuisse
188 3850 305 3918 censet,
329 3849 362 3902 ut
387 3840 486 3921 piures
512 3841 590 3902 intra
614 3843 718 3904 urbem
747 3851 843 3904 essent
867 3843 1010 3916 ecelesia,
1034 3837 1142 3918 quibus

95 3919 147 3978 cort
162 3923 327 4006 presbyteri
344 3923 421 3984 affixi
433 3932 527 3984 erant.
547 3925 690 3986 Henricus
703 3925 835 3987 Valesius
855 3932 917 3986 not.
935 3923 968 3984 io
986 3923 1139 3982 Sozoowo.

95 3990 129 4084 tt.
153 4005 164 4062 1
188 4025 254 4088 sap.
284 4008 326 4066 rs
345 4024 420 4147 pay.
444 4008 497 4082 cr,
518 4003 588 4067 1111.
609 4005 735 4068 nacon.
758 4008 837 4068 1111
857 4001 1141 4066 1111111111-

55 4155 56 4158 ,
95 4081 132 4152 111
148 4093 303 4150 timorem
323 4088 343 4147 il
357 4107 406 4147 um
425 4088 579 4148 addicendi
599 4089 629 4149 in
648 4091 763 4150 civitate
785 4087 969 4166 presbyteros
987 4092 1073 4144 certae
1091 4101 1141 4144 ec-

55 4179 57 4272 }
92 4157 271 4248 desie,quam
286 4171 443 4249 separatim
458 4177 611 4252 regerent,
627 4169 779 4251 proprium
801 4189 834 4230 ac
853 4168 1028 4248 peculiarem
1051 4166 1140 4227 fuisso
