3140 5168
538 453 759 526 -569-

111 599 206 660 tribui
230 617 313 679 posse
336 609 423 682 nagal
436 593 607 682 Pogius‚'ei
629 602 816 682 erulphum
832 611 980 682 tamquam
1004 600 1177 682 suoyordiur

112 681 473 760 inimicumreprehendit.
487 685 544 746 Sed
552 685 630 746 nulla
635 685 712 763 justa
719 695 763 746 est
773 683 1075 764 ejusneprelreuviendi
1082 702 1177 744 ceum.

112 767 189 826 llam
208 765 233 824 si
256 773 324 824 aule
345 766 548 826 Franciscenos
566 770 666 828 Romae
688 767 814 828 ecclesiae
837 775 982 827 contracto
1007 767 1056 828 illo
1084 764 1180 826 officio

111 845 288 923 utebantur,
315 846 370 907 hoo
383 846 519 926 deinceps
536 847 573 908 ab
593 851 742 928 lisymone
765 848 952 930 emendatum
963 849 1046 926 jussu
1071 847 1179 910 Nicolai

113 931 156 989 ili
169 928 207 988 ab
227 928 363 988 ominibus
375 932 475 991 ilovnre
490 930 617 990 ecclesiis
631 939 781 1010 receptum
796 939 850 992 est.
869 933 947 992 Vere
964 931 1055 1011 igitur
1069 929 1180 991 iladul-

113 1009 191 1088 phus
204 1011 319 1088 scripsit
329 1011 506 1072 breviarium
518 1012 704 1074 eeclesiarum
716 1012 802 1074 Urbis
814 1017 913 1084 Romae
924 1031 988 1074 esse
999 1012 1179 1074 Brevioriuru

113 1092 352 1166 Franciscanum‚
368 1093 506 1170 quoniam
521 1094 578 1154 lale
593 1112 695 1154 revera
711 1101 755 1154 est
774 1094 955 1155 Brevierium
973 1093 1010 1154 ab
1029 1097 1179 1172 ilaymono

111 1173 242 1252 generali
256 1175 391 1234 minisuo
404 1175 662 1236 Franciscanoruvn
676 1175 878 1251 emendatum,
896 1175 974 1254 quod
992 1175 1124 1238 Nicolaus
1139 1178 1179 1237 ill

111 1255 145 1315 in
169 1255 280 1316 cunetis
298 1257 424 1317 ecclesiis
445 1256 580 1318 adhiberi
602 1258 705 1318 voluit.
724 1261 835 1320 Verum
857 1259 1039 1320 Breviarium
1058 1257 1113 1317 hoc
1137 1257 1178 1317 ila

110 1345 309 1414 contractum,
325 1357 377 1398 seu
389 1339 485 1416 polius
498 1339 680 1420 recognitum
693 1347 723 1400 et
733 1339 936 1416 emendatum,
952 1339 1069 1400 brevius
1083 1337 1180 1398 adhuc

110 1419 264 1480 redditum
282 1428 325 1480 esi
344 1419 462 1481 hortatu
481 1423 638 1482 Clementis
656 1425 710 1484 Vll
728 1441 744 1481 o
763 1422 912 1483 Francisco
932 1420 1097 1502 Quiguouio
1115 1438 1180 1479 car-

111 1501 221 1578 dinali,
237 1505 287 1580 qui
309 1521 382 1581 opus
403 1503 499 1582 ipsum
513 1523 561 1564 an.
585 1506 664 1566 1556
684 1503 773 1565 Paulo
787 1507 828 1566 lli
851 1507 884 1565 P.
901 1507 1002 1564 llomm
1022 1501 1178 1582 evulgavit.

112 1583 206 1662 liujus
220 1584 359 1644 Breviorii
374 1603 443 1646 usus
457 1604 510 1664 per
524 1605 616 1647 annos
634 1586 750 1646 circiter
763 1585 955 1666 qradraginta
968 1583 1179 1664 perseveravit,

110 1665 253 1725 nimirum
270 1685 285 1726 a
301 1667 389 1727 Paulo
404 1671 445 1728 lii
456 1685 549 1746 usque
560 1669 598 1730 ad
612 1671 641 1730 S.
659 1669 744 1729 Pium
758 1671 801 1744 V,
815 1685 974 1746 numquam
990 1675 1089 1727 tamen
1103 1683 1180 1742 prae·

109 1757 206 1825 cepta,
218 1747 270 1808 sed
282 1748 375 1809 solum
390 1751 529 1828 permissa
539 1751 596 1812 ruit
606 1749 735 1828 ejusdem
751 1750 891 1810 Breviorii
903 1749 1046 1809 recitatio.
1064 1751 1094 1810 S.
1110 1747 1180 1808 Pius

110 1831 139 1890 V
162 1829 320 1909 Quignonii
345 1831 527 1893 Breviarium
551 1832 702 1914 abrogavit
732 1849 899 1910 novumque
922 1830 1024 1892 confici
1051 1828 1178 1902 curavit,

111 1929 173 1987 quo
185 1929 264 1972 nunc
284 1929 385 1974 omnes
402 1914 529 1991 utimur,
545 1923 574 1974 el
589 1914 669 1993 quod
683 1914 819 1992 deinceps
834 1915 1016 1993 recognitum
1033 1919 1077 1973 est
1090 1911 1178 1971 etiam

109 1992 269 2052 Clementis
290 1995 356 2056 Vlll
372 2003 402 2055 et
425 1995 534 2058 Urbani
551 1999 619 2059 Vlll
637 1996 818 2058 auctoritate.
836 1995 961 2058 Consule
973 1993 1054 2056 card.
1070 1997 1180 2054 Bonam

107 2093 169 2134 rer.
179 2071 282 2157 liturq.
296 2073 345 2138 lib.
362 2079 409 2138 lo.
425 2075 479 2160 7§.
490 2081 508 2140 7
520 2087 590 2140 torn.
605 2081 619 2139 l
626 2095 699 2161 pop.
714 2081 886 2162 llieiscq„
900 2077 1000 2156 ibique
1010 2076 1105 2138 Solam
1115 2080 1177 2135 cot.

109 2155 187 2217 5evl.
204 2159 297 2218 vaur.
313 2161 559 2235 unquentum
572 2159 613 2221 od
624 2161 751 2222 &aare
767 2155 898 2222 thecam.
913 2178 990 2222 socr.
1008 2157 1059 2219 rit.
1074 2165 1144 2218 tom.
1159 2157 1178 2215 2

105 2255 181 2380 por.
198 2240 211 2298 l
227 2248 294 2383 appii
311 2243 407 2324 leop.
421 2244 451 2319 l,
465 2251 495 2303 et
505 2243 668 2306 zuccariam
680 2240 760 2304 Bibl.
776 2239 882 2306 nturi.
894 2239 946 2304 lli.
962 2245 976 2303 l
991 2242 1176 2324 capitose.

111 2349 115 2356 -
145 2338 218 2402 pop.
299 2365 307 2382 .

159 2545 191 2646 ς.
221 2549 263 2620 ll.
295 2551 460 2650 Frequens
487 2579 619 2652 quoque
644 2571 692 2627 est
721 2555 894 2628 horarum
918 2557 1176 2626 comessorum

105 2671 250 2738 nomen,
300 2675 367 2746 quo
412 2651 560 2723 divinum
600 2652 745 2726 officium
790 2651 1001 2751 appellamus.
1052 2649 1176 2720 Omnes

106 2743 296 2836 christiani,
331 2773 368 2819 ac
404 2753 584 2846 praesertim
608 2752 713 2824 clerici
759 2777 855 2848 prece
893 2767 927 2822 et
957 2749 1177 2821 obsecratione

107 2841 227 2914 humili
260 2845 408 2920 adversus
442 2849 550 2920 Deum
583 2853 789 2922 continenter
825 2852 874 2921 uti
906 2847 1083 2934 deberent3
1121 2843 1179 2915 sed
1257 2833 1269 2857 ⁸

107 2943 265 3038 quoniam
303 2945 338 3014 id
380 2966 489 3045 neque
528 2949 669 3020 infirmae
708 2963 833 3020 naturae
865 2949 1035 3044 patiuntur
1076 2945 1178 3032 vires,

106 3063 220 3137 neque
249 3046 402 3139 negotia,
423 3044 541 3142 quibus
580 3045 805 3144 implicamur,
845 3049 1007 3142 sapienter
1048 3041 1179 3114 ecclesie

107 3141 298 3230 constituit,
327 3157 366 3212 ut
394 3146 488 3214 certis
521 3143 634 3214 saltem
661 3144 749 3216 horis
774 3143 831 3212 has
865 3168 976 3240 preces
1004 3139 1181 3213 fundamus

107 3251 210 3332 atque
229 3240 275 3308 ita
301 3265 484 3338 numquam
510 3243 764 3313 intermittamus
793 3239 960 3324 officium,
995 3237 1084 3337 quod
1104 3263 1180 3332 erga

106 3331 219 3406 Deum
246 3355 400 3434 praestare
429 3337 597 3410 debemus.
624 3339 709 3412 Inde
736 3341 890 3436 processit
922 3365 1043 3410 nomen
1075 3338 1180 3409 horo·

105 3459 196 3506 mm
224 3442 501 3526 cananaeorum,
530 3441 685 3535 quoniam
710 3439 746 3508 in
774 3464 826 3508 eas
851 3437 997 3508 divinum
1033 3437 1177 3508 officium

104 3531 270 3603 tributum
294 3552 343 3606 est
364 3535 431 3633 (i).
475 3535 573 3620 Quod
603 3553 714 3608 autem
745 3533 892 3606 divinum
920 3534 1065 3607 officium
1089 3534 1178 3603 statis

105 3631 197 3701 horis
228 3633 439 3728 persolvitur,
474 3633 620 3730 pluribus
648 3649 774 3706 constat
801 3633 935 3721 officiis.
967 3657 1043 3730 quae
1068 3631 1179 3702 omnia

104 3728 206 3799 simul
237 3733 412 3828 conjuncte
445 3733 692 3804 ecclesiasticum
716 3757 845 3814 cursum
881 3730 1068 3803 conficiunt.
1101 3727 1179 3799 Haec

104 3853 185 3899 vero
218 3825 324 3900 officia
365 3857 404 3901 ex
438 3845 566 3930 recepta
599 3831 738 3904 ecclesiae
763 3829 933 3930 disciplina
961 3845 1037 3899 suut
1065 3839 1175 3896 matu-

104 3929 215 3998 tinum
245 3953 321 4000 cum
350 3927 520 4016 laudibus,
555 3929 632 4004 hora
655 3931 779 4028 prima,
796 3931 909 4018 tertia²
934 3941 1042 4016 sexte,
1068 3948 1174 4013 nona,

106 4051 242 4123 vespera
259 4042 293 4097 et
309 4026 569 4124 completorium.
