3122 5178
510 475 706 546 ..47-

91 645 289 739 αυῑιειρτεεεο
310 637 482 722 postorum
503 645 660 695 consensu
680 621 878 695 introducta.
905 624 948 695 lit
974 649 1060 724 saepe
1086 653 1142 698 re·

92 724 212 797 cedamus
232 750 251 792 a
268 727 347 821 jme
372 723 515 816 scripto,
543 720 712 794 interdum
732 745 801 792 non
826 721 1027 810 recedimus3
1050 722 1140 794 illam

90 820 336 894 oomuetndinem
362 825 583 918 commin,
606 833 640 890 et
663 817 749 888 hanc
764 825 973 917 proaleur
992 819 1141 917 appella-

91 943 156 989 mus.
174 917 320 1014 Utraque
345 915 551 988 consuetudo
567 941 650 1013 opus
664 913 764 987 habet
786 916 969 1012 frequentia
986 934 1138 1008 actuum,

91 1016 188 1110 quibus
206 1016 382 1086 inducatur
399 1012 475 1110 (1),
500 1013 668 1086 voluntate
683 1013 754 1112 ejus
774 1012 972 1087 inducendae
997 1017 1031 1085 in
1055 1015 1138 1106 illis,

90 1109 1140 1209 qnieamservaredebentffi),consensulegislatoris,quinorum

90 1209 139 1280 hoc
170 1235 204 1280 us
222 1209 385 1283 obsonari
409 1211 590 1280 consentiat
614 1207 689 1306 (5),
718 1207 934 1280 diuturnitate
961 1212 1138 1306 temporis,

90 1237 168 1402 qood
191 1309 224 1378 in
254 1305 494 1378 consuetudine
524 1321 637 1378 contra
663 1307 718 1404 jus
750 1331 819 1377 esse
850 1305 949 1378 debet
979 1331 1140 1378 annorum

89 1403 303 1500 quadraginta,
336 1401 452 1474 decem
474 1427 549 1474 vero
583 1405 619 1473 in
651 1401 888 1473 consuetudine
913 1417 1035 1498 praeter
1064 1405 1139 1502 jus,

89 1499 166 1594 quod
182 1499 316 1596 longum
344 1515 477 1596 tempus
502 1501 629 1598 injure
650 1513 700 1569 est
724 1497 791 1594 (4).
818 1495 904 1568 Cum
929 1497 1000 1568 buc
1019 1515 1143 1570 servata

88 1612 172 1687 sunt,
194 1622 261 1668 non
283 1595 382 1668 modo
404 1595 606 1668 consuetudo
628 1593 694 1688 legi
715 1598 783 1666 vim
804 1593 939 1682 adimit,
963 1592 1021 1664 sed
1045 1597 1143 1666 etiam

89 1695 147 1763 vim
171 1709 287 1764 tantam
309 1693 427 1784 habet,
457 1707 495 1764 ut
514 1695 543 1764 ei
569 1693 742 1764 recentiori
766 1689 838 1785 lege
854 1715 922 1760 non
946 1689 1140 1786 derogetur,

88 1791 141 1860 nisi
159 1789 191 1858 id
210 1775 403 1862 inominatim
423 1793 644 1886 conscriptum
678 1804 878 1884 cautumque
898 1789 940 1858 sit
970 1787 1039 1884 (5).
1073 1787 1142 1860 De·

87 1901 162 1958 oreta
184 1903 294 1960 tamen
324 1887 463 1960 Concilii
495 1887 683 1959 Tridentini
714 1887 875 1958 contraria
907 1885 1144 1958 consuetudine

89 1983 147 2054 tolli
175 2011 238 2058 non
272 2001 411 2084 ponunt
438 1985 506 2081 (6).

118 2201 154 2282 (ll
167 2206 270 2266 Cunler
283 2205 435 2284 Cujacium
443 2201 554 2266 elenu
568 2199 618 2264 lib.
633 2205 672 2263 l0
682 2221 748 2284 cop.
764 2205 794 2280 l,
811 2211 880 2263 tort.
896 2198 979 2263 5col.
994 2201 1140 2279 525,erlit.

87 2283 183 2346 loon.
198 2304 248 2347 reu
269 2288 372 2348 l'enet.
390 2287 482 2348 1⁷58.

116 2364 229 2450 (ἢμσς.
252 2369 297 2429 55
318 2365 354 2450 (Ῑ.
376 2366 412 2430 de
435 2363 447 2428 l
482 2362 521 2427 id.
545 2368 681 2426 Ceterum
703 2363 752 2442 jus
766 2363 987 2426 consuetudinis
1001 2363 1060 2424 vim
1076 2363 1144 2423 nul·

85 2444 131 2505 lam
143 2447 240 2524 hahet,
255 2451 283 2510 si
301 2447 463 2530 quidpopu
476 2455 590 2528 uergat
603 2446 785 2523 voluntarie,
807 2463 840 2505 ac
861 2445 924 2505 eine
938 2445 1036 2506 animo
1052 2446 1144 2506 susci·

84 2527 180 2602 nicode
203 2530 416 2610 obligationis3
444 2525 693 2608 quemadmodum
725 2527 766 2606 pii
801 2525 921 2605 quidam
950 2525 1145 2606 diuturnique

85 2611 332 2690 insinuarunt,
356 2619 407 2672 aut
421 2610 542 2690 orandi,
556 2627 624 2672 cum
638 2607 715 2670 desit
739 2607 873 2669 voluntas
896 2607 1012 2688 populi,
1034 2607 1144 2668 nullam

82 2687 270 2770 obligationem
293 2691 452 2754 inducunt.

114 2771 151 2850 (5)
163 2778 235 2856 Cep.
254 2776 300 2836 18
314 2771 350 2834 de
360 2771 489 2856 prebere.

111 2851 147 2934 ll)
159 2856 266 2918 Confer
293 2859 474 2934 luter-preter
487 2855 519 2914 in
535 2855 610 2934 Cup.
627 2853 667 2914 25
682 2849 718 2914 de
731 2847 811 2912 verb.
825 2846 965 2932 signific,
986 2867 1052 2930 cop.
1068 2851 1096 2910 5.
1111 2848 1145 2910 de

88 2931 138 3016 effi.
156 2935 262 2998 Ordior.
277 2937 315 2998 ira
330 2937 388 2998 det
399 2936 470 3030 leg.
492 2937 511 2996 θ
533 2942 563 2996 et
583 2936 602 2996 5
624 2937 657 2996 C.
673 2932 781 3016 querit
793 2927 872 3027 long.
887 2939 1017 2992 concoct.

111 3015 147 3096 (t)
159 3019 232 3100 Gap.
250 3021 266 3080 l
289 3015 327 3077 de
341 3019 463 3078 Constrt.
475 3015 508 3078 in
523 3017 553 3078 o.
570 3018 667 3091 Quare
680 3013 847 3076 Tridentini
861 3015 962 3074 Patres
976 3013 1007 3073 in
1022 3011 1146 3072 decretio

81 3097 555 3161 telormationisomneecontrarias
565 3095 790 3157 consuetudines
801 3091 1146 3156 etiamimmcmorabiles

81 3193 196 3256 morose
207 3181 359 3259 abrogare
374 3179 546 3256 voluerunt,
561 3178 685 3256 parique
697 3177 811 3237 ratione
828 3183 954 3236 utuntur
968 3175 1147 3256 legislatores

80 3273 164 3322 ennea
178 3270 244 3323 tnm
259 3260 400 3342 profani,
426 3267 490 3321 tum
509 3255 712 3334 ecdeeiastieb
737 3275 804 3318 cum
822 3275 911 3318 novas
925 3256 1146 3318 constitutiones

81 3342 212 3404 enittnnt.

110 3419 226 3504 llll’ius
242 3428 287 3487 tv
304 3419 430 3484 Conatit.
453 3423 493 3482 In
507 3419 661 3501 Principia
682 3420 741 3484 109
766 3418 800 3480 in
823 3415 945 3480 Bellor.
966 3419 1070 3499 Magn.
1088 3413 1144 3476 ult.

80 3499 133 3564 edit.
148 3506 232 3568 Rom.
248 3515 326 3568 tom.
345 3505 376 3564 l.
390 3521 460 3584 por.
477 3503 579 3584 apag.
597 3503 668 3564 att.
