3142 5188
832 491 1052 562 -658-

406 655 525 700 suorum
544 639 744 720 episeoponam
762 641 966 720 jurisdictione
990 661 1097 721 eosque
1114 643 1170 704 sihi
1189 643 1400 706 submittebat?
1420 647 1470 706 At-

386 745 396 814 '.
407 739 464 861 qule
474 721 505 816 iu
518 724 802 818 concilio-iliricum,
815 725 951 820 Aurelius
964 725 1201 820 carthaginensis
1214 727 1366 806 episeopus
1380 728 1468 805 quari

399 803 1469 972 1Ill:lllllltlllllllllltltilllat‘lllltt

406 980 478 1044 copo
502 968 611 1046 invito,
636 971 774 1034 ordinare
796 972 916 1033 litaret?
943 975 1035 1035 Nemo
1052 981 1151 1034 autem
1175 991 1211 1034 ex
1234 975 1392 1054 episeopis,
1418 973 1465 1050 qui

405 1047 541 1128 aderant,
566 1051 640 1130 fult,
656 1055 707 1133 qul
725 1073 784 1116 non
802 1054 833 1114 id
852 1071 905 1116 suo
915 1053 983 1133 jure
996 1055 1216 1137 Carthaginensi
1238 1057 1374 1135 episeopo
1386 1055 1466 1115 lisere

404 1129 562 1210 fateretur,
577 1136 691 1197 etiamsi
713 1137 755 1198 llll
769 1137 916 1216 subjectus
934 1137 1086 1217 episeopus
1100 1155 1197 1199 unum
1219 1145 1339 1200 tomam
1358 1134 1467 1199 tutuo

401 1211 620 1298 presbyterum,
637 1219 747 1298 quique
767 1237 827 1282 non
844 1227 1028 1300 agnosceret,
1047 1219 1124 1281 lrano
1143 1238 1258 1300 sempor
1277 1221 1369 1280 luisse
1387 1237 1467 1298 supe·

404 1295 491 1358 rioris
514 1301 607 1361 astatis
624 1301 721 1382 legem
737 1309 767 1362 et
794 1301 1045 1364 consuetudinem.
1067 1302 1191 1364 Consule
1212 1302 1318 1364 nonnil.
1345 1302 1466 1364 Alriaan.

405 1381 535 1519 &pm
549 1382 627 1526 apud
649 1383 796 1528 Pp'ithlopupp
816 1381 1006 1530 ppdphaopon.
1024 1379 1093 1480 eod.
1115 1385 1201 1446 llam.
1223 1381 1468 1529 poppalpssmosffi3

405 1468 1385 1644 5255555555ΐὲ[Μὲιῗξΐῄῃὲρὲᾛοὴἐέῑῗῖᾤ
1396 1551 1467 1610 aa

404 1623 475 1685 trfioi
485 1669 494 1702 ,
506 1647 594 1708 quam
609 1630 742 1692 Christus
756 1631 817 1711 ipsa
829 1631 918 1691 totius
936 1631 1062 1692 ecelesia
1078 1631 1233 1712 primatem
1248 1633 1419 1692 nonstrturt?

445 1705 486 1789 (ll)
508 1713 652 1775 lnnoc.ll
672 1718 765 1774 oostat.
785 1710 999 1775 instaurandae
1013 1713 1072 1774 llll
1086 1721 1115 1776 ot
1129 1711 1236 1775 ἄοινοι.
1255 1715 1295 1774 Ut
1314 1712 1348 1773 ἐκ
1368 1711 1467 1795 poma

404 1784 511 1851 lator.
532 1802 601 1854 loon.
621 1797 640 1856 6
661 1814 732 1877 por.
749 1796 852 1878 2pop.
877 1797 937 1856 255
951 1803 980 1855 el
995 1797 1103 1871 2⁷⁰st
1126 1795 1223 1858 mealia
1237 1795 1358 1856 sustulit
1371 1803 1401 1855 ol
1421 1811 1466 1854 er-

404 1871 492 1932 tinxit
515 1891 603 1952 parva
620 1877 752 1938 virorum
773 1879 962 1952 monasteria,
978 1877 1131 1956 inquibus
1149 1895 1199 1939 sax
1221 1879 1324 1939 saltam
1344 1876 1467 1958 religiosi

404 1965 571 2034 nouerant,
584 1966 614 2018 et
627 1960 651 2019 sl
666 1979 731 2038 quaa
744 1958 840 2020 adhuo
854 1967 1001 2020 exstarent
1011 1959 1179 2038 hujusmodi
1191 1960 1384 2034 monastario,
1396 1959 1467 2038 epis-

404 2051 492 2115 eopo,
504 2047 652 2117 tamquam
664 2040 747 2102 sedes
758 2043 858 2121 Apoat.
876 2042 924 2102 dol
978 2049 1023 2120 to,
1036 2041 1165 2120 subjecta
1179 2059 1242 2103 asse
1252 2042 1359 2102 voluit.
1371 2045 1467 2102 lnnoo.

403 2126 501 2178 autem
515 2123 571 2182 ΧΠ
593 2121 671 2202 apud
685 2123 797 2186 Girald.
813 2059 1010 2206 exponeffzr.
1034 2125 1124 2185 Post.
1137 2141 1209 2206 por.
1231 2126 1334 2186 isset.
1359 2126 1419 2186 loo
1436 2143 1467 2204 p.

405 2199 499 2276 1098,
517 2203 651 2284 episeopo
664 2203 787 2283 subjecit
803 2207 993 2282 monasteria,
1008 2206 1039 2266 in
1053 2205 1160 2284 quibos
1173 2207 1330 2268 duodecim
1345 2205 1468 2286 religiosi

404 2297 463 2342 uon
478 2283 622 2347 habitant.
639 2287 800 2348 lnnooentii
816 2289 870 2349 llll
885 2288 1053 2349 eonstitutio
1066 2288 1292 2367 comprehendit
1305 2288 1394 2350 &aaa
1408 2305 1470 2348 aon

402 2371 524 2442 vontus,
539 2385 591 2429 seu
604 2369 708 2430 domus
722 2369 887 2450 regulares,
901 2388 997 2450 quma
1017 2371 1164 2450 prmoipuo
1177 2369 1276 2450 aliquo
1297 2370 1470 2431 moraasterio

401 2446 546 2526 pendam,
561 2469 685 2532 quosque
697 2453 828 2514 Granoim
843 2451 940 2513 latiori
952 2451 1163 2594 aipnlsroatione
1174 2453 1374 2533 appellantur,
1389 2451 1467 2531 quod

404 2527 446 2588 illi
465 2529 626 2609 conjunctas
643 2541 727 2608 sunt,
754 2543 841 2612 atque
862 2535 925 2613 ejus
949 2551 984 2595 ve
996 2535 1039 2595 uti
1057 2533 1166 2613 praedia
1191 2553 1243 2596 seu
1264 2533 1394 2596 membra
1417 2532 1471 2594 ha·

402 2608 521 2672 bantur.
541 2615 615 2676 Nam
629 2615 890 2694 Granoimproprie
912 2625 982 2677 sunt
1002 2617 1106 2678 domus
1130 2617 1258 2692 rurales,
1288 2635 1340 2679 asu
1364 2615 1470 2696 prndio

402 2693 525 2766 ruratica,
546 2713 613 2774 quaa
628 2697 666 2758 ad
682 2697 891 2760 monasterium
912 2699 1076 2777 pastinant,
1099 2705 1129 2760 at
1153 2700 1307 2780 inquibus
1327 2717 1388 2760 non
1408 2715 1470 2758 mo-

403 2773 505 2852 oaolrl,
527 2779 580 2840 aad
606 2787 721 2841 tantum
739 2781 870 2841 eonversi
895 2799 948 2859 pro
977 2781 1106 2842 rolendis
1129 2782 1206 2862 agria
1239 2789 1466 2843 commorantur.

403 2855 499 2935 Atque
511 2857 557 2921 hsa
574 2863 705 2924 Granoias
718 2879 813 2940 umus
828 2863 976 2924 ecelesiam
995 2862 1119 2940 habant,
1135 2881 1231 2942 nsque
1242 2863 1394 2943 publicum
1406 2881 1470 2923 ora-

404 2939 513 3000 torium
535 2944 661 3024 episcopi
678 2944 849 3006 anctoritate
869 2947 1076 3022 ooustitutum,
1095 2953 1125 3006 et
1149 2946 1211 3006 looa
1238 2963 1299 3008 non
1323 2964 1403 3007 soora
1423 2953 1470 3006 aut

404 3023 457 3082 reli
481 3023 553 3101 'osa,
568 3025 621 3086 sed
633 3026 803 3106 ternporalia
817 3045 850 3087 ao
870 3027 991 3108 prolana
1004 3036 1083 3088 sunt.
1100 3027 1227 3089 videndi
1250 3036 1321 3088 sunt
1342 3032 1466 3110 Fagoan.

405 3102 439 3163 io
474 3105 574 3188 iaoapt.
594 3105 631 3168 do
645 3107 783 3170 Gronoit'a
800 3118 879 3192 post.
902 3107 946 3170 tit.
970 3107 1006 3170 de
1026 3107 1138 3172 craso.
1159 3117 1267 3187 exuo,
1288 3119 1319 3171 ot
1337 3111 1469 3175 cunnus

406 3203 506 3267 sapas.
520 3193 593 3250 Iar.
608 3191 698 3252 Paul.
710 3209 780 3274 por.
797 3195 811 3252 l
829 3187 881 3254 lio.
898 3193 936 3253 59
950 3192 997 3254 tit.
1014 3193 1117 3275 ὅμως.
1133 3194 1308 3278 tolletorp.
