3134 5144
537 390 758 464 ..225-

161 537 189 641 §.
217 539 407 612 Lxxxlll.
443 537 558 612 Solent
588 543 729 638 episcopi
755 543 916 637 foraticos
940 542 1037 610 ctiam
1062 538 1184 614 habere

120 641 242 712 vicarios
266 642 302 710 in
328 637 457 736 oppidis
488 637 631 712 dioecesis
658 663 745 730 suae,
771 642 829 736 qui
856 637 1011 709 mandata
1026 637 1068 708 ab
1093 642 1181 736 epis-

118 763 191 835 copo
223 753 385 836 potestate
419 737 595 830 fruuntur,
631 763 705 837 quae
737 735 810 810 loco
837 735 1111 810 circumscribitur
1150 753 1184 808 et

117 836 306 933 plerumque
337 838 480 933 pertinet
508 835 622 910 adres
668 834 835 908 eculiares.
870 833 913 906 Hi
938 849 1074 932 propter
1098 831 1184 907 loco

119 959 184 1004 rnna
213 933 399 1008 dbtantiam
429 933 574 1006 bibunal
685 949 726 1006 nt
752 933 793 1006 ab
828 933 979 1031 episcopo
1005 932 1212 1005 discretum·

118 1048 148 1102 et
168 1047 371 1200 sepapptum,
390 1032 531 1200 ideoqrpe
552 1032 723 1202 abbiiatpltri
744 1035 934 1203 {piits'cophupa
956 1046 1046 1202 Ἓξ
1060 1055 1184 1226 prppp-

118 1145 726 1329 Ξὲἱιζᾶἰαοὲηἰωῶῗηιωξξτίεξῑεή
755 1244 789 1300 et
814 1155 1080 1300 damnieiuralis
1104 1183 1182 1325 (5);

119 1325 170 1396 sed
190 1326 344 1397 translata
370 1325 586 1400 archidiaconi
613 1341 774 1426 potestate
804 1325 845 1396 ad
871 1327 1024 1396 vicariurn
1044 1351 1184 1422 gencra-
1284 1363 1293 1382 ·

119 1423 199 1514 lem,
226 1425 367 1496 instituti
397 1423 552 1498 ridentur
594 1429 703 1498 vicarii
737 1425 880 1514 foranei,
912 1449 994 1521 quos
1025 1438 1186 1496 memorat

122 1521 323 1594 Innocentius
349 1521 397 1593 lv
437 1525 473 1594 in
510 1523 647 1598 concilio
681 1521 894 1620 Lugdunensi
930 1521 1005 1619 (ti),
1045 1537 1079 1593 et
1107 1519 1185 1592 Cle-

124 1621 305 1691 mensVin
320 1621 500 1694 Viennensi
513 1621 583 1720 (5)
1091 1626 1096 1642 ’

162 1813 186 1896 (l
220 1815 410 1882 Videluenin
424 1817 645 1882 deSocromea.
659 1817 780 1882 dissert.
797 1822 934 1904 bqooat.
951 1819 971 1880 2
987 1835 1053 1900 cop.
1071 1820 1102 1878 1.

160 1899 190 1978 (2
219 1898 385 1980 Sigebertus
409 1899 443 1962 io
469 1899 612 1964 Chronico
632 1902 670 1964 de
692 1907 817 1964 Damaso
841 1905 885 1978 ll,
910 1901 961 1980 qui
980 1899 1186 1962 Pontificatum

121 1981 210 2041 tenuit
223 1982 329 2043 seculo
350 1985 409 2061 lll,
429 1984 575 2045 scribens:
598 1988 789 2062 «Damasus,
809 1983 924 2062 inquit,
944 1986 1022 2063 Papa
1039 1981 1185 2057 decrevit,

119 2079 154 2121 ne
167 2062 237 2142 quid
251 2071 353 2126 contra
373 2065 520 2146 episcopos
544 2074 723 2146 presumant
737 2065 955 2141 archidiaconi,
977 2065 1029 2144 qui
1046 2063 1186 2124 dicuntur

119 2141 328 2226 chorepiscopi,
344 2146 448 2224 idest,
464 2148 601 2210 villarum
615 2155 644 2209 et
661 2148 817 2228 regionum
835 2147 973 2228 episcopi.
992 2171 1005 2200 a
1024 2146 1186 2207 concilium

119 2227 297 2289 londinense
314 2247 363 2290 an.
382 2231 461 2292 last
480 2249 547 2292 coo.
571 2233 680 2292 litora.
699 2231 737 2292 15
761 2227 817 2292 col.
836 2231 912 2292 lldl
940 2223 1051 2290 collect.
1080 2224 1188 2288 labbei

119 2305 256 2386 dmoni,
275 2317 308 2370 ut
322 2310 530 2374 archidiaconi.
557 2337 571 2366 a
596 2315 631 2374 ln
647 2329 768 2374 suorum
785 2311 978 2373 decanatuum
995 2308 1187 2372 conventibus

116 2391 276 2453 sacerdotes
285 2394 413 2455 maxime
425 2395 457 2456 in
468 2393 515 2456 his
529 2391 665 2456 studeant
678 2393 812 2472 undu,
828 2394 965 2456 docentes
979 2407 1043 2470 eos,
1059 2393 1186 2471 qualiter

116 2473 185 2534 circa
208 2473 407 2554 baptismam,
433 2477 652 2557 poenitentiam,
679 2475 886 2538 eucharistiam
911 2484 942 2536 et
964 2474 1187 2536 matrimonium

115 2553 238 2617 debeant
258 2574 291 2617 se
303 2556 454 2620 haberer
482 2558 559 2621 vide
578 2559 803 2622 Thomassinum
826 2577 895 2642 por.
915 2561 929 2620 l
957 2553 1048 2618 tito
1072 2574 1140 2638 cop.
1166 2555 1185 2615 7

114 2655 193 2699 nam.
208 2641 225 2700 1
242 2641 300 2700 etl
311 2647 382 2701 om.
399 2644 413 2702 l
428 2658 501 2722 pop.
515 2642 586 2720 150,
599 2639 672 2703 adit.
683 2639 733 2702 eit.

150 2719 190 2801 (ὅ)
211 2722 403 2784 Innocentius
422 2725 463 2784 lll
487 2722 521 2784 ie
545 2740 612 2805 cop.
638 2725 656 2784 7
681 2720 718 2784 de
744 2718 827 2806 offic.
853 2715 1020 2784 archidiac.
1041 2725 1186 2780 memorat

112 2797 238 2865 ducam
253 2801 372 2866 rurales
386 2803 465 2866 vices
478 2813 612 2886 gerentes
627 2804 674 2866 vel
692 2804 835 2885 episcopi,
854 2802 901 2864 vel
919 2799 1116 2862 archidiaconi
1130 2817 1184 2860 ur-

113 2879 191 2962 bani,
217 2885 268 2944 vel
289 2887 460 2966 utriusque,
486 2905 559 2966 quos
573 2888 620 2948 vel
635 2887 791 2958 alteruter,
813 2884 859 2946 vel
875 2891 1000 2964 uterque
1020 2901 1073 2944 suo
1090 2881 1187 2945 lubitu

112 2965 302 3027 constitueret
328 2975 417 3046 atque
445 2975 605 3031 amoveret.
634 2969 806 3031 Emmanuel
830 2966 971 3030 Gouralea
994 2966 1027 3027 in
1047 2965 1124 3027 notis
1148 2969 1187 3028 ad

111 3045 308 3128 buncloeum,
319 3049 410 3112 verbo
420 3049 822 3130 rerelee‚interpretatureos
831 3067 893 3112 ease
901 3047 1183 3130 archipresbyteros.

159 3130 190 3212 l)
214 3133 292 3213 Cap.
312 3135 324 3193 l
343 3129 380 3194 de
396 3135 421 3194 0
472 3132 596 3196 .ordia.
613 3133 646 3194 in
660 3135 691 3194 6.

159 3215 189 3296 b)
213 3209 310 3275 ctae.
327 3213 395 3276 lde
462 3215 551 3299 eaipt.

153 3379 183 3484 ς.
230 3379 418 3454 LXXXIV.
463 3381 550 3456 Sunt
590 3400 624 3457 et
662 3385 790 3475 vicarii,
821 3387 879 3484 qui
907 3383 958 3456 vel
1002 3398 1183 3482 perpetuo,

111 3479 157 3552 rel
181 3479 228 3550 ad
253 3495 383 3578 tempos
399 3485 567 3554 constituti
593 3485 777 3554 animarum
803 3507 915 3554 curam
937 3481 1184 3572 administrant,

111 3603 181 3674 quae
217 3578 368 3668 debitae,
394 3582 443 3650 uti
472 3597 608 3672 vocant,
637 3605 738 3679 penes
769 3579 846 3652 alios
884 3597 934 3652 est
968 3596 1104 3678 propter
1135 3605 1185 3652 ec·

110 3677 242 3748 ciceiam
262 3675 498 3772 parochialem,
521 3703 596 3775 qum
612 3681 758 3777 ipsorum
784 3679 941 3770 ecclesiis,
967 3679 1183 3764 monasteriis,

109 3773 274 3869 collegiis,
307 3773 452 3873 locisque
495 3780 556 3874 piis
593 3779 768 3876 conjuncta
811 3794 859 3850 est
896 3777 966 3874 (1).
1002 3775 1059 3846 llis
1099 3790 1186 3846 certa

109 3871 279 3945 buctuum
309 3875 417 3968 portio
442 3877 603 3973 exipsius
626 3875 768 3948 ccclesias
794 3875 953 3966 reditibus
982 3870 1185 3944 detrahenda

109 3973 253 4068 episcopi
292 3969 425 4044 arbitrio
451 3972 606 4046 tribuitur
634 3973 701 4072 (ἢ).
741 3973 836 4072 Saepe
865 3976 962 4046 etiam
992 3972 1182 4068 episcopus,
