3122 5170
504 375 726 460 ...677-

377 529 385 543 ’
421 536 581 630 potestate
613 525 794 622 privaretur
829 524 895 624 (l).
930 521 1055 596 Verum
1080 547 1148 596 non
1173 555 1203 603 ,-

508 623 717 696 Innocentius
752 621 799 694 Ill
841 626 877 694 in
915 619 1053 696 concilio
1083 621 1148 692 La·
1184 673 1193 712 5

495 721 571 800 'ene
597 719 744 793 tollendo
773 723 893 792 acriore
919 721 1026 794 studio
1053 716 1188 796 tabo-.-‘
1255 763 1257 766 ·

604 834 643 890 ut
673 843 772 891 nemo
812 817 892 890 duas
923 819 1019 890 simul
1047 841 1149 915 paro·

605 933 767 1023 geonatus
805 916 968 1005 obtineat,
1012 920 1149 1015 ipsoque

626 1070 637 1106 ,
683 1019 741 1114 qui
776 1014 916 1087 alterum
951 1017 1020 1086 sine
1055 1008 1147 1087 venia

7 1119 103 1216 ᾖ(
143 1149 193 1250 Q
596 1129 645 1184 est
677 1140 716 1186 ac
749 1129 889 1212 utroque
923 1116 1087 1212 privetur,
1122 1115 1149 1183 si

38 1223 159 1321 (δὴ).
538 1239 558 1283 e
594 1211 661 1308 (2).
694 1211 816 1282 Eadem
849 1236 982 1310 quoque
1019 1215 1144 1284 ratione

15 1321 104 1452 (θα
490 1313 544 1382 aio
560 1313 656 1383 vetita
670 1325 719 1382 est
736 1309 804 1407 (5).

7 1455 23 1512 it
421 1481 449 1519 c.
464 1477 525 1520 ooo
537 1457 628 1520 reeid.
644 1457 686 1541 (ἓ)
701 1461 775 1541 Cap.
791 1460 831 1522 28
845 1457 882 1520 de
894 1455 990 1518 Praeb.

383 1559 476 1603 accae.
490 1539 585 1625 preb.

13 1037 46 1102 ².-
88 1061 138 1138 ,Φ

316 1687 465 1784 Denique
507 1684 692 1758 Tridentini
737 1685 865 1772 Patres¹
895 1683 970 1755 alias
1016 1681 1148 1756 edidere

242 1837 253 1851 t
280 1808 354 1880 quae
384 1783 694 1856 aLateraneusibus
720 1783 862 1857 conciliis
901 1783 1030 1853 suerent
1063 1807 1147 1854 con·

184 1935 209 1970 1,
249 1879 422 1978 diligenter
460 1881 720 1956 observarentur.
762 1881 879 1980 Itaque
920 1883 1057 1952 vetitum
1100 1895 1149 1950 est

128 2039 136 2047 .
168 1979 306 2070 clerico,
338 1982 452 2078 quovis
484 1980 603 2073 titulo,
644 1984 742 2054 etiam
782 1985 925 2054 ommes
962 1996 1020 2050 aut
1053 2004 1148 2052 com-t

82 2078 234 2166 tuendae,
277 2077 387 2174 plures
424 2079 521 2150 simul
565 2079 713 2152 conferre
754 2079 900 2151 ecclesias
950 2075 1148 2149 cathedrales

79 2191 134 2246 aut
168 2173 326 2248 beneficia
365 2192 474 2250 curata
513 2195 547 2250 et
586 2193 715 2270 cetera,
756 2203 831 2276 quae
862 2177 1148 2274 incompatibilia

79 2270 252 2365 dicuntur,
283 2276 430 2374 jussique
467 2293 547 2348 sunt
575 2278 683 2374 primo
719 2275 879 2350 beneficio
920 2271 1054 2362 cadere,
1085 2275 1144 2370 qni

77 2368 216 2444 alterum
256 2390 513 2471 consequuntur.
561 2375 610 2448 Ex
657 2373 789 2473 reliquis
831 2399 908 2447 vero
957 2369 1145 2458 beneficiis,

79 2493 152 2565 quae
177 2473 422 2570 competibila'u
450 2471 606 2564 dicimus,
637 2475 695 2544 uni
726 2473 842 2546 clerieo
871 2469 968 2570 plura
1005 2470 1144 2541 conferri

78 2585 231 2662 possunt,
263 2569 395 2668 quando
427 2597 531 2642 unum
551 2575 625 2643 satis
659 2587 819 2662 nonest,
851 2586 889 2642 ut
918 2570 972 2642 ille
1009 2567 1144 2641 honeste

78 2691 113 2737 oe
137 2666 292 2739 decenter
316 2668 479 2766 vivat(l).

116 2839 158 2923 (r)
179 2809 268 2903 cine.
291 2841 374 2904 viru.
395 2859 467 2904 sess.
483 2844 502 2903 ⁷
516 2861 582 2985 cap.
595 2845 615 2904 n
629 2845 702 2910 at,
718 2851 826 2905 atsto.
845 2845 884 2905 aa
898 2859 965 2924 cap.
983 2843 1020 2902 tr
1035 2835 1070 2901 ae
1083 2837 1142 2921 res.

77 2923 173 2984 Exstat
182 2925 272 2984 etiam
286 2923 323 2984 de
336 2925 543 3002 incompatibili
566 2944 600 2986 us
614 2924 762 2986 benefieiis
776 2925 943 2986 constitutio
959 2926 1043 2986 toan.
1060 2925 1145 2987 XXII

75 3005 106 3064 in
119 3007 249 3067 Extrov.
271 3001 453 3069 Execrobt'lia
468 3004 503 3068 de
527 3005 638 3078 Preb.,
654 3007 692 3068 de
711 3026 768 3087 qua
790 3016 886 3068 actum
905 3005 961 3067 luit
983 3001 1035 3066 tit.
1058 3005 1071 3064 l
1094 3003 1141 3067 tit.

77 3089 174 3150 decet.
188 3091 207 3151 5
220 3107 292 3172 pap.
308 3089 384 3162 tet,
399 3095 429 3148 et
444 3107 501 3168 qua
517 3090 660 3151 sancitum
671 3097 730 3166 est,
746 3097 779 3150 ut
793 3087 953 3150 seeundum
967 3085 1143 3149 beneficium

76 3179 226 3248 curatum,
249 3171 296 3231 vel
317 3167 473 3232 secundam
497 3171 669 3254 dignitatem
696 3171 854 3250 accipiens,
880 3171 936 3231 nisi
961 3169 1059 3230 statim
1082 3171 1145 3248 pri-

77 3269 157 3313 mum
178 3253 324 3320 dimittat.
349 3259 474 3331 utroque
505 3255 653 3333 privetur,
678 3261 765 3332 atquc
789 3254 990 3332 inposterum
1014 3270 1030 3311 a
1057 3253 1145 3313 samis

76 3332 246 3411 ordinibus,
265 3344 328 3395 eta
352 3335 501 3396 benefieiis
519 3337 693 3416 repelletur,
717 3343 805 3414 atque
822 3335 918 3396 ultimi
940 3333 1074 3395 beneficii
1088 3333 1144 3394 col·
1202 3357 1206 3372 ·

75 3415 142 3478 latio
163 3435 279 3479 summo
291 3420 376 3484 Pont.
392 3425 568 3479 reservetur.
583 3422 653 3482 Late
664 3435 697 3480 ea
710 3415 748 3478 de
765 3436 799 3478 re
811 3417 939 3499 disputat
960 3416 1079 3496 Rigant.
1101 3414 1142 3476 ad

75 3497 169 3582 repul.
186 3505 200 3562 l
221 3497 340 3561 cancell.
356 3497 382 3582 S.
397 3501 483 3582 Bper
496 3509 547 3562 tot.

121 3653 151 3755 §.
180 3653 276 3726 XVI.
322 3653 427 3728 Hodie
467 3657 565 3750 igitur
595 3658 633 3728 iis
671 3657 797 3728 utimur
833 3653 977 3750 legibus,
1015 3676 1090 3748 qum
1121 3677 1139 3722 a

75 3753 167 3824 Trid.
213 3751 339 3851 synodo
378 3759 562 3828 constitute
608 3771 697 3827 sunt.
741 3755 815 3827 Duo
857 3749 1140 3851 incompatibtlt'a

75 3849 252 3942 beneficia,
279 3850 387 3948 qualia
420 3871 497 3926 sunt
528 3855 705 3949 generatim
733 3854 841 3927 omnia
871 3851 945 3949 (l),
972 3873 1047 3948 quae
1076 3846 1139 3918 ha-

75 3947 155 4022 bent
187 3975 300 4022 curam
336 3953 537 4044 animarum,
579 3979 655 4052 quae
696 3952 861 4040 officium,
909 3963 1138 4046 personatum,
