3122 5170
504 453 787 532 .-751-

133 599 235 662 eodem
260 600 428 682 exigerent,
447 608 498 662 out
521 601 644 682 otiemo
666 597 772 682 'sponte
797 603 937 665 dontibus
957 605 1136 684 acciperent,
1162 605 1206 668 uti

132 691 212 760 potet
226 701 261 744 ex
271 689 364 744 ooost.
381 684 524 779 Supremo
534 683 612 746 edito
627 684 675 746 die
690 683 1094 768 tmaii1515§.to.uodio
1114 686 1206 768 igitur

132 763 196 824 hmo
215 766 319 826 Leonis
340 767 526 842 constitutio,
541 773 572 827 et
595 785 661 846 quse
680 766 738 848 legi
756 767 830 828 solet
849 769 881 828 in
901 767 949 828 dio
970 772 1066 830 Cmnae
1089 770 1205 830 Domini

131 845 312 908 observando
332 855 391 922 est,
405 866 477 927 quos
491 849 612 927 quidem
636 849 857 912 constitutiones
871 869 929 910 uno
944 867 1011 910 eum
1021 851 1126 912 oeteris
1138 869 1204 912 eon-

131 927 267 990 eiliorum
280 929 420 999 decretis,
440 949 506 1008 quo
518 930 556 992 nd
569 931 789 992 eeclesiasticam
806 933 1022 994 immunitatem
1038 935 1203 1013 pertinent,

131 1009 169 1070 ab
191 1011 327 1073 omnibus
345 1011 503 1093 diligenter
523 1013 672 1076 observari
691 1012 776 1094 jubet
797 1033 882 1084 eone,
910 1014 1047 1078 Trideot.
1066 1033 1139 1078 sess.
1165 1017 1204 1078 25

132 1111 199 1175 cop.
219 1095 259 1156 50
273 1091 309 1156 de
323 1093 450 1176 resono.

179 1267 211 1370 §.
240 1270 301 1345 lv.
328 1273 394 1346 Sed
421 1299 545 1364 onero,
575 1298 649 1372 quoe
681 1273 776 1347 bonis
814 1273 995 1364 inhorrent,
1032 1277 1131 1346 etism
1162 1275 1203 1346 ob

132 1371 269 1442 ecclesiis
310 1371 485 1470 pendendo
521 1391 599 1444 sunt
633 1372 706 1470 (1),
741 1371 840 1445 modo
877 1399 917 1446 ex
952 1375 990 1444 iis
1027 1371 1121 1444 bonis
1147 1399 1204 1446 eo-
1313 1395 1318 1400 ’

131 1467 225 1539 clesio
255 1468 391 1542 lundata
415 1486 449 1541 et
477 1475 652 1544 constituto
679 1473 810 1544 nonsit
839 1471 916 1569 (2),
945 1488 977 1543 et
1004 1470 1103 1543 modo
1122 1497 1204 1638 per·

129 1583 267 1662 petuum
301 1585 383 1640 esset
429 1571 543 1666 reique
578 1571 717 1642 infixum
745 1595 846 1658 onus,
877 1585 1052 1666 autequam
1083 1595 1120 1640 eo
1145 1595 1198 1640 em

130 1663 171 1734 od
198 1667 364 1738 ecclesiam
393 1671 602 1766 pervenirent
616 1668 682 1765 (5)
703 1668 917 1742 Ecclesiorum
945 1667 1039 1739 bonis
1062 1693 1202 1764 aequan-

130 1778 186 1834 tur
242 1763 327 1836 bono
388 1768 680 1857 monasteriorum,
737 1765 964 1862 hospitalium,
1017 1765 1201 1853 similium,

129 1863 276 1958 itemque
315 1863 422 1954 bono,
456 1865 492 1933 in
519 1863 639 1961 quibus
671 1889 799 1935 ssorum
832 1863 938 1934 clerici
968 1865 1203 1960 patrimonium

131 1975 178 2030 est
207 1963 441 2050 constitutum,
472 1988 548 2032 nam
588 1961 662 2034 haeo
688 1961 835 2032 similiter
858 1963 992 2032 insitum
1022 1961 1144 2031 hubent
1169 1963 1204 2030 in

130 2082 164 2128 se
216 2059 424 2155 privilegium
466 2062 702 2149 immunitatis,
753 2062 846 2156 cujus
893 2063 994 2155 gratio
1047 2059 1203 2130 laieorum

131 2155 261 2226 tributis
287 2172 320 2227 et
345 2159 499 2230 oneribus
530 2183 599 2229 non
628 2157 866 2258 subjiciuntur,
904 2174 1009 2228 cetero
1045 2181 1121 2230 vero
1149 2181 1204 2254 pa·

130 2255 323 2326 trimoniolia
349 2256 435 2328 bono
477 2253 669 2328 clericorum
700 2281 769 2328 non
799 2255 916 2328 eodem
953 2257 1087 2330 omniuo
1122 2279 1203 2325 oen·

128 2368 242 2424 sentur
271 2355 366 2451 jure,
402 2379 469 2452 quo
501 2354 588 2427 bono
623 2353 854 2446 ecelesiarum,
891 2353 948 2426 sed
991 2356 1029 2424 iis
1072 2369 1201 2426 tanturn

42 2533 44 2540 Α
130 2450 275 2543 gaudent
306 2452 499 2548 privilegiis,
537 2476 613 2550 qum
642 2453 835 2524 nominatim
876 2453 911 2523 in
945 2454 1023 2552 jure
1057 2475 1203 2550 expresso

133 2565 222 2618 sunt.

171 2743 214 2826 (l)
238 2746 312 2806 Con.
335 2747 375 2807 22
397 2765 465 2828 cop.
490 2747 529 2808 55
552 2766 604 2830 qo.
628 2749 667 2824 8,·
694 2766 759 2828 cop.
784 2749 801 2809 5
825 2744 861 2810 ele
884 2745 1025 2830 Pipoor.;
1049 2765 1074 2808 o.
1105 2747 1144 2808 55
1167 2741 1202 2806 rie

129 2825 243 2888 Deoim.
269 2831 370 2908 ltaque
393 2849 410 2890 a
430 2830 541 2890 eunctis
566 2828 701 2907 tributis,
728 2829 817 2890 etiarn
841 2848 907 2909 quor
941 2838 1025 2890 erent
1048 2827 1200 2908 imposita,

129 2916 285 2988 antequem
299 2928 346 2972 res
370 2909 408 2972 od
425 2911 573 2972 eoolesiom
592 2911 774 2990 perveniret,
794 2909 934 2972 immunis
953 2917 996 2971 est
1020 2911 1093 2970 situs
1113 2909 1204 2971 scole·

130 2989 180 3052 siae
204 3009 238 3054 ao
263 2993 423 3054 ooemeterii
445 3011 499 3074 pro
520 2993 696 3072 sepulturis,
725 2993 830 3054 hortus
852 2992 936 3072 juxto
957 2991 1106 3052 eoelesiom
1123 2991 1203 3070 posi-

129 3079 193 3148 tus,
208 3081 238 3134 et
256 3075 361 3136 similia
383 3094 452 3136 ooo.
468 3077 507 3136 55
528 3094 594 3158 cop.
617 3075 657 3136 25
676 3095 707 3159 q.
726 3077 757 3137 8.
781 3073 942 3137 Adeundus
960 3079 1089 3156 Fogoon.
1112 3071 1147 3134 in
1171 3092 1199 3134 o.

128 3155 312 3218 Noomious
324 3159 342 3218 5
354 3175 439 3218 oum.
457 3158 476 3218 8
490 3164 593 3241 etseq.
608 3155 789 3219 delmmoo.
806 3154 909 3218 eccles.

170 3236 211 3318 (2)
233 3239 357 3300 Consule
377 3243 506 3320 Fognon.
530 3238 564 3300 io
589 3238 641 3300 cit.
665 3258 731 3322 cop.
757 3239 826 3300 Noo
852 3237 967 3318 minos,
995 3245 1025 3300 et
1049 3236 1200 3302 Giroldum

128 3335 228 3401 expos.
249 3320 322 3381 Jur.
343 3323 432 3384 Poot.
454 3325 557 3402 pomi
584 3317 641 3383 l.5
664 3323 709 3384 tit.
734 3322 938 3384 resectum
963 3329 986 3382 t.
1005 3327 1018 3382 l
1042 3339 1114 3404 pop.
1140 3321 1202 3381 560

128 3419 210 3485 seqq.
238 3401 290 3462 uhi
318 3411 421 3464 cuncto
441 3403 503 3465 lere
524 3401 625 3482 habos,
659 3423 726 3486 qum
753 3405 791 3466 od
814 3404 923 3466 renlem
945 3403 1116 3464 olorinorum
1143 3401 1202 3462 im·

130 3484 304 3544 munitatem
318 3486 481 3564 pertinent.

171 3565 213 3646 (5)
234 3566 310 3628 Vide
334 3571 462 3648 Fognon.
488 3567 521 3629 io
544 3587 612 3712 cop.
637 3567 803 3652 Episcopus
827 3565 896 3631 lde
923 3564 1022 3630 Prot.
1042 3575 1071 3630 et
1090 3565 1198 3650 eliquit.

130 3665 216 3709 oum.
233 3651 272 3710 55
287 3657 398 3734 etseq,
413 3658 442 3710 ot
455 3649 567 3713 Girald.
595 3669 637 3712 oo.
650 3651 702 3712 eit.

491 3883 587 3944 suus
609 3883 701 3944 toul
723 3883 840 3944 tutum.
