3164 5174
514 575 734 649 -275-

107 754 163 800 iero
199 729 356 826 respicere
408 723 506 798 debet
554 725 722 798 dumtaxat
759 722 850 816 illos,
896 751 1038 825 quorum
1072 729 1144 801 tolli

106 825 353 1023 fflpreptum
378 824 460 897 solet
486 841 519 898 et
553 841 681 922 potest,
710 827 808 900 ceteri
845 826 1004 900 inutiliter
1033 842 1150 925 postu-

136 1095 170 1178 (1)
191 1099 262 1179 Cup.
276 1101 289 1158 l
306 1095 342 1158 de
352 1093 506 1178 postulat.

144 1249 170 1352 (.
203 1250 330 1322 XXVI.
369 1250 486 1322 Differt
517 1253 558 1322 ab
608 1249 765 1324 electione
822 1251 1017 1350 postulatio,
1060 1257 1150 1352 quod

107 1347 165 1421 hec
198 1352 307 1446 gratim
335 1353 505 1440 innititur,
542 1349 597 1420 illa
631 1351 718 1446 juri3
756 1349 826 1421 haec
868 1354 1024 1448 superiori
1058 1352 1151 1424 oller-

107 1463 167 1538 tur,
194 1451 249 1546 qui
278 1447 413 1519 idoneus
439 1473 507 1520 non
535 1463 601 1539 est,
631 1465 668 1519 ut
699 1447 740 1518 ab
768 1473 807 1519 eo
839 1449 955 1518 vitium
984 1465 1018 1520 et
1044 1453 1153 1546 irnpe-

109 1543 270 1618 dimcntum
309 1561 452 1636 avertat,
490 1545 543 1617 illa
583 1549 640 1644 qui
675 1561 724 1618 est
763 1545 918 1636 idoneus,
962 1563 999 1618 ut
1037 1545 1157 1620 electus

110 1641 318 1733 confirmetur,
364 1647 399 1715 in
439 1641 617 1734 electione,
663 1667 737 1742 quae
763 1646 825 1714 rite
862 1643 946 1714 lacta
978 1659 1045 1736 est,
1074 1645 1155 1718 elec·

111 1753 185 1810 tores
208 1741 369 1814 consilium
402 1760 527 1814 mutare
568 1769 636 1816 non
674 1757 811 1841 possunt
847 1741 922 1838 (l),
964 1759 1099 1840 possunt
1121 1748 1156 1816 in

111 1837 317 1932 postulatione,
371 1857 545 1939 antequam
595 1867 631 1913 ea
682 1842 838 1938 superiori
889 1838 1043 1912 offeratur
1084 1843 1154 1940 (2),

112 1933 211 2009 electus
237 1942 418 2011 consentire
451 1945 486 2010 in
519 1965 611 2010 suam
654 1937 846 2010 electionem
881 1955 1009 2036 potest,
1038 1957 1155 2039 postu·

106 2031 176 2107 latua
206 2063 274 2111 non
312 2051 438 2136 potest,
481 2041 541 2108 nisi
567 2037 627 2109 sub
663 2037 867 2126 conditione,
892 2039 917 2108 si
945 2037 1058 2110 eadem
1086 2056 1154 2110 rata

105 2131 263 2224 habentur,
290 2135 431 2234 denique
459 2135 573 2208 electio
597 2164 615 2206 a
653 2136 767 2233 majori
806 2133 1031 2230 suffragiorum
1062 2154 1155 2234 parte

103 2231 272 2326 perficitur,
305 2234 493 2332 postulatio,
525 2251 564 2304 ut
590 2233 768 2331 probetur,
793 2233 872 2305 duas
904 2233 1018 2306 saltem
1040 2261 1154 2308 eorum

104 2348 196 2424 partes
206 2332 369 2405 desiderat
383 2333 449 2430 (5).

132 2503 168 2584 (1)
189 2507 263 2589 Cap.
284 2509 324 2567 58
339 2505 373 2568 de
387 2504 470 2568 elect.

131 2587 167 2668 (2)
188 2593 260 2672 Cap.
277 2593 297 2650 l
312 2585 499 2670 depostulet.

130 2667 166 2748 (l)
191 2674 264 2754 Cap.
282 2668 500 2752 3dcpostulot.

137 2825 164 2923 ).
188 2825 335 2898 XXVII.
377 2826 417 2898 ln
443 2829 555 2898 ceteris
592 2825 706 2898 eadem
745 2841 794 2898 est
824 2824 988 2896 electionis
1020 2841 1054 2896 et
1081 2852 1152 2922 pos·

97 2921 245 2996 tulationis
273 2926 376 3010 ratio;
416 2939 450 2996 et
477 2927 534 3022 qui
570 2925 730 3020 eligendi,
774 2927 797 2994 ii
835 2927 932 2995 etiam
965 2923 1152 3020 postulandi

94 3021 136 3115 jus
172 3023 312 3096 habent.
356 3023 495 3096 Praestat
531 3039 641 3096 tamen
689 3023 803 3096 electio
847 3021 1077 3119 postulationi,
1120 3041 1153 3095 et

96 3118 156 3191 ideo
181 3126 205 3192 si
235 3147 315 3220 pars
343 3121 474 3217 capituli
513 3121 654 3218 aliquem
694 3121 846 3216 elegerit,
876 3145 949 3216 pars
978 3145 1053 3194 vcro
1081 3147 1153 3218 pos·

95 3217 249 3310 talaverit,
301 3235 373 3290 tum
425 3219 598 3316 postulatio
655 3219 804 3290 electioni
844 3219 1034 3314 praefertur,
1075 3245 1152 3290 cum

93 3319 320 3410 postulantium
364 3343 519 3388 numerus
558 3316 660 3413 duplo
704 3319 806 3414 major
842 3333 890 3388 est
923 3343 1061 3388 numero
1090 3317 1152 3388 eli·
1225 3387 1226 3390 ,

94 3419 227 3505 gentium
275 3416 344 3511 (1).
387 3415 564 3487 Postulatio
600 3432 730 3504 autem,
774 3431 809 3484 ut
850 3413 983 3502 electio,
1031 3420 1154 3486 exami-

93 3513 186 3586 nanda
232 3530 305 3603 est,
337 3529 370 3583 et
411 3513 609 3610 postulantes
646 3513 735 3584 adire
778 3511 899 3584 debent
938 3517 1151 3608 superiorem,

93 3614 140 3704 qui
156 3616 211 3710 jus
251 3611 358 3684 habet
390 3609 622 3684 confirmandae
653 3611 829 3683 electionis.
864 3609 928 3681 Sed
970 3610 1068 3682 hodie
1094 3639 1154 3706 ge-

93 3715 217 3782 neratim
250 3736 388 3799 omnes,
415 3708 533 3806 quibus
560 3708 611 3782 rel
643 3727 739 3800 aetas,
786 3710 837 3782 vel
879 3708 959 3782 alius
986 3713 1155 3806 episcopa-

93 3821 154 3897 tus,
193 3809 250 3880 rel
298 3807 425 3904 quidvis
472 3807 559 3879 aliud
606 3808 841 3904 impedimento
884 3823 950 3896 est,
980 3809 1154 3903 quominus

90 3903 153 4000 eligi
177 3910 333 4005 possint,
360 3933 377 3976 a
399 3905 474 3975 sede
503 3907 684 4004 Apostolica
706 3907 852 3995 reniam,
883 3909 965 3994 sive,
992 3919 1030 3973 ut
1061 3928 1154 4071 prag-

90 4009 189 4078 matici
216 4019 358 4094 vocant,
383 4006 564 4078 indultum
587 4006 816 4102 clipiltilt'totis
840 4006 1012 4099 impetrare
1031 4025 1065 4072 so
1081 4017 1149 4072 ent.

123 4179 162 4262 (Ι)
185 4184 263 4262 Cap.
277 4181 319 4239 to
331 4175 365 4239 de
378 4175 460 4239 elect.
