3140 5168
514 445 735 518 ...ms-

76 590 263 682 distribuit,
296 607 333 662 ut
364 594 398 662 in
425 593 576 664 omnibus
604 592 668 664 diei
696 593 843 690 partibus
873 593 914 664 ad
943 593 1050 665 Deum
1079 595 1152 664 ani-

81 717 177 762 mum
207 715 413 781 revocemus,
459 717 601 788 eumque
637 691 751 763 crebro
784 691 900 764 debitis
942 692 1091 762 laudibus
1119 708 1153 762 et

80 789 209 861 honore
243 814 480 887 prosequamur
507 789 574 886 (1).
611 789 659 860 Ex
684 792 773 888 justa
804 805 915 861 nmen
941 816 1054 879 causa,
1085 815 1153 861 non

81 903 209 960 serrato
231 885 387 959 horarum
408 886 599 978 intervallo,
619 886 767 960 divinum
782 886 928 960 officium
951 891 1012 959 rite
1030 887 1157 984 persol-

82 989 176 1056 vitur
199 983 272 1082 (2),
304 1011 417 1056 verum
442 985 624 1057 curandum
639 1001 710 1076 cst,
730 1000 767 1055 ut
793 1009 933 1081 vespere
952 1003 984 1057 et
1010 985 1156 1082 comple-

82 1084 207 1155 torium
222 1082 451 1180 pomeridianis
473 1083 559 1154 horis
590 1085 788 1175 recitentur,
815 1099 948 1181 excepta
980 1083 1156 1182 quadrage·

82 1183 187 1269 sima,
220 1183 256 1250 in
289 1207 354 1279 qua
378 1183 512 1254 fictione
538 1184 690 1253 canonica
718 1206 860 1279 vesperae
885 1197 961 1252 ante
986 1181 1154 1253 meridiem

81 1278 302 1350 celebrantur.
321 1277 388 1350 Sed
399 1296 433 1351 et
443 1282 640 1350 matutinum
657 1283 820 1378 sequentis
836 1279 900 1351 diei
919 1295 994 1376 post
1010 1277 1156 1378 elapsum
1232 1283 1237 1292 '

83 1375 258 1446 dimidium
284 1393 434 1474 tempus,
451 1377 541 1475 quod
564 1395 613 1450 est
631 1404 649 1449 a
670 1377 806 1450 meridie
827 1377 868 1448 ad
891 1403 1039 1450 occasum
1060 1377 1153 1466 solis,

83 1475 238 1572 privatim
261 1478 387 1546 recitari
419 1491 527 1574 potest
549 1476 616 1575 (5).

125 1645 169 1730 (l)
189 1649 313 1709 Consule
334 1647 415 1710 card.
433 1649 570 1710 Bellarm.
586 1646 622 1710 de
633 1646 700 1710 bon.
716 1665 799 1731 oper.
815 1645 865 1710 lib.
880 1650 894 1710 l
913 1665 977 1730 cop.
994 1647 1032 1708 l8
1049 1653 1120 1708 tom.
1136 1648 1157 1706 l

80 1747 155 1812 paq.
173 1731 233 1791 550
246 1728 273 1810 §.
303 1727 360 1792 Sed
385 1729 533 1826 quidquid
546 1729 602 1808 sit,
617 1738 646 1792 et
666 1749 727 1814 seq.
750 1728 797 1791 ed.
830 1732 930 1792 Venet.
958 1730 1048 1790 1711.
1069 1728 1157 1790 Statis

83 1821 184 1872 autem
203 1811 285 1872 horis
303 1812 396 1872 divim
414 1811 502 1873 officii
519 1813 598 1874 varia
616 1811 790 1873 tribuuntur
806 1812 963 1892 mysteria,
982 1829 1048 1890 quoe
1067 1809 1157 1870 tradit

84 1894 167 1955 card.
185 1897 264 1956 Bona
278 1891 314 1954 de
325 1892 420 1956 divio.
434 1891 544 1977 psalm.
563 1913 631 1977 cop.
652 1892 711 1975 iS.
729 1901 758 1955 et
778 1912 838 1978 seq.
854 1893 911 1958 Sed
921 1894 994 1954 illud
1010 1893 1040 1952 in
1056 1891 1158 1972 primis

84 1983 215 2053 constat,
235 1975 314 2054 qnod
338 1976 420 2038 horsa
443 1977 705 2040 canonicaadivinis
723 1975 849 2038 addictae
865 1975 1002 2036 laudibus
1019 1974 1158 2054 mysteria
1210 2037 1215 2051 ,

84 2057 229 2119 exhibent
247 2065 354 2120 nostras
372 2057 599 2138 redemptionis,
619 2067 648 2120 et
666 2058 719 2118 has
736 2058 857 2136 quidem
878 2058 1013 2138 mysticas
1031 2057 1158 2118 rationes

85 2148 205 2201 enarrat
217 2149 318 2200 auctor
332 2143 439 2222 Apost.
454 2143 552 2202 corut.
570 2137 620 2202 lib.
635 2143 694 2202 81.
711 2141 750 2201 51
764 2159 836 2223 paq.
850 2143 910 2202 110
923 2137 978 2201 loc.
993 2139 1044 2200 cit.

128 2219 171 2302 (2)
192 2223 336 2283 llittimus
357 2241 391 2282 ea
409 2223 440 2282 in
453 2241 486 2284 re
508 2222 641 2284 duriores
655 2223 874 2301 superioresque
886 2220 1079 2302 quorumdam
1094 2221 1159 2298 opi-

86 2303 191 2364 niones
212 2322 245 2363 ac
267 2307 418 2382 sequimur
434 2305 624 2378 sententiam,
648 2323 735 2383 quam
756 2312 785 2364 et
807 2307 941 2383 seqnitur
963 2303 1072 2364 Bened.
1089 2304 1158 2364 xlv

85 2387 165 2446 lost.
181 2381 247 2446 eccl.
267 2388 307 2448 nt
328 2383 354 2468 S.
375 2388 408 2462 9,
424 2390 455 2448 S.
472 2386 608 2461 Thomu,
623 2387 675 2464 qui
699 2386 733 2447 in
747 2385 883 2464 Quodlib.
907 2388 925 2446 5
949 2405 979 2468 q.
1006 2386 1045 2445 11
1064 2391 1122 2444 ort.
1140 2385 1153 2443 1

86 2467 179 2528 habet
192 2465 276 2528 boec:
298 2491 312 2523 ι
327 2468 544 2530 consideranda
559 2476 603 2530 cst
617 2469 741 2530 intentio
756 2469 879 2549 ejusqui
891 2469 1032 2547 prevenit
1043 2475 1159 2546 tempus

83 2549 116 2609 in
129 2549 283 2612 matutinis
306 2549 453 2628 dicendis,
472 2551 518 2612 vel
538 2553 569 2612 in
589 2551 821 2630 quibuscumque
844 2549 924 2612 horis
949 2548 1105 2610 canonicis.
1128 2549 1157 2608 Si

87 2631 169 2692 enim
183 2629 240 2692 hoc
249 2631 317 2692 facit
328 2641 449 2712 propter
460 2633 624 2709 lascivium,
648 2641 682 2694 ut
693 2633 802 2694 scilicet
820 2633 947 2712 quietius
960 2629 1159 2692 somnolentiae

87 2721 117 2773 et
135 2712 278 2794 voluptati
294 2723 391 2792 vacet,
416 2733 476 2776 non
497 2723 541 2776 est
562 2715 671 2794 absque
694 2723 821 2794 peccato.
849 2716 879 2778 Si
901 2731 970 2774 vero
996 2712 1051 2773 hoc
1073 2712 1159 2772 iaciat

85 2803 209 2874 propter
222 2797 423 2858 necessitatem
432 2797 580 2858 licitarum
591 2805 620 2857 et
631 2797 820 2858 honestarum
834 2796 1072 2876 occupationum,
1089 2801 1157 2874 puta

87 2878 111 2937 si
125 2877 248 2938 clericus
260 2885 310 2939 aut
331 2879 470 2960 magister
484 2879 572 2940 debet
585 2879 687 2939 videre
707 2880 845 2941 lectiones
866 2897 931 2939 suas
946 2877 983 2936 de
997 2883 1097 2952 nocte,
1112 2875 1158 2936 vel

90 2965 213 3038 propter
223 2959 335 3039 aliquid
348 2960 534 3040 hujusmodi,
549 2961 628 3022 licite
641 2969 736 3040 potest
753 2980 819 3022 sero
833 2959 931 3022 dicere
945 2959 1118 3035 matutinas,
1130 2966 1160 3018 et

87 3041 119 3100 in
145 3041 211 3102 aliis
235 3042 317 3103 horis
340 3043 485 3104 canonicis
508 3051 625 3122 tempus
651 3045 829 3122 prevenire,
851 3045 927 3104 sicut
950 3041 1037 3101 ctiam
1059 3039 1159 3102 hocin

85 3121 267 3185 solemnibus
281 3123 407 3198 ecclesiis
420 3124 468 3200 lit3
483 3125 550 3204 quia
571 3123 676 3184 melius
698 3133 742 3184 est
765 3129 826 3186 Deo
843 3135 1002 3202 utrumque
1016 3123 1157 3196 reddere,

86 3205 198 3265 scilicet
220 3211 249 3266 et
271 3205 384 3268 debitas
404 3206 504 3267 laudes
520 3214 549 3266 et
562 3205 618 3266 alia
635 3205 757 3267 honesta
772 3207 882 3286 officia,
908 3223 995 3285 quam
1015 3205 1094 3284 quod
1107 3223 1161 3284 per

88 3305 185 3348 unum
200 3287 280 3348 aliud
294 3287 483 3367 impediatur.
501 3313 515 3342 s

131 3367 174 3448 (5)
196 3368 356 3430 Adeundus
367 3373 438 3431 Ben.
452 3373 521 3432 XlV
536 3373 612 3432 lost.
629 3367 695 3431 eccl.
709 3372 749 3434 nt
762 3367 789 3451 S.
805 3371 844 3431 10
858 3379 886 3432 et
898 3373 975 3432 lost.
993 3373 1049 3432 107
1061 3387 1092 3429 n.
1108 3371 1157 3429 11.

135 3523 166 3626 §.
193 3521 286 3598 Vlll.
313 3527 409 3598 lnitio
440 3551 509 3597 non
543 3525 648 3598 solum
674 3525 803 3616 clerici,
836 3526 1015 3598 sedetiam
1044 3524 1159 3597 fideles

85 3623 159 3694 laici
187 3621 229 3694 ad
261 3623 407 3694 divinum
446 3626 592 3696 officium
632 3624 864 3698 celebrandum
898 3624 1043 3724 quotidie
1074 3647 1159 3694 con-

87 3721 284 3808 veniebant,
308 3737 438 3793 etcum
467 3723 590 3793 clericis
617 3722 799 3820 psallebant
826 3739 859 3796 et
888 3722 1048 3794 canebant
1087 3719 1156 3818 (l).

87 3817 214 3890 Verum
255 3818 288 3888 id
325 3835 448 3892 veteres
478 3821 642 3892 christiani
684 3821 845 3894 faciebant
883 3836 1000 3918 sponte
1039 3845 1094 3889 sua
1127 3835 1161 3889 et

87 3919 213 3988 incitati
240 3915 347 3990 studio
372 3920 522 4015 pietatis,
563 3945 629 4017 quo
661 3919 849 4010 fervebant,
874 3945 950 3991 cum
983 3917 1071 3989 nulla
1109 3915 1160 3988 lex

88 4028 192 4106 esset,
234 4040 308 4112 quae
347 4015 465 4088 laicum
510 4034 702 4116 occupatum
741 4017 871 4091 assiduis
919 4015 1082 4088 laboribus
1119 4015 1159 4086 ad
