3142 5188
797 407 1019 480 -600-

367 560 494 634 risibilis
535 561 594 649 ait,
627 574 749 656 praeter
790 557 919 630 cultum
948 557 1137 642 internum,
1178 551 1302 624 habere
1343 557 1437 626 etiam

366 658 464 730 debet
498 673 689 746 externum,
719 660 776 755 qui
813 659 921 728 omnis
953 655 1101 726 comittit
1130 654 1166 721 in
1208 652 1438 722 communibus

366 755 533 854 precibus,
563 758 598 825 in
616 758 712 826 sacris
743 755 881 842 ritibus,
910 755 946 825 iu
974 748 1159 838 sacrificiis,
1188 751 1225 820 in
1255 775 1439 822 sacramen-

365 872 477 928 torum
515 851 815 942 administratione;
861 851 1002 948 ideoque
1046 849 1196 918 instituta
1235 865 1314 919 sunt
1354 847 1438 938 ioca,

367 953 409 1024 ad
446 977 525 1050 quae
566 951 731 1023 christiani
769 965 1021 1038 concurrerent,
1065 961 1105 1018 ut
1128 945 1247 1018 divinis
1284 951 1440 1046 sacrisque

369 1051 467 1124 rebus
489 1074 623 1148 operam
648 1049 777 1122 darent.

416 1147 449 1249 §.
486 1149 530 1220 ll.
570 1148 645 1218 Jam
682 1148 760 1219 inde
798 1147 839 1218 ab
881 1145 1103 1244 apostolorum
1141 1159 1239 1214 etate
1280 1143 1442 1214 christiam

368 1263 456 1319 certa
501 1245 688 1318 habuerunt
723 1247 815 1336 loca,
857 1245 899 1315 ad
926 1269 1001 1341 quae
1030 1242 1220 1339 frequenta
1274 1245 1441 1314 convenie-

265 1355 269 1364 '
370 1347 469 1436 bant,
517 1361 554 1415 ut
594 1371 644 1415 res
680 1344 804 1416 divinas
846 1369 884 1415 ac
926 1367 1030 1414 sacras
1070 1357 1226 1438 agerent,
1265 1365 1342 1437 que
1378 1341 1443 1412 loca

370 1441 581 1543 postmodum
621 1443 764 1516 ecclesiae
805 1439 967 1540 appellata
995 1454 1074 1511 sunt
1100 1439 1176 1536 (t);
1213 1438 1358 1510 ccclesia
1397 1441 1442 1510 in-

372 1569 493 1641 quam,
530 1543 639 1640 potius
673 1568 774 1640 quam
812 1539 954 1638 templa,
982 1565 1026 1610 ne
1071 1537 1119 1608 illi
1152 1539 1329 1610 convenire
1363 1537 1443 1609 ride

371 1657 487 1712 rentur
512 1666 589 1711 curu
625 1639 783 1730 ethnicis,
816 1665 916 1736 penes
947 1663 1030 1736 quos
1059 1636 1269 1708 celeberrima
1313 1636 1443 1706 suerunt

609 1739 826 1907 occ
858 1733 1442 1906 ussitidem

374 1935 435 2006 hoc
461 1950 509 2003 est
535 1864 645 2024 iocus,
675 1861 943 2033 iirmiqsuii'sprei'eii
983 1931 1170 2004 funduntur
1195 1931 1272 2026 (ὅ),
1314 1947 1348 2002 et
1366 1859 1443 2004 aliisi

374 2037 572 2119 misticum,
606 2032 667 2104 hoc
702 2051 751 2104 est
780 2033 897 2104 domus
930 2031 991 2102 Dei
1020 2031 1093 2128 (4);
1123 2045 1158 2100 et
1188 2029 1356 2116 bardica,
1384 2055 1444 2126 quo

376 2131 511 2202 nomine
543 2130 749 2228 appellantur
781 2133 877 2226 regiae
912 2128 997 2200 aedes
1032 2129 1073 2198 ad
1113 2126 1292 2198 audiendas
1322 2153 1444 2214 causas,

375 2245 432 2300 aut
459 2227 559 2298 alium
605 2228 776 2326 publicum
817 2255 911 2298 usum
948 2230 1155 2314 constitutae,
1198 2251 1273 2322 quae
1309 2225 1397 2298 aedes
1430 2253 1446 2294 a

377 2329 438 2425 piis
477 2325 732 2423 imperatoribus
758 2329 941 2400 christianis
983 2325 1068 2396 datae
1110 2339 1206 2412 sunt,
1242 2339 1279 2394 ut
1301 2323 1346 2394 ibi
1372 2349 1449 2394 con-

376 2441 492 2495 ventus
515 2441 650 2519 agerent
685 2451 759 2498 suos
779 2425 848 2522 (5),
863 2441 898 2494 et
927 2425 1078 2521 templo,
1108 2449 1175 2520 quo
1194 2425 1323 2493 nomine
1349 2419 1450 2492 chris·

377 2526 456 2594 tiani
495 2528 596 2594 serius
624 2527 674 2594 uti
707 2539 899 2620 coeperunt,
926 2539 1022 2594 antec
1047 2547 1116 2594 non
1144 2519 1338 2608 utebantur,
1373 2547 1449 2591 cum

378 2619 548 2791 ppoprium
586 2639 669 2693 esset
692 2621 900 2693 ethnicorum
926 2621 1003 2718 (6),
1027 2637 1061 2692 et
1092 2621 1212 2708 talitali,
1238 2619 1307 2690 loca
1331 2619 1450 2689 scilicet

410 2745 447 2791 eo
472 2735 675 2810 consecrata,
710 2743 785 2816 quaa
823 2719 1004 2792 sacerdotes
1044 2735 1079 2790 et
1112 2719 1276 2789 ministros
1309 2715 1370 2788 sibi
1397 2716 1450 2786 ad-

378 2817 480 2889 dictos
510 2817 674 2889 habebant
692 2818 759 2914 (7).
785 2816 820 2888 Si
844 2845 945 2914 quam
978 2823 1013 2888 in
1040 2819 1231 2888 memoriam
1256 2815 1447 2914 Prophetae,

379 2931 436 2987 aut
458 2915 627 3014 Apostoli,
660 2933 720 2986 aut
752 2915 907 3014 Martyris
934 2917 1100 2988 ecclesiam
1125 2913 1355 3002 aedificabant,
1381 2939 1448 2986 eam

382 3015 636 3183 Pripplpeteum,
672 3015 915 3114 Apostoleum,
953 3017 1180 3110 Martyrium
1202 3013 1369 3084 christiani
1390 3038 1445 3107 ap-

385 3141 427 3210 pe
452 3139 470 3182 a
494 3128 552 3182 ant
570 3113 636 3209 (8).

421 3275 463 3356 (t)
485 3277 668 3354 Quamquam
685 3283 765 3335 certo
779 3273 920 3335 affirmari
939 3294 997 3336 nou
1016 3275 1121 3354 possit,
1138 3274 1283 3353 apostolos
1298 3273 1380 3333 initio
1397 3269 1444 3330 ha-

382 3359 480 3420 buissc
495 3358 646 3436 ccclesias,
662 3357 763 3437 quales
782 3366 861 3418 certe
878 3375 982 3418 corum
1000 3357 1134 3436 discipuli
1156 3355 1335 3431 habuerunt,
1356 3364 1443 3414 umen

383 3441 564 3521 exploratum
579 3449 642 3515 eat,
661 3441 705 3500 eia
719 3447 797 3500 certa
814 3441 904 3501 inimo
923 3441 1001 3516 ioca,
1019 3440 1049 3500 in
1067 3440 1175 3519 quibus
1192 3457 1282 3518 opera
1306 3433 1445 3518 religionis

382 3523 598 3604 impenderent.
627 3521 712 3598 Quod
735 3523 885 3584 enucleate
905 3523 937 3582 in
958 3523 1061 3601 primis
1082 3531 1112 3582 et
1135 3523 1251 3600 copiose
1275 3520 1445 3582 demonstrat

385 3609 432 3670 Cl.
460 3605 638 3669 ttamachius
667 3603 711 3666 dc’
736 3605 862 3668 memmi
885 3601 928 3664 dc'
949 3603 1099 3686 primitivi
1121 3603 1259 3666 mutiani
1274 3601 1356 3665 tot
1381 3599 1444 3660 ct

382 3687 410 3770 S.
427 3691 447 3750 Ε)
464 3709 549 3752 oum.
576 3691 595 3750 2
620 3695 691 3749 mm.
718 3688 732 3747 i
754 3706 827 3769 pop.
844 3688 904 3749 ‘296
922 3705 984 3782 sep.
997 3686 1150 3750 videndus
1168 3695 1213 3748 est
1230 3685 1319 3748 etiam
1340 3681 1443 3750 ttedus,

384 3770 756 3866 pacidiaridisscrtatione,
776 3770 859 3850 cujus
880 3769 970 3830 veluti
991 3769 1196 3848 compendium
1220 3767 1302 3828 dedit
1327 3761 1444 3846 diopha-

382 3847 763 4018 dimisit
781 3853 945 4012 iuditia
956 3849 1441 4012 {uiiri'iiiiiitiiissii

385 4027 556 4099 argumento
577 4019 716 4080 adversus
741 4035 806 4094 eos,
832 4017 883 4095 qui
901 4012 991 4098 plum
1015 4013 1199 4098 singularem
1219 4023 1247 4076 ct
1261 4033 1366 4076 nouem
1382 4027 1443 4072 atu·
