3134 5144
556 454 776 527 -oer-
903 407 905 414 ’

136 629 246 678 norum
273 609 315 676 irc
338 589 478 677 werris
499 603 688 702 suffragium
718 589 802 677 lerre
827 607 963 704 possum
995 607 1190 700 cardinales,

134 721 162 776 et
190 705 234 774 its
272 701 433 776 conficere
458 705 586 802 justum
620 729 797 775 numerum
838 705 1088 805 suffragiorum,
1119 699 1209 804 ouo·

133 813 205 899 opus'
226 814 295 891 est,
322 818 362 872 ut
395 803 550 874 cononice
592 801 707 874 electio
738 801 933 877 absolvatur.
966 803 1112 896 Omnes,
1136 809 1193 902 qui

133 915 299 996 presentes
329 917 425 990 sunt,
459 899 655 994 cardinales,
686 903 827 998 exceptis
857 901 914 992 iis,
956 904 1071 998 quiin
1099 905 1195 974 sacris
1231 971 1233 976 ,

28 999 29 1092 ]
133 1001 291 1072 constituti
308 1023 376 1070 non
391 1013 470 1070 sunt
493 998 561 1095 (ἢ),
584 1001 641 1098 jus
664 997 787 1070 hubent
803 999 928 1072 serendi
944 999 1107 1099 suffragii,
1132 1025 1195 1072 ne-

28 1103 29 1112 ’
133 1121 189 1192 que
212 1094 330 1194 repelli
356 1100 429 1194 quis
451 1103 579 1193 potest,
607 1095 697 1195 quod
724 1099 1020 1170 excommunicatus
1043 1101 1104 1190 sit,
1129 1113 1202 1172 sus-⁴

131 1219 258 1289 pensus,
277 1195 471 1268 interdictus
489 1195 556 1294 (5).

180 1368 206 1448 ll
229 1372 304 1451 cop.
324 1371 342 1429 6
356 1347 391 1430 ile
405 1365 500 1432 Elect.

177 1451 206 1530 2)
226 1453 293 1512 Pius
311 1455 368 1527 IV,
384 1451 417 1512 in
441 1451 565 1514 dormiit.
585 1453 624 1512 ln
641 1448 783 1534 clipcndis
803 1453 841 1514 75
860 1449 887 1534 S.
908 1455 947 1514 25
970 1463 1039 1514 tom.
1056 1457 1195 1536 lpum?
1289 1489 1292 1498 ·
1393 1489 1397 1498 ·

134 1529 608 1693 palilillirieuitllnieiiili'liot,
634 1615 704 1677 Pius
732 1619 783 1679 Ν.
810 1613 843 1676 in
868 1613 919 1676 cit.
944 1615 1067 1678 constit.
1084 1617 1122 1678 In
1144 1613 1196 1678 eli-

135 1711 154 1774 9
247 1695 274 1777 S.
289 1699 336 1758 29.
359 1698 418 1760 Sed
434 1699 600 1778 precipue,
619 1697 740 1776 qumod
761 1698 884 1762 Romuui
903 1697 1052 1759 Ponticus
1077 1698 1196 1760 electio-

136 1793 201 1837 nem
217 1781 370 1856 pertinent,
390 1789 523 1842 accurate
543 1779 687 1860 descripte
710 1789 780 1842 sunt
805 1781 838 1842 in
862 1779 987 1842 lsudstis
1010 1781 1196 1842 constitutio-

136 1858 215 1920 nibus
232 1863 359 1942 Grrgorii
384 1867 455 1936 XV,
483 1869 571 1942 etque
597 1863 629 1924 in
652 1861 838 1940 libello,‚'cui
863 1862 967 1924 titulus
985 1860 1195 1926 Gcrunoniole

135 1937 271 2006 delubris
294 1941 423 2006 liootooi
448 1943 616 2028 Pontificis,
646 1943 698 2005 ubi
725 1945 813 2006 etism
838 1943 985 2006 habentur
1012 1945 1195 2006 constitutio·

132 2041 191 2102 nes,
209 2045 279 2106 quas
305 2025 464 2088 eordinsles
487 2027 574 2090 initio
600 2027 742 2090 conclusis
762 2045 825 2088 sese
849 2025 1006 2110 diligenter
1030 2035 1195 2090 servaturos

129 2105 211 2182 jurati
223 2107 415 2188 promittunt.

173 2286 202 2388 ς.
227 2287 272 2357 V.
301 2287 475 2387 Episcopos
506 2291 542 2360 in
572 2287 634 2360 illis
668 2285 808 2359 ecclesie
840 2287 1026 2384 primordiis
1058 2285 1196 2384 apostoli

130 2387 183 2480 ipsi
215 2389 476 2478 constituerunt,
510 2390 545 2460 in
578 2388 693 2485 primis
722 2401 831 2456 autem
871 2384 987 2456 Petrus
1028 2411 1063 2457 ce
1090 2399 1126 2456 ut
1161 2401 1195 2456 et

128 2487 274 2582 princeps
306 2489 476 2575 omnium,
513 2512 531 2557 c
564 2510 631 2584 quo
676 2486 856 2582 presertim
892 2411 1117 2556 Occidenteles
1145 2509 1196 2554 ec·

128 2584 225 2656 elesiae
254 2585 418 2677 originem
449 2599 603 2682 repetunt
632 2582 700 2680 (l).
732 2581 856 2652 Verum
879 2581 986 2678 cmplu
1015 2581 1090 2670 illc,
1122 2605 1195 2678 quae

127 2683 158 2749 in
183 2680 337 2780 apostolis
356 2683 478 2774 inerat,
499 2696 638 2779 potestas
665 2681 830 2775 regiminis
866 2693 923 2750 cut
939 2677 1193 2776 jurisdictionis,

24 2819 25 2874 p
127 2803 194 2850 oum
209 2781 290 2878 ipsis
323 2779 476 2876 apostolis
496 2779 672 2876 expiravit,
700 2803 769 2850 non
801 2773 843 2846 ed
874 2801 987 2848 eorum
1011 2777 1046 2846 in
1076 2775 1194 2871 episco-

126 2891 196 2971 patu
227 2901 429 2948 successores
466 2877 619 2948 translatu
656 2891 723 2963 est3
754 2891 885 2946 tantum
910 2873 1000 2946 Petri
1032 2889 1193 2970 potestus,

24 3045 25 3052 ,
125 2977 171 3045 cui
182 2977 288 3048 ceteri
301 2973 473 3066 suberant,
490 2974 652 3046 ordinaris
664 2974 726 3044 luit
739 2989 838 3071 etque
854 2971 896 3042 ud
912 2974 982 3072 ejus
1001 2995 1195 3043 successores

125 3070 237 3146 delerri
255 3071 385 3144 debuit.
406 3073 519 3172 ltaque
543 3075 607 3144 vitu
628 3072 746 3142 iunctis
765 3063 936 3170 apostolis,
956 3086 1086 3141 tuntum
1105 3067 1195 3140 Petri

124 3197 318 3244 successores
333 3171 472 3242 Romani
486 3169 662 3243 Pontifices
681 3171 847 3266 episcopos
864 3169 1060 3240 constituere
1076 3183 1196 3264 potue·

125 3287 196 3342 runt
209 3268 332 3342 codem
347 3271 444 3367 jure,
468 3295 534 3366 quo
549 3269 666 3340 Petrus
682 3269 750 3364 ipse
763 3269 990 3354 constitueram
1009 3281 1107 3364 etque
1127 3263 1195 3336 haec

126 3393 197 3442 sene
209 3367 280 3440 luit
296 3369 507 3438 vetustissime
517 3367 659 3440 ecclesie
675 3365 844 3462 discipline
855 3365 924 3463 (i).

158 3563 200 3645 (l)
221 3564 348 3626 Celebre
374 3570 418 3623 ee
444 3562 530 3638 illud,
553 3563 633 3641 quod
656 3569 839 3642 repugnante
862 3561 982 3622 nemine
1008 3567 1130 3624 cnutus
1152 3569 1196 3622 est

125 3647 311 3707 innocentius
329 3649 341 3706 1
358 3645 443 3728 epist.
464 3647 504 3706 lb
522 3643 563 3705 od
580 3649 700 3707 Decent.
725 3641 876 3726 Bsrpubin.
899 3643 977 3724 spud
995 3643 1195 3706 coustantium

123 3724 174 3788 col.
192 3730 258 3790 856
283 3753 297 3782 ι
319 3726 485 3790 neruum
503 3745 571 3787 cum
592 3730 630 3787 sit
649 3727 851 3802 munilestum,
871 3727 902 3788 in
923 3743 1039 3787 omnem
1061 3727 1193 3801 ltaliam,

125 3810 244 3887 mdiu,
271 3811 441 3888 Hisponiss,
461 3809 588 3871 Airicsm
610 3818 698 3889 etque
715 3807 857 3884 Siciliam,
876 3809 1045 3886 insulasque
1061 3805 1196 3884 adjecen-

124 3897 163 3952 tes
176 3893 297 3954 nullum
314 3892 472 3952 instituisse
486 3888 633 3970 ecclesius,
647 3893 703 3952 nisi
718 3909 782 3966 eos,
799 3907 872 3969 quos
885 3889 1060 3952 venerabilis
1073 3891 1193 3965 Petrus,

121 3981 168 4033 rut
177 3973 244 4054 ejus
259 3991 441 4034 successores
455 3977 673 4054 constituerunt
686 3973 858 4034 secerdotes.
872 3995 885 4024 r

160 4055 204 4136 (2)
225 4056 338 4119 Conler
348 4073 413 4136 que
427 4057 596 4136 scripsimus
610 4056 656 4118 tit.
672 4055 690 4117 ὅ
704 4063 771 4118 sect.
790 4057 803 4115 l
822 4050 849 4133 S.
865 4055 901 4115 15
912 4059 973 4114 not.
991 4055 1020 4114 l.
