3164 5174
547 443 768 518 -501-

132 592 295 688 oipirntur.
337 590 424 664 lllud
445 593 539 665 initio
564 594 744 666 tenendum
775 609 842 684 est,
866 619 965 665 raoua
996 617 1064 665 esse
1090 619 1191 692 opor·

133 704 196 760 tere
237 693 446 764 eeclesiastico
488 691 665 784 beneficia,
699 710 800 764 ntea
837 707 925 764 reete
954 691 1187 764 oonoedantur.

131 786 208 859 Nam
243 791 390 880 collatio,
431 792 513 888 quin
540 793 638 862 etiam
665 792 836 888 promissio
864 789 1017 862 beneficii
1037 816 1107 863 non
1134 817 1193 860 ra-

132 891 244 980 cantis,
272 893 334 962 nisi
358 889 417 960 liat
444 915 464 959 a
486 914 615 962 summo
643 889 824 979 Pontifioe,
845 889 948 967 nulla
978 905 1028 960 est
1054 889 1130 984 (l),
1159 905 1194 960 et

131 987 185 1080 qui
215 991 315 1060 sciens
344 987 491 1085 prudens
518 986 560 1058 ad
582 987 781 1061 beneficium
806 1012 876 1059 non
901 1013 1040 1058 vacuum
1067 989 1192 1058 institui

130 1110 167 1154 se
191 1111 296 1183 passus
318 1087 402 1176 suit,
435 1088 461 1156 is
489 1086 531 1190 ap
564 1085 772 1158 ecelesiastica
800 1087 1031 1160 communione
1062 1084 1193 1182 pellen-

131 1183 190 1254 dus
214 1203 260 1257 est
280 1186 351 1284 (2).
385 1183 513 1256 Deinde
544 1184 673 1258 collatio
702 1184 822 1257 idoneo
852 1199 1019 1282 tempore,
1053 1182 1116 1255 hoo
1145 1199 1194 1255 est

131 1285 212 1354 intra
248 1311 301 1356 sex
339 1309 465 1356 menses
490 1297 539 1354 est
573 1283 774 1382 expedienda
810 1279 878 1380 (5),
904 1308 948 1354 ne
992 1280 1054 1352 hoe
1084 1281 1192 1380 elapso

129 1399 270 1478 tempore
301 1384 359 1480 jus
398 1381 586 1454 conferendi
622 1381 810 1455 devolvatur
841 1379 882 1450 ad
935 1381 1098 1452 roximum
1134 1406 1193 1450 su-

131 1482 284 1576 periorem
316 1480 386 1577 (4),
413 1507 515 1578 eaque
539 1503 608 1552 non
635 1483 742 1578 pretio
768 1481 842 1552 fieri
877 1477 919 1550 de
962 1493 995 1567 t,
1031 1503 1101 1550 non
1133 1478 1194 1548 sub

133 1577 331 1668 conditione,
357 1605 427 1650 non
451 1579 658 1668 alternatim,
692 1603 761 1650 non
789 1578 956 1674 impetrari
984 1577 1195 1673 pertimet

135 1691 268 1767 metum,
280 1703 347 1749 non
356 1703 417 1774 per
434 1677 662 1775 obreptionem
678 1693 711 1748 et
721 1675 978 1772 subreptionem.

177 1836 216 1916 (l)
236 1840 258 1898 C
295 1883 302 1898 .
322 1841 342 1900 2
361 1847 389 1900 et
404 1841 422 1900 7
439 1837 474 1901 de
492 1841 625 1902 corraeos.⁴
641 1836 735 1922 prmo
752 1837 1045 1900 Conoil.'1¹ridentin.
1064 1854 1135 1898 sera.
1153 1837 1193 1897 tt

133 1939 199 2001 cop.
215 1921 250 1980 ts
309 1920 432 2004 reform.
456 1921 508 1982 ubi
525 1923 646 1984 subura
670 1929 739 1982 sunt
760 1921 882 2002 protioe,
903 1939 969 1999 qure
987 1919 1127 1980 dicuntur
1142 1937 1193 1980 aa·

130 2002 278 2082 mutue
300 2011 328 2063 et
347 2003 559 2067 resarootrbrtea
584 2001 727 2066 mortales
744 2011 773 2064 et
792 1999 861 2064 olio
884 2019 1068 2086 quoeunque
1087 2001 1194 2084 protioe

133 2083 339 2250 nappaeapprcp
349 2165 386 2228 de
398 2170 530 2231 Gmaoeaa.
541 2165 635 2252 proeb.
651 2166 1015 2248 Videetiamllep.XX1.
1031 2161 1191 2249 cancellar.

129 2249 302 2392 mgtiotlllpp.
321 2248 437 2326 leode
454 2260 542 2332 atque
562 2249 618 2312 hoa
639 2257 755 2330 tempus
779 2256 951 2310 numeratur
966 2269 981 2308 a
999 2247 1047 2308 die
1071 2247 1194 2328 cognitae

166 2413 208 2496 (a)
233 2416 303 2496 cap.
319 2417 339 2476 a
354 2413 418 2476 eod.

174 2542 204 2644 ς.
242 2545 286 2618 ll.
325 2545 405 2618 Post
428 2545 500 2620 haec
519 2544 723 2642 singulorum
752 2547 868 2616 merita
890 2543 1062 2616 scrutanda
1096 2559 1192 2634 sunt,

124 2659 159 2714 et
205 2646 262 2740 qui
297 2647 411 2717 ueteris
462 2661 613 2742 praestat,
655 2643 853 2718 beneficium
903 2641 1051 2713 obtinere
1080 2639 1192 2711 debet.

125 2741 283 2816 Paroeoiae
318 2742 525 2816 conserenda
550 2757 627 2814 sunt
664 2768 725 2840 per
756 2765 971 2828 coneursum,
1006 2741 1063 2836 qui
1095 2763 1196 2835 expe·

123 2840 216 2910 ditur
252 2867 270 2911 a
313 2841 417 2956 tribus
457 2839 569 2911 saltem
585 2940 593 2956 ι
607 2839 877 2954 exarninatoribus
914 2835 1124 3006 spnodalibus
1162 2852 1196 2908 et

123 2963 236 3109 ul
269 2937 529 3108 auu-'3¹
565 2935 1116 3108 attererentur
1142 2933 1196 3104 *a

122 3062 289 3226 irorilriiil,
323 3059 672 3234 aetaoeepltprffiemia’
702 3133 850 3206 doctrina
886 3135 1011 3205 eunctis
1050 3059 1197 3203 anieeil-

122 3233 180 3321 lit,
206 3231 288 3306 adeo
316 3251 355 3305 ut
383 3237 475 3305 irrita
509 3232 666 3304 habeatur
700 3232 848 3322 collatio,
878 3236 904 3302 si
939 3233 1047 3302 minus
1079 3229 1196 3324 dignus

123 3333 241 3402 ceteris
276 3333 319 3402 sit
349 3331 509 3404 antelatus
549 3330 616 3429 (ἢ).
650 3329 788 3428 Reliqua
826 3329 1002 3418 beneficia,
1029 3353 1105 3426 quae
1136 3325 1198 3396 ad-

118 3431 275 3527 junctam
320 3456 389 3503 non
436 3429 559 3503 habent
609 3454 721 3500 euram
766 3429 968 3518 animuuni,
1022 3423 1197 3498 tribuenda

122 3542 204 3598 sunt
233 3531 331 3598 etiarn
360 3530 462 3624 magis
491 3531 573 3626 aptis
601 3543 636 3598 et
668 3528 769 3622 magis
806 3527 930 3598 idoneis
965 3525 1105 3612 clericis,
1140 3522 1197 3594 sed

116 3628 197 3722 jura
220 3625 364 3698 humana
394 3628 507 3698 firmas
531 3625 655 3697 hubent
670 3624 857 3725 hujusmodi
886 3623 1091 3712 collationes,
1117 3645 1197 3718 quas

122 3726 238 3794 minus
253 3724 363 3798 idonei
376 3723 484 3796 olerioi
501 3727 728 3823 impetrarunt.

167 3872 209 3959 (l)
232 3875 266 3934 ln
284 3874 340 3935 hoo
357 3876 587 3936 examinatorum
604 3874 714 3954 judicio
738 3873 827 3936 nullae
850 3881 919 3935 sunt
942 3879 1039 3952 partes
1054 3867 1197 3948 episcopi,

120 3968 175 4020 aut
192 3955 295 4018 vicarii
310 3957 468 4037 generalis,
486 3959 536 4036 qui
554 3957 616 4036 ejus
634 3957 697 4017 loeo
716 3975 844 4036 praesens
861 3964 919 4030 est,
937 3954 993 4014 nisi
1006 3953 1082 4012 sorte
1100 3951 1196 4030 paria,

119 4050 175 4104 aut
189 4037 350 4120 singularia
371 4041 430 4101 sint
451 4041 683 4102 examinatorum
707 4039 862 4120 suffragio,
882 4037 950 4116 quia
965 4043 1035 4096 tuno
1048 4034 1196 4114 integrum
