3100 5182
542 409 803 521 -ros-'

110 595 238 674 putavit,
260 615 348 675 quem
367 615 515 670 errarem,
533 608 617 659 antea
646 601 813 661 conclusum
839 605 868 662 in
894 603 1014 682 regione
1040 601 1181 664 schisma·

109 679 251 752 tinorum,
277 678 434 759 integravit
456 679 608 742 Wiclelius
631 683 828 762 propositione
854 683 916 754 illa,
937 703 1024 764 qnam
1052 686 1181 764 synodus

110 761 337 821 Commouensis
353 761 516 822 damnavit:
537 763 607 824 Non
627 772 669 824 cst
687 763 722 826 dc
745 765 915 826 securitate
933 763 1041 827 salutis
1064 765 1181 828 credere

111 845 277 903 domanam
291 840 443 904 ecclesiam
457 859 516 905 esse
525 861 697 926 supremam
710 846 788 907 inter
801 843 878 908 olins
892 845 1036 910 ccclesias.

153 994 184 1095 ς.
223 996 319 1066 xxi.
348 995 414 1067 Sed
444 1023 591 1070 summus
616 998 768 1072 Pontifex
799 1017 847 1072 cst
879 1003 975 1071 etiam
1007 1003 1177 1098 episcopus

110 1095 197 1162 urbis
226 1095 364 1183 llomae,
403 1096 680 1194 archiepiscopus,
715 1115 749 1168 et
779 1099 983 1196 metropolite
1017 1099 1174 1171 Romane

110 1195 285 1286 provincie
306 1191 381 1288 (l),
403 1197 522 1290 primas
540 1193 662 1286 ltaliae,
685 1196 864 1292 patriarcha
886 1195 1085 1268 Occidentis.
1111 1197 1205 1269 Nec·

110 1290 335 1382 praetereunda
363 1309 503 1388 potestas
533 1296 752 1392 ternporolrb,
784 1297 850 1366 sire
875 1297 1020 1392 politian
1030 1348 1042 1384 ,
1076 1321 1176 1392 quam

112 1385 264 1458 hebetia
290 1405 359 1460 tota
383 1389 507 1464 ditione
534 1391 762 1482 ecclesiastica,
797 1418 889 1465 more
912 1395 1097 1490 principum
1123 1420 1180 1464 ce-

111 1499 276 1574 terorum,
308 1489 366 1584 qui
391 1514 520 1562 summo
555 1492 727 1585 potiuntur
759 1493 907 1586 imperio.
934 1491 1076 1561 Potestas
1108 1489 1178 1562 haec

111 1586 180 1654 sive
208 1602 369 1680 repetatur
401 1612 440 1657 ex
472 1611 629 1660 consensu
661 1591 886 1686 populorum,
913 1589 977 1658 sive
1010 1613 1049 1658 ex
1084 1590 1180 1684 prin·

113 1683 232 1776 cipum
264 1681 507 1776 donationibus,
542 1689 607 1758 sire
646 1713 684 1758 ex
720 1685 877 1757 diuturna
913 1687 1177 1784 prescriptione,

113 1781 184 1848 sive
215 1781 307 1849 etiam
335 1808 371 1852 ex
396 1786 540 1856 onerosis
569 1785 807 1874 conti-cotibus,
840 1800 903 1856 uam
923 1785 1051 1882 justum
1077 1807 1176 1880 porro

113 1894 181 1964 est,
213 1893 341 1974 tamque
371 1878 553 1976 legitimum
589 1881 796 1980 pontificium
825 1883 1018 1980 imperium,
1051 1899 1088 1952 ut
1115 1907 1179 1952 ne·

112 1977 192 2044 mini
218 1980 342 2072 potiora
367 1981 443 2076 jura
478 2005 546 2052 esse
570 1983 696 2078 possint
723 1981 791 2078 (ἢ).

151 2147 192 2228 (l)
214 2153 266 2211 lus
295 2153 541 2231 metropoliticum
570 2155 677 2216 summi
707 2155 855 2217 Pontificio
882 2155 958 2216 ultra
988 2155 1178 2216 centesimum

111 2229 148 2288 ab
162 2230 239 2291 urbe
256 2233 380 2312 lapidem
404 2235 625 2314 producendum
648 2247 754 2318 negant
782 2237 907 2300 lacobus
929 2235 1125 2298 Gotbolredus
1150 2245 1179 2298 et

111 2312 252 2374 Clandim
268 2316 440 2390 Salmasius,
465 2319 603 2396 qnoniam
627 2318 683 2380 hoc
707 2319 837 2380 locorum
862 2319 1014 2379 intervallo
1038 2319 1179 2380 contineri

109 2403 217 2470 putant
250 2395 470 2462 suburbicarias
499 2399 648 2476 catana,
679 2421 811 2484 quarum
837 2398 1054 2463 solicitudinem
1078 2419 1180 2544 {nere

109 2474 298 2573 Pontificem,
319 2499 355 2540 ex
376 2500 443 2541 can.
473 2483 491 2542 b
516 2483 640 2544 Nicoenc
662 2483 759 2562 inquit
785 2483 909 2578 liulinus
931 2481 1033 2578 histor.
1060 2479 1110 2544 lt.
1140 2485 1179 2543 ll)

108 2577 175 2701 tl·
189 2563 456 2724 sallusti..
472 2561 1180 2726 llll·..tillatbttlllllltfflli:

107 2725 255 2784 monstrat
274 2725 446 2788 sirmondus
459 2727 568 2805 tribus,
586 2745 659 2806 quos
680 2729 818 2790 adversus
832 2727 1043 2792 Gotholrcdum
1066 2735 1096 2786 et
1117 2730 1180 2789 Sal-

107 2807 236 2874 masinm
261 2807 422 2888 evulgavit,
449 2809 547 2884 libris,
570 2829 696 2889 quorum
719 2812 832 2890 primus
855 2809 1025 2870 inscribitur
1047 2811 1180 2872 Censura

106 2891 391 3038 wll?
403 2891 707 3036 ..leitilai
722 2887 1183 3040 simulitum}

109 3059 146 3120 od
173 3017 306 3117 arnibunr
328 3051 496 3136 epistolam,
522 3053 558 3118 dc
581 3053 794 3118 suburbicariis
807 3051 975 3140 ropionibus
991 3064 1018 3116 ct
1038 3051 1177 3136 ecclcsis'c,

108 3161 176 3203 runs
201 3156 328 3200 censura
346 3136 521 3219 conjecturas
541 3134 665 3199 alterins
683 3157 761 3200 anon
783 3137 841 3215 mi,·
862 3137 966 3198 tertius
991 3139 1119 3220 Propera
1140 3143 1180 3202 ti-

107 3243 190 3284 eurn.
219 3221 326 3284 mara
352 3217 524 3280 Bisnchium
551 3216 631 3280 della
659 3157 783 3302 potestlb
804 3237 819 3279 c
847 3217 926 3281 dalla
953 3217 1069 3280 Polizio
1122 3219 1180 3284 clla

110 3303 218 3366 elien
252 3301 302 3364 lib.
329 3301 348 3360 2
372 3319 440 3383 cap.
470 3305 484 3362 l
513 3299 539 3384 §.
567 3303 607 3362 lb
634 3311 663 3362 et
688 3301 876 3364 Benedictum
901 3303 970 3363 xlv
1006 3300 1041 3362 dc
1065 3303 1176 3384 synod.

109 3387 225 3448 ὀίω.
252 3382 302 3447 tn.
326 3384 346 3444 2
366 3401 432 3465 cop.
459 3385 495 3461 i,
517 3385 568 3463 qui
584 3384 633 3463 jus
647 3384 891 3463 metropoliticum
909 3385 1015 3444 summi
1031 3385 1180 3448 Pontiflais

109 3469 234 3548 explicat
256 3469 371 3548 copiose
393 3475 421 3526 et
443 3464 610 3548 diligenter.
637 3469 701 3528 Non
723 3475 821 3528 umen
839 3465 943 3527 iisdem
971 3465 1105 3526 terminis
1120 3473 1179 3532 ltc-

109 3570 195 3611 mana
213 3551 361 3630 prouincia
385 3549 464 3608 omni
489 3557 574 3608 etate
599 3547 719 3609 definita
745 3557 811 3632 cst,¹
827 3567 893 3608 cum
917 3565 979 3607 eum
1002 3549 1084 3626 lapsu
1104 3558 1180 3612 tem

109 3651 214 3712 porum
237 3633 291 3711 ipsi
315 3631 437 3693 Romani
458 3629 626 3706 Pontifices,
653 3633 736 3693 navis
754 3630 916 3691 constitutis
937 3630 1054 3690 sedibus
1071 3634 1180 3694 Metro·

108 3715 263 3793 pollionis,
291 3713 504 3773 imminuerint.
532 3714 718 3773 lnaoccntius
750 3717 791 3775 lll
824 3712 856 3771 in
886 3729 952 3772 can.
984 3713 1002 3772 b
1030 3712 1066 3773 de
1094 3711 1177 3796 offic.

108 3799 201 3856 ruas.
233 3799 393 3858 llomaosrn
418 3796 595 3871 provinciam
616 3796 694 3856 inter
713 3797 877 3876 &paenam
897 3803 926 3853 et
947 3797 1080 3856 Pisanum
1093 3798 1178 3856 sitam

108 3879 196 3938 dixit.
217 3878 277 3940 Sed
295 3877 358 3936 alise
375 3876 511 3956 deinceps
535 3895 550 3936 s
574 3879 695 3938 summis
718 3877 906 3938 Pontificibus
929 3878 1010 3937 lacte
1031 3885 1100 3936 sunt
1116 3877 1179 3956 eJ'us

107 3961 268 4038 provinciae
288 3959 488 4018 distractiones
509 3967 539 4018 et
561 3959 627 4020 ideo
652 3977 828 4037 quamquam
853 3977 884 4018 ea
913 3959 1100 4018 nuncetiam
1128 3977 1180 4036 po-

107 4043 163 4102 situ
181 4041 296 4104 dicatur
310 4041 388 4100 inter
411 4043 575 4118 capuanam
599 4041 790 4120 Pinnamque
806 4041 999 4120 provinciam,
1018 4037 1178 4102 secandum
