3122 5170
446 527 450 538 ¹
550 534 599 570 -τ-
625 493 696 562 695
722 536 769 548 -
1288 555 1292 564 ,

174 636 205 738 §.
236 636 429 712 XXXVIII.
462 637 558 718 illud
589 639 624 710 in
657 597 771 736 primis
802 579 921 742 efficii⁴
938 657 1042 740 eapte,
1067 587 1193 738 posses-
1230 645 1242 688 ἕ
1322 631 1327 638 ’

126 737 196 816 sio,
225 739 342 834 utqui
371 763 441 808 eam
470 740 548 808 anni
586 741 689 834 spatio
720 741 934 828 retinuit‚'is
965 740 1042 811 inde
1083 736 1220 812 dimo-³
1336 819 1340 828 ,

126 837 207 924 veri,
238 849 295 904 out
325 833 521 907 beneficium
549 835 661 926 alteri,
696 837 752 932 qui
785 835 866 906 illud
899 833 1099 934 impetrarit,
1133 838 1194 908 ed-

124 933 221 1003 scribi
249 949 408 1030 neqneet,
434 936 495 1004 nisi
527 937 671 1030 primum
699 931 737 1005 iis
767 937 919 1030 petitorio
943 935 1068 1034 judicio
1100 933 1194 1006 finito

123 1031 178 1100 sit.
208 1029 307 1116 Quod
327 1034 383 1130 jus
411 1033 578 1104 constitnit
608 1034 731 1130 regula
764 1031 812 1102 55
847 1035 1086 1122 oarwellaodoe,
1145 1058 1194 1105 nee

124 1127 223 1224 vulgo
263 1128 382 1200 dicitur
414 1131 457 1202 de
496 1131 624 1204 annali
661 1155 847 1228 possessore
888 1149 922 1203 et
960 1157 1035 1229 quae
1069 1061 1194 1203 deditus

125 1242 253 1297 constet
292 1226 450 1324 pertibus.
484 1228 568 1300 Nom
603 1231 763 1300 sancitum
794 1246 843 1300 est
873 1233 1037 1326 primum,
1070 1245 1108 1299 ut
1138 1232 1207 1328 qui‘

125 1322 325 1396 beneficium
363 1328 536 1424 impetrat,
581 1325 672 1424 quod
711 1326 792 1398 altor
833 1353 893 1424 per
934 1353 1056 1398 annum
1102 1343 1197 1398 tran·
1308 1341 1341 1358 ”

126 1421 231 1517 quillo
257 1440 291 1495 et
320 1425 431 1522 quieto
459 1427 567 1498 enimo
598 1427 752 1515 retinuit,
781 1426 963 1520 significare
993 1425 1110 1496 debeat
1133 1451 1197 1497 no·

126 1543 206 1590 men
238 1537 272 1592 et
299 1522 437 1618 gradum
465 1526 672 1620 possessoris,
707 1523 854 1622 proferre
888 1548 1016 1596 oausam
1051 1537 1196 1602 avertam

125 1633 161 1688 et
203 1625 442 1718 perspicuam,'
466 1637 601 1718 propter
645 1647 744 1721 quom
789 1625 820 1693 ei
850 1621 1012 1694 retinendi
1046 1608 1197 1693 beneficii

121 1715 180 1810 jus
213 1743 279 1790 esse
307 1735 426 1813 negst3
466 1722 642 1818 temporis,
669 1745 736 1818 quo
763 1723 797 1792 in
819 1746 862 1792 ea
892 1723 1091 1818 possessione
1124 1743 1198 1789 ver·

126 1829 214 1885 satus
241 1832 308 1907 est,
336 1843 467 1890 cursum
496 1817 684 1907 ostendere3
706 1817 825 1890 deinde
851 1836 888 1890 nt
909 1821 994 1889 intro
1015 1844 1070 1889 sex
1101 1843 1198 1888 men-

128 1937 179 1984 ses
218 1939 430 2012 possessorem
475 1918 511 1988 in
541 1917 704 2016 judicium
751 1933 844 1990 vooet
881 1933 915 1989 et
952 1943 1079 1990 oausam
1113 1917 1198 1986 intra

127 2035 252 2084 annum
276 2039 378 2112 usque
411 2014 452 2086 sd
476 2017 669 2087 sententiam
696 2032 908 2114 persequatur
941 2016 1007 2112 (i).

171 2211 213 2294 (i)
233 2214 358 2276 Consule
372 2213 542 2296 Rigantium
551 2211 592 2274 ad
605 2211 694 2276 dono.
706 2212 802 2298 repul.
817 2217 867 2276 55.

179 2396 211 2498 §.
241 2395 402 2470 XXXIX.
431 2395 489 2468 Est
514 2411 549 2467 ot
572 2395 632 2467 olio
663 2395 773 2491 regulo
804 2397 847 2469 de
874 2397 1046 2470 trienrmli
1068 2422 1200 2494 posses·

129 2521 224 2585 sore,
258 2521 335 2595 quae
366 2497 452 2566 inter
480 2493 604 2590 regulos
641 2493 848 2568 Cancelleriae
882 2511 931 2566 est
959 2495 1006 2564 56
1039 2519 1197 2584 numero,

129 2611 227 2693 etque
258 2598 293 2666 in
333 2621 368 2666 re
406 2593 610 2664 beneficiarie
646 2592 909 2690 quadragenariae
947 2595 1199 2690 praescriptionis

129 2695 199 2765 vioe
233 2693 392 2790 iungitur.
424 2691 471 2762 Ea
501 2717 577 2765 vero
609 2707 740 2762 cautum
779 2709 850 2782 est,
887 2707 923 2760 ut
952 2694 1008 2788 qui
1039 2689 1152 2788 procul
1181 2717 1199 2762 a

130 2791 203 2862 labe
229 2793 373 2889 vitioque
412 2792 558 2864 simoniae
592 2791 724 2861 triennii
758 2792 861 2887 spatio
901 2789 1096 2860 beneficium
1134 2787 1197 2860 ob-

130 2891 230 2961 tinuit
263 2891 377 2987 quovis
411 2889 528 2974 titulo,
570 2892 668 2960 etiem
704 2887 872 2976 colorato,
910 2902 948 2957 ut
987 2903 1123 2976 vocent,
1174 2889 1200 2958 is

131 2987 229 3059 nullis
272 2986 410 3085 amplius
457 2983 615 3058 molestiis
665 2983 774 3072 effici,
814 3010 922 3082 neque
955 3010 973 3054 a
1004 2987 1200 3080 possessione

131 3086 290 3158 dimoveri
320 3087 438 3184 possit,
477 3100 576 3181 etque
598 3107 710 3156 omnes
741 3085 811 3182 ejus
845 3083 996 3154 beneficii
1026 3090 1201 3182 impetro-

130 3189 257 3273 tioner,
288 3209 367 3282 quse
395 3182 529 3272 dicunt,
562 3184 663 3255 irritae
687 3179 879 3252 habeantur.
908 3179 994 3266 Quae
1032 3181 1199 3253 triennalis

131 3285 286 3380 possessio
319 3298 357 3352 ut
394 3295 525 3351 tentum
558 3279 681 3368 velent,
718 3294 810 3376 cepto
846 3303 912 3351 esse
951 3279 1067 3368 debet,
1100 3305 1202 3376 esque

133 3399 171 3452 nt
208 3381 371 3479 explorate
422 3383 482 3470 sit,
530 3381 604 3449 setis
649 3393 698 3449 est
746 3377 919 3450 ostendere
956 3379 1200 3474 possessionem,

133 3505 233 3577 quom
263 3483 335 3576 quis
367 3503 478 3550 revers
507 3475 643 3573 adeptus
677 3491 737 3547 est.
768 3475 853 3548 Nam
893 3478 950 3574 qui
983 3473 1073 3546 iliam
1103 3473 1202 3545 semel

133 3576 348 3674 apprehendit
385 3601 421 3647 ae
450 3591 525 3673 post
560 3577 737 3646 triennium
770 3577 909 3664 retinet,
943 3575 978 3642 in
1016 3599 1052 3643 eo
1075 3597 1202 3670 semper

132 3700 350 3774 perseverasse
378 3689 546 3764 censetur,
570 3675 633 3744 nisi
662 3697 752 3744 seous
775 3671 964 3746 ostendetur
993 3671 1059 3768 (1).

175 3885 217 3968 (ἢ)
238 3887 314 3948 Vide
326 3885 413 3948 etiam
428 3883 597 3966 Rigontium
608 3881 658 3945 od.
671 3881 765 3968 requi,
782 3885 833 3944 56.
