3142 5188
541 379 763 450 -629-

103 527 233 590 Novellis
258 525 523 590 constitutionibus.
540 529 597 590 Sed
615 547 674 589 non
697 529 763 590 idco
777 528 931 608 quisquam
953 527 1081 605 dixerit,
1104 547 1186 590 sanc·

105 610 235 670 tissimos
248 609 313 672 illos
327 611 477 689 episcopos
493 617 665 690 potestatem
680 610 711 672 in
733 629 781 672 res
800 629 894 672 sacras
910 629 944 672 ac
956 611 1122 694 religionis,
1137 631 1186 674 co·

106 691 261 770 clesianquc
274 694 405 773 regimen
423 699 452 752 ct
475 710 575 754 curam
596 691 669 752 laico
691 691 817 770 principi
840 693 1023 754 committere
1038 692 1184 756 ¹voluisse.

107 775 238 836 soo1v
260 775 416 854 Eutropius
430 773 582 839 eunuchus
601 773 759 836 Arcadium
786 773 993 852 imperatorem
1006 775 1125 858 impulit
1147 775 1186 838 ad
1248 831 1260 858 .-

104 855 271 917 tollcndum
293 855 336 918 'us
354 855 426 935 asyli
445 855 502 916 lata
522 857 602 937 lage,
620 874 686 934 quac
701 859 751 917 ‘est
764 855 802 916 L.
821 855 839 916 5
856 853 923 918 cod.
944 853 1053 920 abac.
1080 855 1116 920 de
1135 855 1184 920 lois
1223 931 1227 936 ¹
1297 867 1300 876 '

106 937 163 1080 poi
182 936 224 1000 od
237 876 337 1000 occisa.
360 934 503 1019 omasoq.,·
524 937 576 999 scd
589 945 688 1018 postes
710 937 867 1018 confugero
892 937 954 1016 ipsc
972 937 1010 1000 ad
1032 939 1184 1004 ecclesiam
1217 935 1271 1026 [fi-5

129 1019 227 1094 abuit,
243 1028 276 1080 ut
289 1021 379 1080 utam
391 1027 525 1080 tueretur
537 1039 636 1097 sunm,
659 1027 747 1099 atquc
766 1019 808 1080 ita
828 1027 943 1080 anooact
961 1017 1059 1104 scoto,
1087 1030 1121 1082 ut
1135 1023 1185 1084 in·
1262 1059 1266 1068 Δ

106 1103 173 1244 puit
187 1101 292 1182 Chrys.
308 1099 417 1196 boniol
441 1100 476 1162 io
495 1102 622 1196 Eutrop.
639 1108 710 1164 tom.
724 1103 742 1164 5
756 1099 814 1164 ool.
830 1101 890 1164 585
901 1098 949 1164 ed.
963 1103 1065 1166 Poris.
1081 1105 1181 1183 llll,
1240 1097 1244 1173 J

118 1201 201 1266 meo
213 1201 302 1246 suom
311 1201 432 1266 promus
451 1179 618 1267 cbropoort.

158 1384 191 1488 ς.
219 1385 380 1460 XXVlll.
425 1385 525 1474 Quod
567 1389 593 1458 si
642 1385 849 1462 ecclesiarum
882 1387 1012 1488 asylum
1038 1413 1077 1460 er
1114 1391 1182 1486 ipsa

106 1511 221 1556 aarum
266 1489 434 1558 sanctitate
475 1501 510 1557 ct
549 1489 728 1560 reverentia
768 1485 940 1584 procedit,
979 1511 1180 1584 consequens

106 1600 178 1674 est,
209 1599 245 1656 ut
274 1601 406 1682 regatur
432 1585 624 1656 auctoritate
647 1586 739 1682 ejus,
762 1587 814 1656 cui
846 1587 993 1681 regimen
1020 1585 1182 1656 ecclesias·

109 1685 250 1753 tinorum
277 1707 388 1752 rarum
414 1683 621 1754 commissum
654 1697 713 1754 cat.
754 1681 851 1755 Certe
882 1683 1100 1755 ecclesiasticis
1130 1681 1183 1754 lc-

107 1779 203 1877 gibus
225 1796 257 1852 et
293 1780 438 1878 ampliati
470 1795 504 1854 et
536 1782 649 1854 arctati
675 1797 752 1854 sunt
767 1781 846 1882 asyli
870 1783 976 1872 fines,
993 1783 1043 1852 uti
1070 1806 1182 1854 rerum

106 1882 192 1950 ratic
228 1878 392 1976 postulare
422 1877 604 1952 videbatur.
647 1876 812 1952 Naturalis
848 1882 1027 1954 reverentia
1061 1879 1097 1950 in
1123 1903 1181 1950 cc·

105 1976 216 2048 clcsins
250 1975 346 2066 fecit,
391 1993 429 2050 ut
470 2003 508 2048 cn
537 1977 614 2076 jure
646 1975 727 2078 asyli
777 1977 983 2065 frumentum
1026 1975 1179 2074 deinceps

107 2074 193 2146 illud
225 2073 411 2148 traductum
441 2091 489 2146 est
520 2073 685 2150 etiamad
711 2100 748 2147 aa
778 2074 871 2166 loca,
909 2100 984 2174 quae
1011 2078 1075 2146 visa
1106 2090 1185 2146 aunt

106 2175 287 2246 reverentia
316 2189 350 2246 et
390 2173 544 2270 obsequio
585 2172 702 2272 digna,
735 2171 787 2249 acl
822 2191 957 2272 propter
989 2199 1106 2262 usum,
1128 2175 1183 2246 cui

107 2287 188 2442 1Ἧιιῑ
196 2269 361 2442 ὥᾶἱοῑα,
390 2271 443 2344 rel
479 2286 614 2370 propter
650 2269 844 2370 dignitatem
879 2297 1017 2362 corum,
1055 2273 1114 2370 qui
1145 2273 1180 2342 in

146 2371 172 2442 is
262 2371 358 2445 itaut.

156 2574 190 2748 p.
230 2575 363 2653 XXIX.
406 2576 512 2652 Hodie
539 2579 638 2673 igitur
679 2577 760 2678 asyli
780 2579 858 2676 jure
882 2579 1038 2652 fruuntur
1065 2601 1180 2650 omnes

107 2701 163 2750 eoo
178 2675 272 2766 asia,
310 2679 408 2747 etiam
437 2702 512 2773 quac
538 2691 733 2751 consecratae
766 2701 837 2750 non
875 2692 975 2766 sunt,
1002 2701 1182 2772 carumque

151 2776 251 2846 rticus
286 2790 320 2845 at
349 2776 428 2846 atria
460 2774 537 2870 (l);
565 2777 646 2872 quin
675 2790 710 2846 et
746 2774 859 2864 lanus,
888 2778 924 2851 in
958 2799 1039 2872 quo,
1068 2775 1177 2872 primo

105 2799 216 2972 initiale
254 2871 441 2946 solemniter
464 2875 574 2974 jacto,
606 2871 737 2946 ecclesia
772 2871 965 2946 aedificanda
1013 2887 1062 2944 eat
1102 2869 1179 2968 (ῆς

106 2973 254 3068 itemquo
297 2972 436 3042 oratoria
476 2973 619 3069 episcopi
662 2972 853 3044 auctoritate
904 2972 1103 3060 constituta,
1144 2993 1181 3040 oc

106 3083 267 3168 perpetuo
296 3067 413 3142 divinis
450 3067 597 3156 addicta,
640 3093 709 3142 non
751 3085 861 3145 antem
901 3069 1060 3157 oratoria,
1106 3090 1182 3164 qnae

106 3183 187 3240 sunt
215 3169 251 3246 in
288 3165 438 3240 domibus
473 3170 696 3264 privatorum,
728 3191 928 3264 quamquam
965 3169 1001 3238 in
1028 3168 1067 3238 iis
1104 3190 1181 3238 cum

107 3268 201 3338 venio
238 3265 322 3338 sedis
360 3265 555 3364 Apostolioae
578 3290 630 3338 res
666 3263 776 3339 divina
834 3281 1002 3361 erogatur,
1034 3263 1181 3336 similiter

108 3363 266 3460 pslntinm
297 3365 461 3462 episcopm
491 3362 635 3453 donnus,¹
668 3385 744 3460 quae
783 3291 833 3436 ad
858 3362 1045 3461 parochiam
1082 3364 1180 3460 perti-

107 3476 188 3552 net,
220 3463 311 3534 etin
341 3487 409 3558 qua
435 3461 595 3559 parochus
631 3461 776 3550 babitat3
819 3459 935 3536 domus
980 3458 1180 3534 canonicales

108 3559 413 3651 scandilianum,
443 3585 518 3658 quas
548 3585 662 3636 corum
692 3559 830 3634 ecclesiis
855 3561 1039 3660 conjuncto
1077 3571 1177 3642 sunt3

108 3661 208 3729 turris
250 3661 471 3756 campanaria,
499 3685 575 3756 quoe
612 3660 698 3730 intro
737 3683 849 3756 passus
882 3660 1015 3754 triginta
1055 3655 1097 3728 ab
1130 3680 1180 3726 cc·

107 3755 202 3828 olcaia
239 3755 358 3844 distat3
396 3755 594 3832 xenodochia
639 3772 673 3830 et
715 3759 899 3830 coemeteria
945 3753 1025 3852 (5)3
1061 3753 1179 3828 domus

107 3853 327 3950 regularium
366 3853 508 3953 denique
539 3857 636 3930 etiam
672 3855 820 3930 sacerdos
849 3853 1084 3926 Eucharistiam
1123 3851 1179 3924 de·

108 3951 216 4024 serens
238 3951 278 4022 ad
305 3977 339 4025 sc
360 3952 620 4051 confugientibus
649 3953 774 4054 asylum
797 3967 930 4052 praestat
958 3950 1028 4050 (d).
