3142 5188
516 463 565 478 -
590 422 733 494 625-

84 567 200 654 Quare
230 569 478 642 ecclesiasticum
510 569 636 670 asylum
666 595 741 670 pars
766 587 815 644 est
845 576 1054 666 rerere'ntiae,
1079 603 1154 676 qaae

83 665 226 738 caelenis
257 667 416 758 debetur,
451 683 551 765 atque
574 666 658 739 hanc
685 672 899 742 reverentiam
934 676 1002 770 ipsa
1033 677 1154 748 visre

84 765 216 860 ligionis
245 765 386 838 induxit.
1102 778 1106 789 '

135 859 166 962 §.
208 861 357 935 xxvll.
390 863 439 934 Ita
464 879 584 936 natum
615 879 665 936 est
692 862 896 936 ecclesiarum
936 867 1083 966 asylum3
1122 887 1156 943 et

84 985 164 1032 vcro
196 963 445 1058 antiquissimae,
477 987 551 1060 quaa
573 961 615 1034 de
637 987 676 1034 eo
703 977 799 1054 sunt,
828 961 915 1058 leges
939 989 1008 1036 non
1029 991 1061 1037 aa
1085 967 1154 1040 lum

84 1060 311 1150 constituunt,
355 1057 412 1130 sed
446 1061 517 1156 jam
551 1076 645 1132 antea
685 1063 899 1133 constitutum
944 1076 978 1133 et
1035 993 1157 1164 ubique

82 1171 256 1254 receptum
287 1157 465 1229 ostendunt
490 1158 557 1255 (l).
591 1157 720 1232 Scilicet
758 1175 796 1230 ut
825 1157 955 1257 publice
984 1159 1154 1238 christiana

84 1254 202 1350 religio
246 1255 408 1328 dominari
447 1258 482 1326 iu
526 1256 706 1330 civitatibus
751 1273 851 1356 atque
899 1260 935 1329 in
985 1265 1157 1356 provinciis

83 1355 206 1451 coepit,
235 1356 261 1424 is
291 1357 399 1424 statim
439 1352 567 1426 habitus
590 1381 609 1428 a
633 1357 758 1428 canatis
789 1371 837 1427 cst
871 1354 975 1428 honos
1002 1357 1157 1452 ¹christia·

84 1477 208 1524 norum
232 1451 390 1542 ecclesiis,
416 1467 454 1524 ut
477 1457 534 1552 qui
556 1453 665 1526 adeas
693 1451 933 1551 confugissent,
966 1453 1030 1526 loci
1061 1481 1157 1530 sano·

83 1553 181 1622 titate
212 1577 248 1624 ac
281 1551 458 1622 reverentia
503 1551 770 1624 defenderentur.
816 1551 908 1624 Adeo
944 1577 1055 1624 verum
1086 1571 1156 1645 est,

85 1648 190 1719 nullis
215 1673 296 1746 opus
321 1649 417 1719 fuisse
447 1648 597 1722 humanis
619 1651 762 1747 legibus,
796 1675 872 1748 quae
900 1649 1082 1724 stabilirent
1103 1655 1159 1752 jus

86 1743 192 1846 asyli,
226 1743 316 1844 quod
348 1749 418 1844 jaan
455 1747 589 1819 affixum
628 1747 767 1822 ecclesiis
807 1763 841 1820 et
880 1773 991 1820 earum
1029 1775 1161 1822 venera·

85 1847 171 1916 tioni
198 1848 380 1918 communis
408 1847 555 1918 omnium
580 1871 753 1920 consensus
784 1861 968 1944 agnoverat.

130 2037 174 2120 (l)
195 2041 410 2120 vetustissima,
423 2062 489 2122 que
503 2049 595 2105 exstat
606 2041 643 2104 de
657 2043 843 2105 eoaloeiarum
856 2043 950 2124 asylo,
962 2049 1006 2104 est
1016 2043 1053 2104 t.
1065 2046 1081 2105 l
1094 2043 1159 2106 eod.

90 2119 203 2184 Theod.
219 2121 255 2184 de
270 2121 317 2186 his
331 2123 440 2209 quiad
453 2123 552 2188 eccles.
567 2122 688 2221 confay.
704 2129 816 2188 Verum
833 2125 897 2188 haec
909 2125 957 2186 lex
970 2143 1029 2186 nan
1046 2127 1159 2207 asylum

87 2205 254 2282 constituit,
272 2205 324 2268 sed
338 2209 436 2287 potius
453 2207 526 2269 iilud
546 2227 678 2269 omniurn
696 2207 846 2288 moribus,
871 2215 901 2268 et
918 2225 1060 2268 consensu
1081 2208 1160 2287 J'am·

86 2285 205 2366 pridem
230 2289 319 2350 luisse
349 2290 539 2351 coustitutum
566 2289 682 2370 lateque
702 2291 830 2370 patuisse
855 2287 1054 2365 demonstran
1081 2291 1160 2368 quod

87 2369 143 2448 ipsi
164 2369 253 2431 etiam
266 2371 503 2434 animadvertunt
520 2372 693 2452 scriptores,
713 2391 840 2452 quorum
855 2369 911 2432 hac
927 2371 958 2432 in
976 2389 1010 2432 re
1027 2373 1160 2432 testimo·

87 2451 172 2512 nium
192 2453 349 2532 repudiare
364 2473 423 2514 non
445 2462 581 2550 possunt,
601 2455 652 2534 qui
672 2473 749 2536 egre
763 2455 864 2515 ferunt
885 2453 998 2534 asylum
1024 2454 1160 2515 ecclesia·

86 2535 514 2699 {tlattitilttzl
527 2533 699 2702 titt:
711 2535 810 2680 itt·
827 2531 1158 2700 {illimis

87 2697 139 2758 cit.
156 2695 222 2775 ed.,·
244 2701 385 2778 Espenius
401 2640 475 2762 diss.
497 2719 604 2762 conon.
620 2697 656 2762 de
678 2703 720 2763 Aa
743 2697 764 2762 l.
783 2695 917 2782 temptor.
940 2717 1007 2780 cop.
1036 2702 1049 2759 l
1070 2697 1105 2840 d
1127 2703 1158 2761 l.

87 2783 201 2842 Revera
221 2781 418 2844 Cotholredus
448 2791 478 2843 ct
503 2783 682 2864 Binghamus
738 2803 762 2844 c.
785 2781 836 2843 cit.
860 2779 1009 2858 complura
1036 2797 1069 2840 co
1092 2799 1160 2862 ege·

86 2869 159 2922 ruat
183 2863 303 2942 antiqua
328 2873 532 2942 monumenta,
563 2883 599 2926 ex
629 2863 736 2944 quibas
767 2870 861 2943 patet,
885 2862 947 2940 jam
972 2861 1159 2924 ecclesiarum

86 2943 201 3024 asylum
217 2945 377 3008 obtinuisse
395 2947 487 3008 multo
501 2955 583 3024 ante,
598 2965 686 3024 quam
706 2943 908 3008 Theodosiana
925 2943 974 3004 illa
989 2944 1036 3004 lex
1054 2944 1086 3004 in
1099 2963 1159 3005 ma·

86 3025 307 3088 nushominum
341 3029 498 3105 ammirei,
511 3035 541 3088 et
561 3053 574 3082 a
589 3029 666 3090 Nulli
682 3045 811 3107 unquam
824 3035 988 3100 auctorum,
1004 3025 1047 3086 uti
1061 3027 1158 3106 inquit

86 3107 283 3189 Riaghamus,
310 3047 433 3172 dubium
459 3111 532 3186 suit,
559 3111 630 3190 quia
657 3109 689 3170 id
714 3107 900 3189 privilegium
928 3107 1114 3170 ecelesiarum
1141 3129 1157 3171 a

86 3199 220 3271 tempore
238 3193 419 3254 Constantini
445 3211 506 3253 essc
527 3191 661 3272 ooeperit,
684 3191 752 3252 licet
779 3191 868 3250 nullae
888 3189 967 3270 leges
994 3189 1157 3252 Theodosia

85 3273 275 3351 vetustiores,
304 3275 422 3336 sivein
448 3275 645 3349 iustinianao,
674 3273 735 3334 sive
764 3271 966 3334 Theodosiana
994 3273 1094 3333 oodioc
1119 3272 1156 3335 de

88 3354 145 3416 hoo
163 3355 226 3433 ipso
244 3358 438 3436 reperiantur.
457 3383 470 3409 a
494 3359 589 3435 Atque
602 3373 697 3434 neque
711 3353 769 3416 ulla
791 3355 839 3415 lex
853 3361 945 3415 exstat
961 3355 1155 3430 Constantini,

87 3456 154 3516 quae
165 3437 350 3500 ecclesiarum
362 3439 474 3519 asylum
485 3437 652 3514 constituat,
667 3455 763 3516 neque
776 3435 807 3497 in
819 3435 947 3514 antiquis
960 3439 1157 3496 monumentis

86 3519 148 3580 ulla
162 3519 283 3600 hujusce
296 3521 368 3603 legis
379 3523 489 3582 mentio
506 3527 556 3580 aut
571 3519 712 3580 indicium
726 3527 780 3580 est.
795 3519 841 3580 An
858 3535 919 3578 non
935 3515 967 3578 id
984 3526 1157 3598 argumento

88 3609 133 3662 est
152 3601 238 3680 plane
252 3606 395 3681 maximo,
410 3603 521 3664 nullam
541 3621 574 3662 ea
591 3602 629 3662 de
642 3619 676 3662 re
689 3601 784 3683 legem
798 3619 815 3661 a
835 3599 1024 3663 Constantino
1047 3599 1157 3660 editam

86 3685 189 3760 luisse,
205 3704 270 3764 quar
281 3693 331 3748 aut
343 3701 422 3746 nunc
439 3691 580 3760 exstaret,
595 3691 646 3744 aat
659 3683 761 3746 saltem
776 3681 872 3761 aliqua
888 3680 951 3759 ejus
964 3681 1075 3741 mentio
1093 3699 1156 3742 esso

87 3765 210 3826 deberet
227 3767 305 3848 apud
322 3767 445 3842 Eusch,
462 3767 512 3846 qui
529 3767 709 3828 Constantini
723 3767 813 3828 vitem
827 3768 959 3824 accurato
972 3763 1154 3842 conscripsit,

86 3857 175 3927 atque
190 3849 268 3928 apud
290 3859 400 3911 ceteros
419 3851 589 3928 scriptores,
615 3849 666 3927 qui
688 3866 789 3912 eorum
812 3855 977 3925 temporum
1004 3843 1156 3906 historiam

85 3929 193 3992 litteris
213 3931 409 3992 mandarunt?
428 3931 505 4008 Quid
524 3931 547 3992 si
565 3931 744 3992 Constantini
767 3935 851 3989 aetate
861 3929 921 4007 jam
943 3925 1055 4006 asylum
1074 3928 1154 4008 rige-

87 4012 155 4092 bat,
175 4032 270 4092 ncque
291 4014 364 4076 iilud
388 4023 449 4075 arat
471 4015 527 4075 ulla
549 4013 613 4095 iege
636 4013 840 4087 constitutum,
867 4009 986 4090 planum
1011 4016 1054 4068 est
1079 4009 1154 4072 illud

191 4121 267 4168 roa.
296 4121 320 4166 r.
1010 4089 1058 4161 27
