3102 5184
517 501 737 574 -555-

102 665 185 707 mnus
199 649 372 726 expresserit
388 663 532 730 mogum
545 649 729 728 incendium,
748 647 879 732 lepram
896 647 1074 734 cpiduuiom
1096 652 1153 714 boc

102 737 138 788 est
157 730 288 790 morbum
312 730 528 810 contagiosum,
553 751 612 811 quo
637 741 741 794 cetero
761 733 901 794 moniales
918 731 997 794 infici
1016 743 1153 813 possum,

101 813 238 888 quesitum
249 821 293 872 est
303 812 341 874 ab
352 813 562 892 interpretibus
574 815 654 878 luris
665 815 807 890 canonici,
817 833 889 876 num
898 815 954 876 aliu
964 816 1051 876 etiam
1065 817 1155 894 possit

101 911 152 953 esse
162 913 259 970 causo,
270 903 392 974 propter
402 914 490 974 quarn
500 897 676 958 monialibus
686 895 837 958 exeundle
848 898 1023 958 monasterio
1034 899 1154 959 lacultns

101 975 269 1036 concedatur.
286 981 355 1039 Late
368 997 401 1038 ea
415 977 453 1038 de
471 996 505 1038 rc
518 978 648 1058 disputat
662 978 771 1040 Bened.
788 981 858 1040 xlv
880 977 915 1040 de
939 977 1046 1062 synod.
1068 979 1154 1041 otoo.

101 1053 188 1119 11615
205 1079 231 1120 c.
248 1060 288 1120 16
308 1079 340 1119 n.
360 1063 397 1121 66
412 1069 441 1120 et
460 1077 535 1144 seq,
551 1061 602 1122 ubi
623 1061 768 1136 ostendit,
789 1061 860 1124 alias
882 1061 970 1122 etiem
994 1062 1033 1122 ob
1055 1081 1154 1122 causus

101 1157 155 1235 cum
166 1141 247 1202 venia
267 1141 346 1236 sedis
360 1142 530 1220 Apostolicoe
544 1143 685 1204 moniales
706 1143 787 1204 exire
800 1161 884 1222 posse
899 1161 915 1203 e
929 1144 1018 1223 septis
1037 1163 1156 1206 monas-

100 1225 1155 1384 11101166060116116010616616

100 1385 210 1462 dicitur,
233 1387 265 1449 id
287 1388 375 1447 etiam
393 1387 522 1466 pertinet
541 1389 579 1450 ud
600 1407 743 1468 aquarum
765 1389 1004 1464 inundationem,
1024 1390 1153 1452 bostium

99 1467 242 1546 impetum,
267 1471 436 1532 monasterii
460 1471 593 1548 ruinam,
616 1478 646 1532 et
671 1471 793 1547 similis,
812 1491 878 1550 quse
900 1471 1027 1534 subitum
1053 1473 1153 1554 lugam

98 1551 244 1630 postulant,
260 1571 331 1612 enm
345 1549 381 1612 ob
394 1552 478 1613 muni
489 1549 550 1636 lepe
567 1560 700 1628 extremo
720 1553 878 1616 morositas
891 1554 932 1616 st't
949 1562 1099 1638 exempto,
1123 1562 1155 1614 ut

98 1631 183 1710 inquit
194 1635 327 1696 Pontifex
341 1633 373 1694 iu
384 1653 450 1715 cop.
467 1635 485 1696 5
499 1633 525 1718 3.
536 1632 668 1718 profhcto
681 1633 717 1698 de
726 1633 806 1698 uerb.
818 1634 946 1719 signifio.
962 1635 1037 1697 1116.

141 1845 172 1946 3.
195 1847 315 1924 xllll.
343 1847 468 1922 Ceteris
486 1875 562 1923 vero
585 1850 697 1922 eadem
718 1851 845 1946 ingredi
862 1850 998 1923 claustra
1018 1853 1155 1922 vetitum

95 1959 160 2034 est,
191 1948 254 2018 sine
274 1949 367 2019 renio
395 1951 537 2046 episcopi
568 1965 602 2021 et
635 1950 790 2046 regularis
824 1953 1015 2048 superioris,
1041 1952 1066 2020 si
1103 1952 1155 2022 eui

95 2043 197 2114 subest
231 2049 464 2118 monasterium
489 2048 564 2144 (l);
595 2063 693 2146 atque
721 2047 794 2120 baec
822 2051 914 2120 venie
948 2047 1155 2120 consedendo

94 2159 139 2212 eat
159 2166 195 2212 ex
211 2144 307 2240 justis
326 2161 360 2216 et
382 2149 565 2220 necessariis
582 2149 702 2236 causis,
719 2163 801 2246 puta
829 2162 964 2244 propter
981 2171 1156 2218 commune

96 2243 271 2334 servitium,
298 2259 354 2314 aut
375 2243 615 2336 valetudinem,
640 2261 696 2315 out
722 2244 859 2316 salutem
875 2247 1056 2316 animorum
1081 2245 1151 2341 (6).

95 2335 173 2422 Qus
193 2339 276 2412 salus
297 2357 335 2412 ut
356 2342 440 2414 bene
473 2341 674 2416 considerata
712 2359 810 2442 atquc
833 2346 960 2441 provisu
987 2345 1046 2433 ait,
1067 2367 1157 2439 prae-

94 2451 142 2507 ter
177 2463 385 2512 communem
425 2457 460 2512 et
496 2440 698 2514 ordinarium
741 2441 991 2532 confessarium,
1036 2439 1158 2512 debent

93 2536 239 2610 moniales
265 2537 316 2608 bis
340 2553 397 2610 aut
420 2554 471 2610 ter
497 2541 533 2610 in
559 2565 646 2614 anno
669 2538 962 2611 extraordinarium
987 2538 1154 2628 obtinere,

93 2635 142 2704 cui
158 2633 288 2708 liberius
314 2639 445 2708 intimos
460 2639 560 2709 animi
577 2663 687 2712 sensus
702 2637 896 2736 patefaciunt
914 2636 983 2734 (5).

129 2855 171 2938 (1)
191 2859 278 2920 Cone.
302 2855 386 2921 Trid.
401 2877 473 2922 ocos.
499 2862 539 2922 65
556 2879 623 2942 cop.
655 2861 673 2922 b
694 2857 731 2922 dc
750 2855 847 2942 repul.
868 2857 1015 2920 licentium
1030 2854 1156 2936 postulat

92 2939 213 3017 episcopi
229 2940 277 3001 vel
303 2942 476 3020 superioris,
496 2951 526 3004 et
548 2942 614 3003 idco
633 2943 790 3020 quesitum
814 2949 874 3013 est,
892 2959 964 3002 num
986 2941 1154 3022 ingressuro

92 3023 298 3084 monasterium
311 3023 495 3103 regularibus
508 3023 672 3104 subjectum
686 3025 755 3086 satis
769 3024 807 3084 sit
816 3023 902 3084 venio
914 3021 1056 3104 regularis
1068 3039 1156 3099 supe-

91 3101 184 3164 rioris.
204 3105 262 3166 Sed
285 3114 350 3165 tum
372 3105 450 3184 ejus,
474 3115 539 3166 tum
556 3107 681 3186 episcopi
703 3107 819 3166 veniam
838 3105 1015 3182 desiderari,
1038 3111 1072 3166 ut
1090 3104 1156 3181 quis

92 3183 257 3262 bujuunodi
268 3187 442 3248 monasteria
454 3187 649 3269 ingrediatur,
662 3187 718 3248 nisi
730 3185 1057 3248 diuturnaeonsuetudo
1069 3185 1157 3246 unius

92 3268 216 3346 episcopi
230 3271 345 3330 veniam
361 3270 501 3348 postulet,
522 3270 587 3348 plus
599 3270 689 3331 semd
710 3286 882 3349 responsum
902 3277 946 3330 est
964 3289 979 3330 a
994 3273 1025 3331 S·
1047 3271 1155 3348 congr.

91 3349 221 3426 mcclii,
243 3352 287 3411 uti
301 3359 380 3430 patet
393 3369 429 3412 ex
451 3349 502 3413 lib.
524 3354 562 3413 11
577 3349 655 3413 decr.
678 3369 750 3434 pop.
775 3353 835 3412 500
856 3347 906 3412 tto.
933 3353 971 3412 15
982 3369 1054 3433 pop.
1073 3351 1112 3412 11
1129 3357 1158 3410 et

91 3433 161 3508 165,
177 3429 229 3494 tat.
243 3436 281 3494 16
289 3451 363 3515 pop.
377 3433 416 3494 86
427 3441 456 3494 et
466 3453 539 3518 seq,
553 3431 603 3495 lib.
619 3437 656 3496 17
666 3453 740 3516 pop.
755 3435 814 3494 560
828 3443 929 3517 etseq.

127 3513 171 3595 (6)
192 3515 238 3578 Ad
251 3515 328 3576 hanc
340 3516 480 3577 clausurn
493 3517 588 3597 legem
602 3515 653 3577 dili
674 3523 759 3577 enter
773 3515 993 3576 custodiendam
1007 3515 1156 3594 pertinent

91 3601 190 3660 tonat
210 3596 267 3660 libi
284 3597 390 3679 gratim
407 3601 449 3659 11
467 3602 555 3679 Greg.
578 3537 772 3660 xttlimtlor.
789 3605 859 3658 tom.
878 3601 898 3660 1
913 3617 982 3678 por.
1000 3599 1063 3678 dp.
1081 3599 1154 3674 598,

90 3685 192 3742 corut.
210 3678 396 3742 Facultatum
415 3683 473 3742 117
498 3679 579 3742 Pouli
601 3683 627 3740 V
645 3699 716 3763 pop.
734 3682 793 3741 616
810 3688 879 3740 tom.
907 3681 1008 3760 opor.
1029 3681 1062 3756 5,
1079 3680 1158 3758 ejus-

89 3763 217 3838 demque
232 3766 331 3825 const.
346 3758 528 3823 Monioiium
543 3763 602 3824 605
613 3781 683 3846 pop.
703 3764 762 3823 106
777 3770 847 3823 torn.
864 3765 962 3843 bpor.
978 3764 1014 3834 1,
1032 3760 1155 3821 Constit.

89 3851 107 3905 ,1
111 3841 281 3926 postulatos
300 3845 358 3904 108
381 3845 472 3906 clem.
489 3847 527 3906 X.
540 3863 614 3938 pop.
631 3847 690 3906 550
706 3853 728 3907 t.
746 3846 779 3921 7,
800 3851 829 3904 ct
850 3847 949 3906 corut.
963 3839 1102 3904 solutore
1117 3843 1157 3902 10

89 3925 201 3988 Bened.
218 3931 286 3988 XIV
300 3945 371 4021 pop.
388 3928 427 3986 61
442 3934 512 3986 torn.
529 3930 542 3986 1
558 3943 621 4009 epus
631 3923 716 4003 batt,
733 3925 906 3988 odilonem.
924 3925 1011 3986 1751.

138 4008 172 4088 5)
193 4011 281 4070 Cone.
298 4008 382 4070 Trrd.
395 4025 466 4070 sees.
483 4009 522 4068 66
538 4027 605 4090 cop.
624 4011 662 4069 10
676 4007 712 4068 de
725 4005 820 4090 repul.
838 4007 914 4070 Vide
928 4009 1026 4068 const.
1047 4005 1156 4066 Postu-

88 4111 118 4152 ro
134 4090 342 4153 1366116661.
367 4093 435 4152 xlv
455 4107 527 4173 pop.
543 4091 600 4152 661
627 4099 696 4151 tom.
716 4091 750 4168 6,
771 4088 822 4150 ubi
845 4087 937 4149 multu
959 4086 1107 4147 habentur
1120 4085 1157 4148 de
