3142 5188
524 498 755 570 ...585-

93 650 147 729 qui
167 656 334 711 sanctorum
350 647 416 710 elbo
441 647 578 728 adscripti
600 657 684 725 sunt,
697 667 756 712 uon
781 649 852 710 item
876 649 926 728 qui
949 657 1065 712 tentum
1088 651 1169 712 Beati

93 740 251 808 vocantur,
275 739 307 793 ut
329 731 392 792 hec
413 731 515 792 electio
528 729 579 792 fiat
600 749 653 809 per
673 739 791 792 secrete*
810 730 947 812 suffragia
968 732 1006 794 ab
1031 733 1169 797 universo

94 815 219 894 populo,
235 833 302 874 cum
321 813 447 894 episcopi
463 821 493 872 et
503 813 573 874 cleri
585 830 745 890 consensu;
757 819 791 872 ut
813 811 902 890 hujus
912 815 1062 876 electionis
1076 833 1170 878 causer

94 899 161 958 Sao.
187 896 298 957 rituum
324 896 539 978 congregationi
567 896 752 975 aperiantur,
778 895 816 956 ab
840 911 932 973 eaque
960 904 1117 958 noscantur
1142 906 1172 958 et

95 979 312 1058 approbentur.

145 1133 177 1236 §.
204 1134 247 1208 V.
276 1137 350 1210 Dies
379 1135 496 1226 festos,
526 1159 607 1234 quos
630 1133 671 1206 de
700 1150 866 1234 precepto
887 1159 1012 1208 -omnes
1042 1140 1169 1212 intuto

94 1233 177 1308 orbe
207 1235 372 1306 christiani
404 1234 582 1308 observare
623 1232 784 1326 debeant,
816 1235 986 1306 coustituit
1024 1262 1171 1312 summus

96 1332 267 1423 Pontifex,
300 1335 392 1406 cu‘us
412 1349 470 1406 est
501 1335 671 1405 auctoritas
696 1348 730 1404 et
758 1347 898 1430 potestas
927 1335 963 1404 iu
1004 1333 1170 1408 ecclesiam

95 1433 281 1504 universum
320 1359 386 1528 (i).
432 1431 592 1528 Idemque
636 1430 791 1502 diminuit
838 1455 1015 1504 numerum
1060 1435 1172 1506 mino-

97 1555 174 1600 rum
209 1529 366 1602 festorum
404 1528 479 1628 (2),
507 1528 596 1626 quod
632 1553 701 1601 uon
738 1528 851 1602 multis
886 1527 927 1598 ab
971 1529 1048 1602 hinc
1078 1533 1171 1602 mnis

97 1626 221 1700 factum
251 1643 301 1700 est
341 1655 360 1698 a
398 1626 578 1700 Benedicta
626 1624 731 1718 xlv,
761 1630 819 1724 qui
858 1628 1048 1723 rogantibus
1082 1631 1172 1726 epis·

99 1729 188 1823 copis
212 1743 249 1798 et
275 1725 573 1824 conquerentibus,
603 1725 691 1823 quod
724 1741 861 1824 propter
884 1725 1043 1798 festorum
1082 1725 1172 1796 mul-

98 1823 295 1912 titudinem,
339 1827 520 1920 vetitosque
565 1823 690 1898 labores
742 1823 945 1922 pauperibus·
993 1827 1173 1922 eriperetur

98 1925 221 1994 occmio
257 1922 318 1993 sibi
352 1921 489 2020 parandi
527 1923 668 2013 victum,
704 1939 737 1995 et
776 1925 923 1995 universe
966 1948 1052 2020 pene
1090 1923 1170 1995 leste

99 2022 208 2092 minus
242 2019 388 2116 religiose
419 2020 685 2110 observarentur,
720 2019 835 2093 diebus
865 2020 954 2092 iestis
975 2023 1091 2093 ,minus
1118 2047 1173 2094 so-

99 2117 288 2209 lemnibus,
321 2121 449 2215 integro
482 2135 649 2216 praecepto
683 2117 838 2192 audiendi
877 2121 1030 2209 missam,
1076 2119 1172 2192 labo·-

100 2217 194 2288 randi
223 2217 409 2309 facultatem
438 2217 588 2289 attribuit
614 2217 681 2316 (ὅ).

138 2379 182 2460 (l)
205 2381 328 2442 Consule
352 2380 462 2443 Urbsn.
489 2383 558 2443 Vlll
574 2387 667 2444 const.
687 2381 831 2443 Universa
856 2382 916 2442 270
930 2377 1040 2442 bullar.
1064 2383 1170 2443 cont

98 2479 172 2544 pap.
199 2464 269 2524 541.
287 2465 442 2543 Episcopos
463 2463 495 2524 in
509 2482 561 2524 sua
582 2463 698 2524 dioecmi
725 2463 891 2524 diesiestos
913 2465 1071 2542 precipere
1090 2481 1175 2542 posse

101 2544 222 2622 quidam
241 2553 364 2627 negant3
389 2543 441 2606 sed
461 2545 536 2606 mibi
558 2563 578 2606 e
597 2545 710 2626 synodo
724 2545 809 2608 Trid.
825 2563 896 2607 sess.
921 2546 960 2606 st
985 2563 1053 2626 cop.
1073 2547 1112 2606 la
1137 2544 1174 2606 de

100 2624 1105 2791 tttltl‘titltt‘ttttttetltttstttlillittii
1117 2629 1175 2770 ‘li

102 2809 162 2852 sea
177 2791 259 2851 novis
278 2791 359 2854 festis
381 2791 585 2870 precipiendis
603 2792 783 2870 abstineant,
799 2810 837 2853 ue
862 2791 953 2851 nimia
967 2809 1069 2852 eorum
1091 2791 1177 2870 copie

102 2873 172 2933 mali
192 2872 303 2952 aliquid
329 2874 440 2953 pariat,
461 2891 520 2934 uon
544 2881 642 2936 tamen
666 2875 737 2954 ipsis
760 2873 864 2934 adimit
892 2871 967 2934 hanc
992 2873 1170 2934 nectutem.

103 2955 227 3016 Consule
241 2955 381 3018 Concolez
396 2955 429 3016 irs
443 2973 508 3038 cap.
531 2953 588 3018 ult.
605 2974 690 3017 num.
708 2957 746 3018 Π
761 2954 795 3017 de
816 2954 912 3016 Feriis
926 2964 956 3016 et
973 2956 1104 3016 Ferraris
1117 2956 1174 3016 Be

102 3033 205 3098 bliotl.
219 3035 298 3098 oerb.
324 3038 412 3100 Festo
433 3037 467 3099 in
488 3055 556 3098 noo.
572 3036 669 3100 addit.
691 3056 777 3099 acm.
802 3039 833 3098 2.
850 3041 925 3100 Sunt
945 3043 1044 3098 auum
1058 3039 1191 3099 etiamn·

103 3119 303 3199 regularibus,
329 3120 490 3200 ceterisque
511 3121 654 3199 exemptis
677 3117 812 3180 smrondi
826 3117 889 3180 dies
913 3119 996 3193 lecti,
1011 3137 1084 3198 quos
1097 3122 1174 3199 epis-

103 3219 192 3280 copus
205 3201 235 3262 in
250 3220 302 3262 sua
316 3202 432 3264 dioecesi
448 3204 557 3262 servari
565 3203 667 3282 jussit,
680 3220 761 3263 conc.
782 3201 865 3264 Trid.
885 3199 938 3262 loc.
959 3200 1009 3262 ott.
1027 3201 1103 3263 Vide
1120 3204 1178 3265 Gi·-

102 3281 1192 3462 Clitiuttlloilltttiiittflimiti,ttoni,·

103 3449 445 3612 attestanti
458 3447 1173 3623 sustinenturmurinus
1224 3551 1230 3564 .

105 3610 264 3690 prehendit
284 3613 467 3682 Thiersium,
491 3613 542 3691 qui
567 3618 735 3692 putaverat,
763 3611 931 3692 episcopum
958 3629 1041 3690 posse
1068 3611 1099 3670 in
1123 3630 1175 3672 sua

106 3693 224 3754 dioecesi
246 3693 347 3756 tollere
369 3695 433 3758 dies
446 3695 534 3756 iestos
559 3695 590 3755 in
604 3693 739 3756 universa
753 3693 872 3756 ecclesis
882 3701 1028 3773 receptos,
1043 3699 1130 3772 atque
1144 3693 1176 3754 id

104 3783 220 3836 tautum
237 3794 380 3840 asummo
400 3781 485 3839 Pont.
498 3843 499 3846 Ἴ
510 3775 574 3838 fieri
587 3794 670 3856 posse
684 3775 902 3838 animadvertit.
921 3775 1028 3838 Confer
1040 3792 1073 3834 en
1094 3775 1175 3836 dere

103 3857 280 3936 peculiarem
293 3857 526 3921 dissertationem
540 3859 649 3919 editam
663 3861 762 3921 allen.
780 3861 865 3936 XIV,
892 3876 958 3936 quas
971 3857 1114 3937 descripta
1129 3867 1174 3920 est

104 3941 140 4000 in
152 3939 215 4018 ejus
227 3957 315 4019 opere
325 3939 360 4003 de
376 3939 516 4002 Cataonas.
528 3942 582 4002 SS.
598 3937 648 4001 lit.
662 3942 682 4002 d
689 3959 759 4024 pur.
777 3945 796 4003 t
810 3959 877 4035 cop.
892 3941 941 4000 to.

146 4023 189 4103 (5)
200 4022 411 4166 Αοέουᾶιάιιεεει
421 4026 493 4086 lien.
506 4025 675 4086 mucoso.
687 4023 755 4084 Noa
765 4017 854 4083 oculta
864 4023 904 4082 65
914 4017 1024 4083 bccllar.
1039 4022 1053 4081 l
1069 4029 1140 4085 tom.
1154 4026 1177 4087 2.

103 4106 213 4187 pupi
268 4122 282 4165 e
306 4105 376 4168 .cit.

205 4211 283 4258 rou.
311 4211 334 4259 ι.
880 4251 883 4256 .
1012 4181 1074 4278 25.
