3134 5144
559 453 781 528 -sts-

142 601 204 744 ,ill
226 601 305 664 Vide
326 602 500 684 lligantium
522 601 564 666 od
584 599 679 685 runt.
701 599 862 666 cancellar.
888 603 937 666 tv
957 602 985 686 S.
1015 607 1029 666 l
1055 623 1142 668 num.
1166 611 1206 670 20

128 703 141 744 e
166 703 228 768 seg.

171 836 204 938 ς.
233 835 360 909 LXIX.
390 837 511 910 Officia
540 855 620 911 suut
652 841 800 914 canonici
831 837 988 935 Theolcgi
1019 857 1053 913 et
1091 839 1207 913 Poeni·

124 937 278 1008 tentiarii.
310 934 498 1032 Utrumque
527 939 671 1010 instituit
690 933 868 1010 concilium
894 936 1111 1010 Latercnense
1136 937 1205 1028 lV,

122 1033 214 1131 quod
241 1030 396 1104 habitum
423 1049 473 1104 est
494 1033 692 1107 Innocentio
717 1034 764 1105 lll
792 1032 955 1108 Pontifice
980 1035 1054 1131 (l),
1080 1051 1207 1106 utrum·

123 1157 189 1227 que
201 1129 356 1228 probarit
370 1129 515 1229 synodus
532 1131 727 1204 Tridentino
742 1131 820 1228 (ἓ),
848 1147 881 1204 et
898 1148 1078 1228 utrumque
1094 1157 1207 1206 omnes

122 1228 265 1300 eeclesiis
291 1227 491 1300 cathedrales
517 1245 551 1300 et
581 1229 759 1326 collegistae
787 1233 823 1300 in
859 1227 968 1326 aliquo
999 1231 1116 1324 insigni
1142 1255 1207 1328 op·

121 1325 203 1422 pido
247 1326 418 1396 existentes
461 1325 581 1398 habere
619 1325 755 1398 debent.
804 1327 862 1398 Est
913 1341 1023 1396 sutem
1061 1330 1206 1400 canonici

122 1421 303 1516 Theologi,
336 1447 437 1518 quem
470 1423 643 1519 theologie
672 1423 781 1494 lnurea
809 1423 970 1495 donatum
1003 1447 1070 1494 esse
1109 1449 1205 1520 opor-

121 1536 173 1590 tet
207 1517 283 1612 (ὅ),
313 1515 426 1589 Sacros
467 1518 538 1590 Scri
563 1537 652 1592 turns
680 1519 863 1618 explicare,
894 1535 951 1589 aut
988 1518 1123 1590 clericos
1156 1545 1206 1590 res

122 1615 324 1708 theologicas
351 1614 488 1688 edocere
528 1547 601 1714 dl),
666 1640 709 1688 uo
737 1641 875 1688 munere
915 1641 991 1686 cum
1036 1615 1204 1709 iungitur,

122 1710 316 1808 praebendae
337 1711 461 1784 fructus
482 1729 517 1784 et
544 1643 748 1812 quotidianas
773 1711 1018 1784 distributiones
1045 1714 1203 1810 percipit,

123 1808 267 1906 perinde
280 1833 315 1880 ae
329 1807 431 1882 choro
447 1812 614 1883 interesset
631 1811 699 1909 (5).

168 1980 211 2060 (l)
235 1983 309 2062 Cup.
326 1985 346 2042 l
361 1980 397 2042 de
408 1981 577 2064 Magistris.

166 2061 209 2142 (2)
230 2063 394 2125 Concilium
406 2063 617 2126 tridentinum
632 2081 704 2128 sess.
718 2067 844 2148 ttcapt
863 2061 899 2126 de
910 2059 1031 2146 resono
1047 2079 1108 2124 non
1118 2061 1206 2124 modo

121 2143 254 2224 theologi
266 2143 396 2206 officium
407 2145 531 2206 retineri
546 2147 638 2208 voluit
655 2147 687 2208 in
698 2147 735 2208 iis
748 2145 889 2222 eccloeiis,
907 2144 939 2206 in
951 2143 1059 2223 quibus
1068 2143 1130 2222 jum
1144 2152 1206 2205 erat

122 2225 310 2302 institutum,
323 2225 375 2286 sed
391 2227 479 2288 etiem
493 2225 625 2305 addidit,
641 2227 721 2306 quod
738 2252 751 2282 s
766 2231 800 2292 ln
814 2225 941 2288 ecclesiis
954 2225 1205 2304 metropolitanis,

123 2307 172 2368 rel
188 2305 418 2386 cathedralibus,
430 2307 454 2370 si
466 2307 568 2370 civitas
582 2309 706 2390 insignis
716 2307 762 2368 vel
771 2308 922 2388 populosa,
935 2325 968 2368 ac
979 2307 1067 2366 etiam
1078 2305 1207 2386 collegia·

122 2391 163 2449 tis
177 2387 373 2448 existentibus
386 2388 417 2448 in
436 2389 533 2468 utiquc
553 2391 663 2472 insigni
680 2389 806 2470 oppido,
828 2389 917 2450 etiam
932 2387 1041 2449 nullius
1058 2385 1205 2464 diensis,

121 2471 145 2531 si
159 2467 203 2530 ibi
214 2469 312 2530 clerus
322 2487 498 2531 numerosus
510 2469 616 2550 luerit,
632 2471 684 2534 ubi
695 2471 775 2532 nulls
786 2468 961 2550 praebenda,
976 2475 1026 2530 cut
1041 2467 1206 2548 prestimo-

122 2551 229 2627 nium,
243 2567 296 2612 seu
307 2551 489 2630 stipendium
503 2551 673 2632 hujusmodi
687 2551 859 2632 deputatum
873 2553 1035 2630 reperitur,
1048 2549 1206 2628 prebenda

119 2630 418 2710 quomodocumque,
433 2639 630 2714 preterquam
641 2651 678 2694 ex
689 2651 773 2695 musa
784 2633 1004 2714 resignationis,
1016 2633 1113 2708 primo
1123 2627 1208 2691 racel

119 2721 206 2788 tura,
223 2712 271 2806 cpi
294 2713 375 2774 aliud
402 2732 476 2774 onus
491 2713 709 2810 incompactae
730 2715 894 2793 injunctum
918 2713 1050 2808 nonsit,
1075 2709 1112 2770 cd
1136 2729 1205 2772 eum

119 2795 953 2954 &stittpltttttttttdtttttttlttttt
962 2791 1206 2950 :ttlst‘ttt

121 2954 275 3018 commode
285 2953 487 3038 fietipoteriQ
503 2957 692 3020 comunione
699 2954 881 3041 pmsdoe,
890 2955 1027 3038 proxime
1036 2961 1203 3031 cocetum,

122 3036 161 3099 οὐ
181 3037 320 3119 episeopo
332 3037 455 3100 institui
470 3039 558 3117 jussit
570 3039 701 3120 synodus
714 3038 1032 3101 tridentensem
1050 3053 1118 3118 cop.
1134 3038 1153 3096 8
1168 3033 1204 3099 de

123 3117 253 3200 reform.
268 3121 406 3180 Testatur
418 3126 517 3180 autem
531 3125 597 3183 Van
611 3125 706 3200 Espen
717 3127 802 3200 port.
819 3123 834 3181 l
858 3118 904 3182 tit.
920 3121 960 3182 ll
981 3137 1018 3180 ca
1041 3161 1049 3178 .
1069 3115 1130 3198 5§.
1147 3117 1202 3194 ts,

122 3199 206 3342 gpod
218 3200 252 3260 in
265 3198 338 3260 locis
347 3199 525 3278 quibusdam
538 3200 775 3282 penitentiarum
787 3218 847 3262 non
860 3218 977 3264 merum
990 3216 1008 3260 o
1042 3199 1136 3273 dum,
1151 3197 1204 3260 sed

146 3281 257 3362 'gnitcs
269 3279 423 3358 habeatur,
437 3282 478 3342 ite
490 3289 588 3346 tamen
598 3289 633 3342 ut
644 3281 836 3342 novissimum
848 3279 926 3343 inter
940 3280 1097 3362 dignitates
1107 3278 1203 3340 locum

123 3361 268 3422 obtineat.
290 3362 432 3423 Similiter
449 3361 619 3447 theologum
641 3363 720 3424 inter
734 3361 891 3442 dignitates
914 3368 1045 3423 recenset
1063 3361 1125 3439 ipse
1139 3363 1204 3422 Vsu

124 3446 220 3522 sapen
240 3439 296 3504 tce.
327 3443 375 3503 eit.
398 3443 444 3504 tit.
466 3446 503 3506 ll
530 3465 598 3529 cap.
618 3447 650 3506 6.
673 3447 787 3506 Verum
806 3444 838 3505 id
856 3443 902 3505 rel
920 3443 1101 3505 fundationis
1123 3441 1203 3522 lege,

124 3525 172 3584 tel
190 3524 331 3604 peculiari
352 3525 483 3586 locorum
501 3524 716 3590 consuetudine
732 3527 842 3587 sactum
859 3532 919 3600 est;
945 3543 1013 3586 nam
1033 3523 1204 3604 theologum

126 3612 157 3664 et
167 3605 423 3685 poemtenuartum
435 3625 553 3672 merum
566 3625 630 3670 esse
646 3605 776 3668 officium
790 3605 943 3687 respondit
965 3623 1023 3666 sac.
1043 3623 1203 3686 congrega-

124 3686 168 3748 tio
179 3687 296 3748 concilii
307 3686 343 3748 in
354 3691 490 3750 Murano
502 3695 540 3754 tu
550 3685 658 3776 aprilis
671 3690 761 3768 toto,
774 3690 845 3752 etin
855 3690 961 3752 sumn.
973 3683 1204 3770 poenitentiario

125 3769 166 3829 Μ
178 3765 561 4010 if'dllirltiiienetteum
576 3853 644 3914 XIV
659 3849 755 3913 instit.
772 3849 871 3913 eccles.
889 3851 928 3912 st
942 3867 1028 3911 nom.
1046 3849 1075 3908 s.

162 3847 195 4009 l*
229 3929 384 3992 Benedict.
404 3933 474 3992 XlV
488 3929 524 3992 de
537 3929 645 4014 synod.
662 3930 779 3996 dieses.
798 3930 851 3994 tto.
870 3933 909 3994 45
930 3947 997 4012 cap.
1015 3931 1034 3988 9
1059 3941 1144 3986 num.
1163 3925 1202 3985 tt

121 4011 302 4075 canonicum
317 4010 498 4092 Theologum
521 4031 575 4076 suo
588 4015 705 4076 muneri
718 4014 882 4076 satisfacere
896 4009 1119 4086 animadvertit,
1141 4005 1203 4068 sire
