3140 5168
546 439 767 516 -stl-

114 585 270 648 necessitas
294 587 499 665 constituitur,
524 589 575 650 sad
597 589 702 650 modus
726 585 937 668 prescribitur,
961 605 1051 668 quem
1073 603 1191 648 serrare

114 676 244 748 oportet,
264 683 331 730 cum
344 670 430 730 venia
447 670 546 732 datur.
563 671 647 732 llaud
667 671 760 731 multo
781 677 846 750 post
861 670 946 733 Trid.
969 668 1115 749 synodum
1139 669 1191 747 jus

114 750 818 831 removendilmpedimeaumatrimoniitrnmm
828 750 1187 832 ll.Pontilicispropr¹inm
1222 821 1227 836 ι

115 842 299 914 agnoverunt
313 834 434 896 concssia
452 839 566 898 l'nrou.
584 835 630 898 tit.
647 837 667 896 9
686 833 723 896 de
742 834 889 912 matrim,
910 843 940 894 et
960 835 1056 896 Tolos-
1076 851 1148 915 pcr.
1169 833 1188 892 2

114 935 185 997 cap.
200 913 285 978 dccl.
306 918 426 978 llutos
443 919 522 978 lect
539 926 562 979 t.
581 921 621 979 lo
636 913 692 978 col.
715 917 812 979 llard.·
832 916 936 978 llcritu
954 917 1045 997 igitur
1061 917 1191 995 optimus

115 999 404 1078 sapientissimusque
421 1001 555 1061 Pontifex
569 1001 639 1061 Pius
653 1003 710 1074 Vl,
730 994 819 1078 quem
835 997 888 1059 diu
904 1002 983 1060 Deus
997 1005 1093 1058 sonet
1106 997 1189 1058 inco-

115 1079 227 1141 lumem
239 1081 371 1142 omnium
380 1081 471 1160 hono,
482 1081 586 1143 litteris
596 1082 672 1142 datis
683 1080 732 1142 die
742 1083 782 1142 28
793 1080 1068 1156 Novembrisllssti,
1080 1088 1190 1159 prater

116 1169 242 1239 eeteros,
268 1161 418 1224 damnavit
441 1181 573 1226 errorem
592 1164 704 1244 llyhclii
730 1162 850 1242 aientia,
880 1159 1128 1241 dipensationem
1155 1179 1189 1220 re

117 1245 295 1306 servatione·
314 1245 475 1324 indebitas,
503 1254 591 1326 atque
617 1246 759 1326 episcopis
785 1244 942 1324 injuriosas
967 1261 1039 1305 csse.
1065 1243 1189 1306 Consule

117 1327 235 1388 doctiss.
248 1327 460 1403 llamachium,
472 1330 523 1408 qui
534 1329 571 1388 dc
584 1329 651 1408 jure
670 1327 936 1406 diqrmsadouum,
954 1325 1034 1403 quod
1051 1326 1083 1386 in
1100 1330 1188 1388 llum.

118 1407 259 1470 Pontidce
273 1411 363 1484 inest,
379 1411 524 1490 gravitm,
539 1411 647 1485 solide,
660 1415 794 1470 accurate
807 1409 937 1488 disprutm
949 1408 979 1469 in
993 1408 1086 1484 libro,
1100 1425 1189 1486 quem

43 1555 52 1573 ,
118 1509 213 1568 nuper
230 1489 325 1552 edidit
346 1492 426 1554 Posti
447 1489 581 1555 Aletltioi
602 1493 738 1562 nominc,
760 1498 860 1552 contra
878 1499 1027 1552 auctorem
1058 1490 1189 1570 opusculi

119 1570 200 1648 Quid
217 1582 260 1634 est
285 1575 392 1657 Pupc?
406 1593 452 1656 ep.
483 1573 576 1657 5§.9
598 1593 672 1658 pop.
688 1576 749 1636 2³2
766 1583 836 1634 mm.
858 1576 892 1648 l,
917 1579 947 1633 et
971 1571 1015 1634 cl.
1040 1580 1189 1632 auctorem

119 1651 345 1732 dissertationis,
360 1675 422 1739 quc
435 1655 605 1740 defenditur
616 1659 654 1718 lt.
671 1653 827 1740 Pontificis
843 1653 1006 1717 cucwritas
1017 1652 1050 1715 ia
1064 1649 1190 1736 impedi-

120 1737 459 1830 mentamctrimooicm
471 1737 658 1801 dirimentis.

164 1891 184 1992 §
233 1891 357 1966 cxlx.
389 1895 514 1966 Verum
545 1898 572 1966 si
599 1894 681 1994 quid
708 1897 806 1966 etiarn
837 1919 877 1966 ex
897 1893 1029 1992 juribus
1062 1894 1190 1991 episco-

121 2015 238 2085 porum
270 1991 475 2084 detractum,
512 1997 539 2064 si
569 1996 713 2092 ipsorum
742 2020 779 2065 ea
811 1995 847 2062 in
871 2017 908 2063 re
936 2005 1058 2062 arctata
1085 1991 1190 2088 juris-

120 2088 220 2160 dictio
238 2089 405 2180 videatur,
432 2094 504 2190 quis
524 2109 622 2188 neget
645 2091 679 2162 id
703 2118 760 2163 suo
773 2093 851 2189 jare
872 2090 994 2160 facturn
1019 2091 1191 2159 asummis

119 2183 352 2279 Pontificibus,
381 2216 442 2287 pro
468 2216 638 2287 supremo,
665 2216 764 2287 quam
792 2189 915 2260 habent
941 2191 976 2258 in
995 2203 1063 2258 tote
1086 2187 1191 2258 eecle-

122 2289 183 2372 sia,
218 2301 377 2382 potestate
405 2288 484 2384 (l)?
518 2290 745 2386 Primipcttt'a
784 2287 941 2386 quidem,
977 2301 1014 2354 ut
1051 2301 1189 2376 vocant,

122 2385 184 2454 siut
214 2387 291 2482 jura
326 2387 573 2482 episcoporum,
608 2409 684 2483 quae
719 2385 761 2456 ad
790 2383 1049 2485 jurisdictionem
1088 2385 1193 2480 perti-

121 2497 214 2572 nent,
250 2508 352 2580 eaque
379 2483 564 2582 jurisdictio
594 2509 612 2553 a
651 2481 781 2555 Christo
813 2497 980 2581 repetatur
1020 2481 1088 2577 (2).
1126 2477 1192 2551 Sed

121 2579 190 2651 haec
222 2578 263 2650 ab
294 2583 364 2677 ipsc
393 2579 523 2654 Christo
551 2585 596 2652 ita
623 2583 773 2653 instituta
794 2598 862 2672 est,
898 2595 935 2650 ut
973 2579 1030 2650 uni
1064 2603 1193 2650 summo

123 2681 271 2750 omnium
314 2681 412 2776 capiti
460 2696 494 2752 et
536 2679 733 2754 moderatori
774 2679 918 2752 subesset
961 2676 1040 2774 (5);
1084 2701 1192 2773 neque

123 2773 286 2865 Christus,
319 2801 396 2848 curn
425 2803 499 2850 eam
534 2781 691 2877 episcopis
719 2777 830 2868 dedit,
875 2776 983 2847 divisit
1020 2775 1192 2864 dioeceses,

121 2891 152 2943 et
181 2875 321 2972 singulis
352 2891 457 2947 certos
480 2876 650 2975 adscripsit
678 2876 844 2965 subditos,
877 2877 911 2945 in
938 2897 1020 2972 quos
1044 2872 1196 2972 jurisdic-

121 2976 244 3044 tionem
273 2971 364 3044 illam
394 2991 593 3047 exercerent.
626 2973 664 3044 ld
696 2989 803 3046 totum
835 2973 958 3044 iactam
991 2972 1032 3042 ab
1061 2969 1193 3042 ecclesia

122 3089 179 3156 est,
210 3087 244 3142 et
275 3071 397 3142 factum
425 3099 500 3146 cum
529 3099 627 3173 opera
659 3088 694 3143 ct
729 3074 920 3144 auctoritate
946 3073 1067 3142 summi
1099 3068 1194 3141 Pon·

122 3171 237 3260 tiliois,
269 3171 339 3242 siue
370 3197 437 3268 quo
466 3197 541 3242 vera
570 3169 701 3244 ecclesia
731 3196 798 3242 esse
828 3195 898 3242 non
927 3185 1047 3266 potest.
1081 3167 1196 3265 ltaque

119 3267 300 3360 jurisdictio
330 3273 555 3369 episcoporum
591 3296 610 3340 a
642 3267 791 3355 Christo,
827 3293 902 3338 usus
938 3283 972 3338 et
1007 3269 1196 3338 exercitium

125 3366 222 3465 hujus
247 3368 480 3465 jurisdictionis
511 3371 547 3439 irr
581 3383 685 3439 certos
713 3365 859 3438 subditos
892 3366 933 3436 sb
969 3365 1100 3437 ecclesie
1131 3381 1191 3436 est.

162 3535 208 3622 (l)
228 3541 314 3602 Gonc.
328 3540 413 3604 Trid.
426 3557 498 3604 aem.
512 3543 551 3603 ll
562 3557 628 3622 cap.
645 3537 711 3601 lde
721 3541 807 3602 Sacc.
822 3539 906 3600 Pon.
925 3565 939 3594 a
954 3539 1071 3614 llerito,
1085 3536 1194 3616 inquit,

128 3619 284 3683 Pontifices
306 3624 435 3695 Maximi,
461 3641 515 3703 pro
536 3638 672 3702 supremo
693 3629 837 3701 potestate
855 3621 912 3682 sibi
931 3622 961 3681 in
989 3621 1107 3683 ecelesia
1128 3619 1197 3678 uni-

125 3719 209 3765 verso
228 3704 350 3780 tradita,
369 3723 468 3766 musas
487 3705 597 3785 aliquas
614 3705 771 3766 eriminum
794 3703 942 3786 graviores
964 3721 1017 3764 suo
1038 3709 1196 3780 potuerunt

126 3786 264 3862 peculiari
280 3787 392 3864 judicic
405 3805 564 3848 reservare.
586 3811 600 3840 a
621 3789 685 3863 Qua
703 3785 734 3846 in
749 3805 784 3848 re
800 3785 874 3848 illud
890 3786 921 3846 in
945 3784 1048 3864 primis
1065 3783 1197 3842 animad-

128 3875 242 3929 vertere
256 3877 386 3947 oportet,
402 3869 481 3948 quod
496 3871 520 3930 si
536 3887 602 3948 que
620 3876 747 3948 potestas
762 3869 902 3948 episcopis
918 3865 985 3946 jure
1003 3865 1109 3928 Divino
1125 3881 1197 3924 con-

129 3967 204 4011 cessa
223 3950 336 4032 integra
355 3951 483 4030 relinqui
502 3951 604 4027 debet,
627 3969 659 4011 ea
683 3959 762 4011 certe
777 3959 821 4011 est
841 3957 966 4030 potestas
990 3945 1157 4008 absolvendi
1180 3965 1197 4006 a

129 4031 358 4114 quibuscumque
373 4035 516 4115 pcccatis,
530 4051 618 4114 quam
638 4032 763 4113 amplam
781 4051 814 4094 ac
832 4032 914 4092 nullo
934 4030 1022 4091 moda
1038 4027 1197 4091 cohibitam
