3106 5170
785 442 835 459 -
859 400 932 472 476
950 429 1006 456 ···-

157 515 160 524 ³
211 523 244 570 ¹,
346 552 490 648 ¹singulis
523 549 711 626 criminibus
748 530 939 623 constitutae
967 547 1007 620 a'
1027 547 1204 623 canonibus
1232 571 1339 645 poenae
1383 550 1431 620 in·

357 652 530 768 lligaptur3
559 675 674 722 verum
711 648 892 722 sacerdotes
916 647 1038 720 debent
1070 647 1245 722 salutm
1279 659 1315 719 et
1346 671 1430 720 ocn-

138 709 142 716 Ι
271 739 293 796 ⁵·
359 761 531 821 mentes
568 748 823 843 crescerem
869 751 1057 845 injungere
1092 745 1165 842 (5),
1196 769 1272 844 quae
1309 743 1431 816 scilicet

170 856 213 942 '[.
229 879 245 944 .'
308 849 312 864 '
357 861 432 944 apte
472 849 666 918 conveniant
701 844 742 918 ad
785 870 880 920 norae
918 847 992 916 vitae
1031 843 1212 916 custodiam
1242 859 1341 940 atque
1388 843 1429 914 ad

110 955 115 964 “
148 969 154 994 ²
189 955 197 1050 J
211 967 227 1024 ,·
323 941 326 947 ‘
357 960 564 1043 peccatorum
605 946 859 1040 castigationem.
901 941 987 1017 Hinc
1025 943 1234 1040 paenitentiae
1266 943 1428 1032 ministri,

327 1053 396 1112 'tut
424 1067 482 1114 suo
511 1057 598 1114 recte
622 1067 759 1114 munere
787 1042 880 1137 fungi
912 1042 1057 1138 possint,
1086 1042 1168 1113 scire
1189 1039 1313 1112 debent
1335 1066 1430 1124 cano

358 1165 415 1212 nes
458 1138 714 1238 poenitentiales,
757 1156 797 1210 ut
837 1139 916 1210 inde
955 1140 1131 1210 criminum
1168 1141 1361 1235 gravitatem
1398 1154 1431 1210 ct

348 1237 491 1336 dignam
511 1239 647 1310 crimine
666 1239 896 1338 poenitentiam
911 1252 1046 1309 noscam
1065 1236 1132 1334 (t).
1354 1238 1358 1245 ’

398 1449 440 1532 (l)
462 1451 611 1514 Solemncs
624 1451 748 1532 publicae
762 1451 941 1531 paenitentiae
954 1449 1064 1534 gradus
1077 1451 1133 1514 GP.
1147 1447 1265 1512 sustulit
1275 1449 1427 1514 Nectarius

357 1533 521 1612 patriarcba
536 1537 606 1611 ct,
622 1533 704 1614 eujus
715 1534 881 1614 exemplum
894 1535 983 1596 etiam
992 1533 1114 1612 reliqum
1125 1550 1290 1614 graecurum
1303 1531 1430 1593 ecclesie

359 1613 440 1676 brevi
458 1624 588 1696 sequutae
606 1623 686 1678 sunt.
707 1615 831 1678 Consule
847 1615 891 1680 cl.
907 1619 957 1678 Fr.
978 1617 1013 1678 t.
1031 1616 1211 1689 Zacrariam,
1228 1613 1279 1694 qui
1299 1633 1365 1676 rem
1385 1623 1429 1676 to-

357 1705 418 1757 tam
439 1698 597 1780 diligenter
623 1699 747 1778 explicat
769 1695 891 1760 diutrsb.
921 1693 956 1760 de
975 1695 1152 1780 punitentia
1180 1697 1241 1758 ΟΡ.
1265 1693 1386 1758 sublata
1411 1715 1431 1756 c

358 1779 497 1841 Nectario
518 1779 551 1842 in
576 1775 707 1842 thesaur.
729 1776 853 1862 theolog.
873 1789 944 1842 tom.
968 1781 1003 1841 ll
1024 1797 1098 1862 pag.
1124 1779 1196 1842 290.
1216 1781 1249 1840 ln
1272 1777 1429 1840 Occidente

357 1869 441 1921 vetus
457 1862 505 1922 illa
520 1861 672 1940 disciplina
686 1861 798 1924 diutius
812 1861 951 1924 obtinuit.
966 1863 1040 1924 Nam
1053 1861 1148 1924 latini
1162 1869 1262 1923 octavo
1284 1867 1427 1936 excunte,

357 1961 493 2022 nonoque
511 1943 633 2004 ineunte
656 1945 777 2020 saeculo,
802 1943 910 2026 gradus
934 1943 1000 2005 illos
1024 1943 1155 2024 integros
1171 1939 1359 2022 retinebant,
1388 1942 1428 2002 uti

357 2033 438 2103 patet
452 2043 488 2085 ex
505 2025 713 2103 capitularibus
736 2027 831 2088 Caroli
846 2029 887 2089 Μ.
909 2035 939 2086 et
956 2023 1095 2088 Ludcvici
1113 2025 1157 2088 Pii
1176 2021 1227 2086 tc.
1248 2025 1321 2086 ὅσα
1345 2067 1352 2084 .
1371 2025 1427 2086 156

357 2105 436 2184 apud
450 2107 599 2168 Baluzium
611 2105 735 2190 capitul.
756 2127 819 2191 reg.
840 2111 983 2170 Francor.
1004 2114 1075 2168 tona
1094 2107 1107 2168 l
1130 2103 1187 2168 col.
1204 2107 1296 2168 sese
1322 2151 1329 2166 .
1355 2107 1425 2166 Ven.

359 2189 449 2248 1772.
468 2189 563 2251 bledio
581 2209 647 2250 smc.
668 2193 709 2251 tx
725 2191 868 2250 solemnes
887 2190 1067 2270 prenitentioe
1080 2189 1156 2249 ritus
1179 2195 1322 2250 memorat
1342 2189 1425 2250 Nico-

357 2269 420 2329 laus
439 2273 451 2334 l
472 2289 518 2352 ep.
537 2267 578 2329 cd
592 2267 789 2332 Ricolcdrum
805 2271 911 2352 episc,
935 2269 1014 2351 apud
1030 2270 1120 2332 labb.
1142 2279 1213 2332 tom.
1232 2273 1251 2332 8
1270 2289 1348 2332 cerac.
1370 2267 1424 2331 ecl.

359 2353 418 2412 503
431 2349 478 2412 ed.
500 2353 583 2430 ven,
601 2362 629 2414 et
641 2371 687 2436 ep.
703 2354 742 2414 il
756 2350 798 2414 cd
815 2353 976 2414 Hincmcr.
990 2355 1126 2414 flentem.
1143 2348 1198 2414 col.
1214 2353 1287 2429 bib,
1303 2360 1421 2412 etconc.

359 2435 575 2496 wormatiense
590 2454 643 2495 cn.
661 2435 721 2495 868
739 2453 807 2498 cen.
824 2435 863 2496 50
881 2431 937 2496 col.
960 2433 1020 2496 tta
1039 2441 1109 2495 tom.
1128 2437 1145 2496 5
1165 2430 1233 2496 coll.
1259 2433 1346 2496 llard.
1365 2433 1422 2496 scd

358 2515 394 2576 iis
413 2515 445 2574 in
463 2514 533 2577 locis
551 2524 665 2577 tantum
680 2523 740 2580 tres
759 2517 940 2596 penitentie
957 2515 1064 2598 gredau
1078 2515 1300 2588 describuntur,
1317 2515 1422 2576 scilicet

355 2597 471 2674 Fletus,
488 2597 621 2676 auditio,
645 2599 853 2675 Consistcntin,
871 2599 1018 2661 omittitur
1031 2607 1129 2659 autem
1150 2597 1331 2674 Substratio,
1348 2597 1426 2676 qnod

357 2680 445 2741 etiam
464 2677 500 2739 lit
512 2681 544 2740 in
560 2681 690 2760 epistolis
707 2700 815 2743 summ.
835 2680 1011 2744 Pontificum
1027 2687 1057 2742 et
1074 2679 1198 2742 decretis
1217 2679 1424 2754 conciliorum,

356 2759 470 2842 quead
483 2779 547 2822 eam
565 2769 682 2824 oetatm
696 2763 859 2842 pertinent.
873 2763 1008 2842 Denique
1020 2781 1087 2824 saec.
1106 2765 1162 2826 ΧΗ
1180 2761 1289 2844 gradm
1309 2761 1353 2823 illi
1366 2780 1428 2842 poe·

356 2841 489 2904 nitentioe
506 2843 584 2923 apud
598 2845 715 2907 Latinos
728 2846 791 2906 lere
805 2845 916 2926 ubique
938 2845 1104 2924 desierunt,
1122 2853 1210 2924 atque
1226 2843 1290 2923 ejus
1308 2851 1428 2906 mutate

357 2923 519 3004 discipline
531 2943 624 2988 cause
638 2929 800 3007 praesertim
813 2927 934 2988 luerunt
945 2926 1091 2988 canonicas
1106 2926 1286 3006 peanitentiae
1296 2944 1427 2988 cummu-

183 3041 189 3054 ·
241 3048 244 3064 .
356 3007 428 3068 tatio
446 3025 514 3068 cum
529 3009 616 3069 certis
629 3009 765 3088 precibus
784 3017 815 3068 ct
826 3009 956 3088 corporis
969 3007 1109 3090 flagellis,
1131 3025 1198 3070 cum
1223 3009 1350 3087 pecunia
1367 3009 1426 3070 ccl·

355 3089 413 3150 lata
430 3087 461 3150 in
475 3107 618 3168 pauperes
636 3097 725 3170 atquc
745 3091 778 3151 in
789 3089 861 3152 alios
878 3091 941 3170 pios
963 3109 1033 3152 usus
1050 3108 1204 3168 munerea,
1228 3096 1279 3150 aut
1291 3108 1364 3152 cum
1385 3091 1427 3152 la·

355 3169 472 3232 borioso
487 3170 585 3249 aliquo
611 3189 718 3252 opere,
740 3173 872 3252 quadiu
893 3171 1004 3234 bouum
1026 3171 1155 3236 ecclesie
1181 3169 1382 3252 redundaretg
1400 3181 1428 3233 et

355 3252 423 3316 ideo
433 3261 597 3332 peccatores
613 3272 689 3334 sepe
703 3262 772 3316 sunt
789 3255 863 3335 jussi
883 3273 963 3316 arma
977 3271 1080 3334 capere
1095 3261 1196 3317 contra
1214 3253 1371 3316 hereticos
1381 3261 1428 3316 ant

355 3333 501 3411 infideles,
523 3343 553 3396 et
567 3337 730 3399 communis
752 3356 843 3418 prope
864 3336 1067 3418 theologorum
1087 3337 1149 3416 ejus
1170 3337 1427 3400 nauseamentis

354 3417 428 3495 tuit,
454 3418 655 3496 penitentiam
682 3420 713 3481 in
739 3419 803 3480 loro
825 3419 1008 3481 conscientie
1030 3419 1187 3481 sacerdotis
1214 3417 1340 3481 arbitrio
1367 3437 1428 3481 esse

356 3499 608 3642 constituenplami
627 3519 694 3580 quae
715 3501 813 3563 omnin
832 3501 891 3562 late
910 3507 1028 3562 euamat
1048 3501 1179 3564 llorinus
1203 3497 1238 3563 da
1261 3501 1350 3564 Poese.
1376 3499 1425 3563 lib.

361 3585 447 3646 toea
470 3585 510 3642 .l
547 3591 576 3643 ct
610 3585 639 3644 ll.

397 3600 563 3747 (utpuagna
579 3673 642 3726 erat
655 3671 789 3728 veterum
806 3667 927 3728 Petrum
943 3685 1013 3727 cura
1027 3675 1058 3728 et
1075 3665 1243 3746 diligentia,
1261 3673 1294 3728 ut
1307 3667 1429 3748 propria

355 3747 497 3824 remedia,
519 3754 550 3808 et
568 3747 646 3827 justa
668 3764 723 3828 pro
743 3765 920 3828 unoquoque
944 3748 1067 3810 crimine
1088 3747 1268 3828 paenitentiae
1294 3753 1428 3830 tempora

356 3830 614 3892 constituerentur.
628 3831 667 3892 lla
692 3829 730 3890 de
750 3847 785 3890 rc
800 3829 940 3911 agebatur
956 3831 987 3891 in
1009 3831 1154 3907 masiliis,
1173 3828 1224 3890 nbi
1242 3829 1344 3911 plures
1357 3849 1428 3893 con-

318 3967 323 3978 ,
356 3911 412 3972 diti
428 3920 499 3973 sunt
519 3929 656 3984 canones,
674 3910 900 3974 consulebantur
924 3915 1011 3974 etism
1033 3915 1195 3995 primarum
1212 3914 1326 3976 sedium
1349 3914 1427 3994 epis-

355 3994 436 4076 copi,
461 4003 490 4058 et
516 3997 567 4076 qui
590 3994 694 4058 ceteris
713 3995 821 4076 pietate
841 4014 874 4058 ac
894 3995 1026 4060 doctriua
1050 4003 1240 4079 praetarenn
1262 4003 1293 4058 et
1313 3995 1346 4060 bi
1359 4014 1426 4058 suas
