3134 5144
552 473 772 544 -275-

178 619 208 720 ᾗ.
237 617 371 691 XXlll.
400 617 478 690 ldeo
502 645 580 690 vero
616 619 814 692 desideratur
845 619 1071 710 confirmatio,
1103 625 1197 693 utin

134 717 292 790 electionis
322 719 498 806 rationem,
531 720 565 790 in
611 744 736 810 mores,
770 734 867 816 atque
896 721 931 790 in
961 723 1075 792 merito
1104 721 1198 792 electi

133 815 240 888 sedulo
268 819 453 914 inquiretur
484 817 551 914 (l).
587 815 671 886 Nam
702 843 761 914 per
788 843 858 888 enm
882 820 1051 916 episcopus
1082 843 1199 890 conse-

133 917 241 1011 quitur
266 914 500 1009 jurisdictionis
530 929 725 1012 potestatem
756 915 829 1012 (2),
858 941 958 1014 quam
995 917 1021 987 si
1054 933 1199 988 exerceat

135 1029 206 1084 ante
248 1013 550 1104 confirmationem,
580 1015 635 1112 jus
675 1015 796 1086 emittit
833 1013 1051 1088 exelectione
1080 1018 1199 1112 quaesi-

134 1125 199 1180 rum
218 1110 289 1207 (s).

182 1307 210 1382 1)
232 1309 306 1389 Cop.
326 1307 380 1384 19,
398 1308 452 1384 22,
468 1305 555 1369 etde
569 1304 652 1370 elect.

182 1387 210 1465 2]
231 1392 305 1470 Cup.
323 1391 362 1450 15
380 1387 444 1450 eod.
462 1389 510 1450 tit.

184 1469 211 1550 ὅ)
233 1473 304 1552 Cep.
326 1473 364 1532 17
384 1469 448 1532 eod.
467 1491 533 1568 sap.
557 1469 657 1532 deod.
680 1469 713 1532 io
735 1473 766 1532 6.
786 1469 862 1532 Vide
878 1471 965 1532 etiarn
991 1474 1112 1535 timrstit.
1138 1479 1198 1537 lto-

142 1551 216 1611 moei
236 1551 394 1636 Pontifices
416 1556 433 1614 5
452 1554 522 1617 sutri
542 1556 568 1615 ll
584 1561 653 1614 tom.
673 1555 777 1635 ὅρον.
796 1554 815 1612 5
831 1571 903 1636 pop.
925 1555 984 1616 tot
1002 1550 1126 1618 bellerii
1140 1555 1197 1618 ult.

144 1629 206 1692 edit.
228 1635 365 1712 sunan,
386 1653 459 1714 quo,
479 1633 660 1696 confirmetis
678 1633 878 1714 superioribus
897 1653 929 1696 ea
949 1635 987 1697 de
1006 1653 1040 1696 re
1059 1639 1201 1701 constitu-

143 1713 275 1792 tionibus,
293 1725 412 1778 cnutum
432 1725 490 1795 est,
515 1724 549 1777 ut
569 1719 620 1796 qui
641 1725 839 1797 episcopatum
857 1715 954 1797 adepti
973 1726 1042 1780 sunt
1064 1722 1095 1782 in
1120 1721 1202 1782 curia

143 1797 256 1858 Romans
268 1799 380 1860 litteras
391 1799 561 1879 apostoliens
574 1799 650 1860 intre
666 1817 775 1860 annum
789 1799 947 1878 impetrore
959 1799 1097 1878 debeant,
1112 1811 1200 1881 atque

141 1886 198 1940 ente
208 1898 253 1940 eos
261 1881 431 1961 impetratus
441 1881 573 1943 ecclesiae
587 1881 870 1944 administrationem
881 1883 1028 1962 suscipere
1040 1893 1197 1963 nequeunt.

176 2084 203 2186 §.
231 2086 363 2160 XXIV.
393 2087 481 2160 Olim
510 2087 716 2162 confirmatio
739 2114 756 2158 e
784 2088 988 2186 metropolite
1012 2088 1132 2178 fiebat,
1164 2108 1198 2161 et

134 2211 201 2254 cum
223 2212 317 2276 eam,
347 2203 384 2258 ut
412 2187 612 2284 plurimum,
647 2189 753 2258 statim
786 2189 947 2284 exciperet
981 2191 1196 2278 consecratio,

134 2285 176 2353 vix
205 2283 245 2354 sb
272 2284 371 2356 ultera
400 2283 676 2380 distinguebatur,
707 2285 787 2357 adeo
817 2300 854 2357 ut
880 2288 1047 2382 episcopus
1076 2302 1198 2356 utram·

132 2407 190 2476 que
204 2382 304 2454 simul
327 2399 522 2480 potestatem
544 2399 577 2454 et
603 2383 836 2482 jurisdictionis
869 2398 903 2454 et
930 2381 1051 2455 ordinis
1081 2388 1197 2482 ecqui-

132 2505 196 2552 rere
222 2479 402 2552 rideretur.
440 2479 564 2552 Verum
597 2481 801 2554 confirmatio
826 2497 860 2552 et
899 2483 1093 2554 consecratio
1131 2482 1197 2554 duo

131 2603 252 2677 semper
269 2578 420 2650 distinctu
444 2579 596 2670 luerunt,
620 2606 658 2651 ue
686 2605 814 2675 semper
841 2576 976 2649 firmum
1002 2582 1197 2650 immotum-

132 2702 189 2772 que
215 2677 281 2749 luit
298 2703 358 2774 per
387 2675 475 2748 illum
502 2677 753 2775 jurisdictionis,
783 2703 841 2774 per
869 2675 953 2746 benc
974 2701 1049 2746 vero
1076 2675 1197 2749 ordinis

12 2783 14 2834 l
133 2775 267 2847 conferri
313 2791 519 2871 potestatem.
566 2775 662 2847 Nunc
700 2777 845 2873 primum
882 2776 1023 2871 episcopi
1059 2773 1100 2844 ab
1129 2776 1197 2846 eliis

12 2883 14 2956 t
132 2871 237 2964 electi,
272 2889 328 2942 eut
352 2875 529 2962 nominati,
554 2900 572 2943 c
598 2899 726 2946 summo
756 2872 917 2944 Pontifice
946 2871 1195 2965 confirmentur,

12 2959 14 3038 i
131 2988 235 3065 posteo
272 2996 385 3042 eorum
408 2974 603 3044 consecratio
642 2971 828 3070 perficitur,
863 2973 911 3042 uti
939 2969 1196 3042 demonstratum

12 3143 13 3146 Ἴ
131 3095 220 3166 supra
236 3084 301 3141 est.
322 3068 407 3140 Cum
434 3085 523 3140 extro
547 3073 669 3142 curiam
693 3069 873 3142 Romanam
902 3067 995 3140 electi
1019 3095 1144 3159 mores,
1164 3088 1198 3142 et

12 3203 13 3264 p
132 3185 229 3239 cetera
258 3171 339 3239 scitu
365 3171 537 3239 necessaris
569 3167 814 3266 expenduntur,
826 3193 1006 3266 processus
1025 3166 1197 3239 conficitur

12 3343 13 3348 ἵ
131 3265 176 3336 rel
207 3294 226 3337 n
262 3265 388 3337 Nuntio
416 3265 607 3362 apostolico,
643 3267 691 3336 vel
724 3266 765 3336 ab
805 3266 985 3354 ordinario,
1014 3265 1063 3336 rel
1086 3267 1112 3335 si
1144 3266 1198 3338 hic

12 3389 13 3440 3
133 3361 229 3456 desit,
251 3389 270 3434 a
297 3363 500 3434 vicinioribus
514 3363 682 3435 ordinariis
694 3365 747 3460 (l)
771 3381 805 3434 et
821 3362 950 3434 indeed
966 3361 1082 3433 urbem
1099 3381 1197 3436 trans-

132 3465 285 3551 mittitur,
309 3460 379 3551 ubi,
396 3465 519 3532 cunctis
536 3461 776 3557 diligentissime
802 3463 988 3560 perpensis,
1016 3463 1051 3531 in
1072 3466 1196 3533 consis-

12 3605 13 3628 t
133 3564 209 3632 torio
231 3559 373 3632 refertur
393 3558 433 3628 od
452 3584 617 3630 summum
635 3559 843 3648 Pontificem,
868 3584 941 3658 quae
951 3565 1196 3657 proconisottb

12 3679 13 3682 ¹
133 3655 267 3750 dicitur,
295 3656 414 3728 deinde
450 3659 485 3727 in
519 3657 619 3729 altero
647 3663 833 3731 consistorio
869 3658 1032 3728 ludicinm
1070 3657 1192 3748 fertur,

135 3781 203 3851 quae
219 3758 339 3829 dicitur
402 3761 542 3854 opositt'o
550 3811 562 3846 ,
590 3783 687 3852 quem
714 3759 822 3828 stetim
839 3759 985 3852 sequitur
1007 3753 1193 3846 decretum,

12 3881 13 3916 1
133 3855 230 3948 quod,
261 3857 416 3928 consutis
433 3854 667 3944 cardinalibus,
695 3882 712 3924 e
737 3880 864 3926 summo
891 3849 1050 3926 Pontifice
1070 3855 1195 3949 emitti-

12 3961 14 3994 t
130 3964 179 4021 tur
208 3953 276 4050 (2).
313 3953 460 4050 Episcopi
487 3953 607 4044 ltnliae,
638 3969 735 4050 atque
766 3952 948 4024 insularum
977 3947 1192 4046 adjacentium

12 4095 13 4102 1
130 4073 234 4122 eoram
258 4077 385 4122 summo
424 4051 585 4125 Pontifice
613 4079 631 4122 a
661 4051 890 4141 cardinalibus,
928 4045 1068 4144 praeletis
1092 4065 1189 4147 utque

222 4175 298 4220 ror.
327 4174 350 4220 ι.
1031 4147 1087 4216 12.
