3100 5182
798 331 1023 406 -108-

374 499 408 552 et
426 480 514 556 idem
553 495 602 552 est
633 478 735 569 ordo,
767 494 869 578 atque
904 505 969 549 una
1000 477 1181 576 eademque
1207 495 1348 576 potestas
1375 507 1452 553 om·
1548 535 1549 556 2

371 582 466 651 nium
488 580 736 675 episcoporum,
764 603 842 648 eum
863 602 972 674 neque
993 577 1232 674 metropolite,
1254 605 1362 676 neque
1386 605 1452 675 pa-

372 675 542 765 triarehae,
573 701 681 772 neque
704 677 773 784 ipse
798 699 945 744 summus
961 674 1113 745 Pontifex
1137 673 1287 746 ordinem
1307 676 1454 748 habeant
1548 735 1549 754 ἶ

373 774 414 844 ab
457 776 643 871 episcopatu
680 771 883 843 drstinotum.
922 769 1007 842 Nam
1035 773 1070 842 in
1117 775 1172 862 iis,
1207 800 1283 871 quae
1324 774 1452 845 ordinis
1548 837 1549 854 ,

367 887 469 960 sunt,
491 873 528 944 in
550 872 701 968 episeopo
728 872 813 941 inest
831 869 1004 966 plenitudo
1029 872 1215 965 potestatis,
1243 897 1318 968 quoe
1339 872 1452 963 aDeo

371 971 443 1065 ipso
469 995 528 1066 per
554 993 641 1058 sese,
670 970 735 1038 sire
766 967 992 1053 immodaote,
1018 983 1057 1036 nt
1089 969 1202 1065 ajunt,
1242 969 1452 1040 ordinatione

369 1067 539 1138 tribuitur.
564 1063 774 1163 Quamquam
797 1065 886 1136 enim
907 1080 1106 1134 sacramenta
1132 1065 1306 1137 hominum
1329 1068 1451 1136 minis-
1548 1075 1549 1110 ³

368 1167 454 1236 terio
482 1180 702 1262 peragantur,
741 1165 788 1232 ris
808 1177 921 1232 tamen
947 1187 1061 1233 eorum
1089 1189 1108 1232 a
1142 1163 1212 1234 Deo
1239 1165 1309 1260 ipso
1333 1187 1449 1260 proee-

371 1259 440 1350 dit3
463 1277 498 1332 et
522 1261 616 1351 ideo,
645 1286 720 1332 cum
752 1258 794 1330 ab
825 1283 885 1348 eo,
918 1262 976 1356 qui
999 1258 1097 1330 habet
1126 1275 1339 1356 potestatem,
1363 1259 1449 1332 ordo

197 1421 200 1428 .
292 1377 296 1383 '
371 1360 434 1430 rite
458 1359 645 1449 confertur,
671 1357 753 1430 nihil
780 1355 1017 1454 impedimento
1049 1383 1116 1428 esse
1141 1373 1248 1454 potest
1271 1359 1450 1454 quonimus

255 1523 258 1530 .
370 1459 420 1531 uis
440 1459 593 1554 impressa
619 1470 820 1528 sacramento
846 1457 1010 1526 mnsistat.
1043 1455 1092 1524 Ex
1120 1480 1187 1552 quo
1212 1455 1373 1544 efficitur,
1407 1473 1448 1526 ut
1548 1517 1549 1520 ,

396 1557 427 1625 ui
465 1553 566 1624 semel
598 1557 722 1652 aooepit
748 1552 871 1624 ordinis
941 1567 1110 1642 testatem,
1142 1553 1339 1647 islegitimo
1366 1555 1448 1650 qui-

370 1581 449 1722 dem
472 1655 542 1749 ejus
566 1677 629 1722 usu
654 1651 821 1748 prohiberi
845 1675 902 1720 mu
918 1652 957 1719 tis
983 1649 1025 1720 de
1050 1651 1152 1720 causis
1168 1653 1288 1746 possit,
1308 1647 1364 1720 sed
1399 1653 1446 1721 ris
1548 1669 1549 1672 ’

369 1751 438 1846 ipsa
463 1751 631 1846 potestatis
657 1773 785 1845 semper
807 1747 946 1837 haereat,
973 1746 1054 1819 adeo
1077 1763 1115 1818 ut
1142 1764 1285 1844 nequeat
1305 1747 1445 1838 auferri,

370 1848 551 1918 coeroerire
582 1847 645 1932 ita,
678 1861 717 1916 ut
745 1869 816 1916 non
855 1843 993 1935 efficiat,
1034 1843 1124 1942 quod
1164 1845 1293 1918 efficere
1332 1843 1446 1918 divino

368 1945 519 2030 instituto
544 1941 655 2014 debet.
688 1941 800 2032 Quare
827 1945 996 2040 episeopus
1027 1945 1343 2032 excommunicatus,
1370 1942 1445 2015 hae·

369 2043 507 2130 retious,
550 2039 789 2129 schismaticus,
826 2065 902 2110 eum
933 2043 995 2110 rite
1036 2040 1164 2134 eonfert
1200 2039 1342 2128 ordinis,
1386 2056 1446 2112 aut

340 2183 342 2187 ·
368 2137 626 2210 confirmationis
647 2151 868 2228 sacramenta,
893 2139 993 2235 impie
1015 2137 1148 2236 quidem
1175 2142 1260 2234 agit,
1288 2137 1345 2209 sed
1374 2155 1445 2208 rata

366 2234 464 2307 firma
480 2234 687 2309 confirmatio
704 2235 932 2332 ordinatioque
948 2250 1009 2304 est.

414 2393 445 2494 ς.
474 2393 533 2464 IV.
562 2393 687 2464 Verum
721 2393 909 2465 hierarchiae
946 2409 980 2465 et
1014 2397 1181 2490 potestatis
1207 2394 1442 2494 jurisdictionis
1548 2395 1549 2400 ’

366 2493 464 2588 longe
488 2491 537 2561 dis
562 2516 597 2561 ar
621 2507 669 2562 est
694 2493 788 2562 ratio.
816 2489 901 2562 Cum
927 2494 1015 2562 enim
1041 2517 1078 2564 ea
1099 2491 1241 2590 pendeat
1265 2493 1306 2563 ab
1334 2495 1445 2590 impe·
1548 2511 1549 2550 f

367 2591 416 2661 rio
440 2591 475 2664 io
500 2518 668 2678 suidiros,
690 2615 799 2686 neque
822 2587 884 2660 hoo
914 2591 1090 2685 imperium
1118 2593 1152 2660 in
1184 2589 1336 2662 omnibus
1360 2593 1445 2688 epis-

367 2689 455 2784 eopis
472 2713 576 2758 unum
591 2685 746 2784 idemque
757 2689 819 2778 sit,
837 2685 930 2756 facile
946 2686 1158 2782 intelligitur,
1170 2687 1311 2786 dispares
1327 2710 1444 2760 eorum

367 2783 488 2880 gradus
520 2810 588 2856 esse
616 2801 781 2881 oportere.
827 2781 939 2868 Quare
971 2784 1031 2854 alia
1064 2800 1113 2854 est
1140 2785 1325 2884 jurisdictio
1360 2788 1430 2884 epis

367 2885 460 2979 copi,
491 2885 549 2980 qui
578 2907 678 2952 unam
707 2882 870 2953 dioecesim
892 2884 993 2977 regit,
1025 2881 1087 2952 alia
1116 2882 1353 2982 metropolitae,
1384 2884 1444 2979 qui
1548 2955 1549 2960 ,

366 2981 561 3074 provineiae,
602 2978 664 3048 alia
707 2978 917 3077 patriarchae,
965 2981 1021 3074 qni
1069 2977 1219 3076 pluribus
1268 2981 1444 3078 provinciis
1548 2975 1549 3058 Ῑ

366 3091 506 3172 praeest,
532 3073 593 3146 alia
619 3075 762 3172 denique
796 3079 916 3146 summi
953 3075 1141 3166 Pontificio,
1166 3103 1266 3175 quem
1292 3075 1444 3149 Christus

367 3175 429 3244 toti
454 3170 597 3244 ecelesiae
613 3171 780 3268 praefeoit,
801 3198 967 3270 quemque
983 3199 1049 3244 esse
1079 3173 1179 3246 voluit
1207 3177 1277 3274 ejus
1298 3191 1397 3274 eaput
1408 3191 1444 3246 et

367 3271 731 3464 pentruqrounitatism
760 3295 826 3367 quo
855 3285 973 3342 cuneta
1000 3269 1141 3344 eoelesiae
1171 3273 1317 3346 membra
1343 3297 1444 3369 eopu·

381 3383 479 3438 entur
555 3420 563 3436 .
1548 3393 1549 3402 ,

406 3537 448 3618 (t)
470 3538 609 3614 consule,
631 3547 740 3617 preter
761 3547 884 3616 eeteros,
899 3543 930 3601 S.
954 3543 1080 3603 Leonem
1108 3543 1148 3604 tt.
1172 3541 1259 3625 epist.
1284 3539 1438 3625 ttinfio.

367 3637 436 3702 opp.
453 3627 523 3681 tom.
541 3616 626 3681 teol.
644 3623 715 3702 ott,
728 3619 798 3684 edit.
817 3625 916 3686 verer.
936 3619 1027 3685 1755.
1548 3627 1549 3646 ¹

416 3771 449 3872 §.
477 3771 520 3844 V.
551 3773 696 3845 Potestas
731 3775 820 3866 haro,
859 3803 936 3875 quae
954 3779 1190 3878 jurisdictionis
1217 3776 1357 3870 dicitnr,
1383 3796 1444 3850 aut

367 3873 552 3968 regiminis,
593 3897 660 3944 non
698 3875 744 3946 ita
780 3873 922 3950 eoheoet
960 3875 1083 3952 ordinis
1114 3877 1287 3974 mutuo,
1328 3891 1366 3946 ur
1398 3875 1441 3947 ab
