3140 5168
581 397 801 514 ..ero-'-

149 609 189 666 ut
212 594 278 682 vis,
301 589 446 688 indeque
484 605 574 662 ortus
606 607 712 662 metus
733 593 862 663 irritum
893 595 1139 666 matrimonium
1173 595 1227 667 fa-

148 693 234 781 eiat,
268 689 368 762 debet
395 713 463 760 esse
489 690 612 785 gravis,
645 705 678 760 et
708 714 775 786 quo
800 693 849 760 vir
878 689 971 763 sortis
1002 709 1037 764 et
1059 685 1227 765 >constans

147 787 311 862 afficiatur
348 785 426 883 (i);
453 803 613 884 praeterea
643 787 684 857 ab
714 787 848 862 homine
885 790 1005 887 injuste
1033 789 1141 863 illatus
1160 817 1228 864 esse

147 887 269 984 debet,
336 889 387 956 uia
408 887 435 956 si
457 911 558 982 quem
585 883 690 958 Judex
712 901 804 957 metu
841 907 1138 986 poeoarumeogat
1167 901 1229 962 riu·

148 987 230 1057 bere
258 1011 305 1084 pu
348 1007 396 1074 ω,
428 985 481 1055 oui
501 999 554 1055 stu
578 1009 651 1054 rnm
671 979 812 1076 'intuiit‚
840 987 949 1084 justus
971 985 1024 1076 hio
1039 981 1227 1068 ²metusest

147 1083 259 1182 elegis
281 1085 419 1179 imperio
440 1009 621 1180 proretiiena
649 1097 682 1154 et
704 1081 779 1154 ideo
803 1085 928 1182 nuptie
946 1081 1128 1158 consistunt
1151 1087 1223 1184 (⁶2).

147 1182 209 1253 Est
238 1197 347 1254 autem
379 1179 503 1252 iudicis
523 1196 648 1252 metum
682 1179 884 1278 expendere,
918 1184 1064 1277 gratisne
1087 1187 1147 1276 sit,
1185 1211 1227 1256 an

146 1281 228 1352 levis
259 1296 294 1351 et
322 1279 425 1350 inania
454 1277 530 1376 (5);
566 1305 603 1352 ao
633 1303 718 1376 saepe
751 1304 836 1352 noro
862 1277 1032 1378 liberoq'ue
1069 1307 1227 1356 consensu

149 1375 343 1452 convalescit
360 1379 620 1467 matrimonium,
639 1375 731 1475 quod
746 1379 876 1450 irritum
898 1393 1005 1450 metus
1022 1377 1169 1477 ieoerat(
1195 1383 1222 1478 ).

192 1573 235 1655 (1)
257 1577 330 1656 Cep.
352 1573 539 1650 6161118
561 1570 765 1655 desponset,
790 1571 949 1656 canitie
972 1575 1077 1658 coqui
1100 1573 1227 1636 domin

149 1655 287 1719 marom.
301 1673 395 1738 quom
406 1652 471 1738 poi.
483 1673 541 1738 por
553 1652 683 1716 adulter.

90 1753 93 1760 ·
194 1735 236 1820 (2)
260 1741 333 1820 Cap.
349 1741 363 1798 1
378 1735 413 1798 de
423 1733 526 1798 Aduo.
541 1743 569 1797 ot
582 1745 694 1819 stupe,
707 1755 776 1820 cop.
791 1735 877 1800 totio
890 1735 998 1881 sgooe.
1012 1737 1186 1800 otmotrim.

204 1823 222 1882 6
255 1819 379 1881 Consule
392 1824 521 1900 Fagnan.
534 1817 566 1879 in
579 1837 605 1880 o.
623 1815 891 1882 consttutionem
928 1817 1048 1902 ponant.
1064 1840 1096 1880 n.
1112 1822 1162 1882 ta.

204 1905 222 1963 1
257 1903 331 1983 Cop.
348 1903 383 1964 nt
406 1899 442 1963 de
458 1901 563 1984 Spono.
583 1909 713 1962 otmotr.
730 1901 806 1964 Vide
821 1903 908 1964 etiam
927 1905 1017 1983 Fagn.
1036 1902 1069 1962 in
1083 1923 1109 1964 o.
1128 1903 1160 1963 io
1174 1901 1229 2043 qui

151 1982 241 2046 eodo
256 1984 364 2066 Spono.
385 2003 417 2045 n.
437 1985 491 2061 11,
509 1982 560 2044 ubi
575 1982 766 2048 habeseade
780 2002 813 2048 re
826 1984 1228 2048 editamuSPioneea-

154 2067 317 2128 rationem.

200 2237 230 2340 3.
269 2237 401 2310 CXLV.
426 2237 548 2312 Eadem
580 2253 629 2312 eat
669 2263 763 2312 cama
789 2255 922 2336 raptus,
957 2241 1015 2336 qui
1041 2251 1131 2310 vetat
1152 2261 1229 2308 eon·

149 2339 263 2410 sistere
291 2339 556 2428 matrimonium,
593 2335 684 2434 quod
715 2340 803 2408 inter
829 2353 995 2433 raptorem
1035 2351 1069 2406 et
1100 2351 1227 2433 raptem

151 2452 356 2508 contractum
391 2435 463 2506 fuit.
505 2433 624 2506 Mulier
666 2437 755 2506 enim
795 2461 855 2532 per
888 2437 955 2532 vim
989 2433 1152 2524 abducta,
1190 2461 1227 2506 ao

151 2537 291 2630 raptoris
319 2535 457 2629 imperio
498 2548 694 2630 aspectuque
736 2535 820 2604 truci
845 2537 1037 2629 perterrita,
1072 2556 1140 2603 non
1184 2536 1229 2601 vi-

150 2631 249 2703 detur
289 2647 405 2703 sonte
443 2633 478 2702 in
515 2633 645 2728 nuptias
680 2633 874 2704 eonsentire.
931 2631 1040 2728 Atque
1083 2631 1225 2728 antiquis

151 2729 287 2826 quidem
303 2658 440 2826 iegibus
467 2755 638 2826 nunquam
654 2731 723 2827 ipsa
753 2730 876 2826 raptori
906 2730 1113 2800 matrimonio
1143 2753 1225 2800 oon-

144 2830 244 2926 jungi
265 2843 395 2926 poterat
423 2826 498 2924 (1),
526 2825 583 2898 oed
607 2853 697 2900 nuno
722 2841 849 2923 potest,
879 2828 906 2896 si
931 2852 948 2898 a
976 2842 1107 2923 raptore
1130 2851 1226 2924 aepa-

151 2942 219 2996 rata
256 2943 355 3023 atque
387 2928 424 2998 in
455 2924 528 2998 looo
565 2939 636 2998 tuto
672 2927 849 2998 eonstituta
877 2923 979 2996 libere
1016 2926 1226 3014 assentiatur,

148 3027 228 3121 quin
252 3023 369 3122 procui
404 3037 453 3095 eet
473 3037 600 3116 metus,
633 3025 691 3120 qui
715 3049 810 3094 suurn
845 3021 973 3094 mulieri
1000 3021 1170 3094 arbitrium
1193 3039 1228 3094 et

150 3120 290 3195 liberum
310 3120 513 3194 voluntatem
530 3119 694 3194 adimebat
710 3120 779 3217 (2).

192 3293 236 3376 (1)
259 3295 335 3355 Coo.
349 3296 384 3355 11
399 3313 425 3354 o.
442 3295 481 3356 36
496 3313 526 3377 q.
542 3295 573 3354 1.
590 3293 667 3356 Vide
683 3293 771 3355 etiam
784 3291 850 3356 eod.
869 3291 1015 3356 Theodos.
1032 3291 1082 3355 lib.
1096 3295 1114 3355 9
1127 3293 1173 3356 tit.
1189 3295 1229 3356 24

152 3373 188 3437 de
203 3385 296 3458 rupto
317 3374 429 3457 oirqio.
445 3372 492 3436 oei
506 3373 640 3452 vitiator„
663 3375 700 3437 L.
718 3379 733 3438 1
762 3383 791 3437 ot
813 3377 849 3436 t.
871 3377 951 3437 onio.
973 3373 1037 3438 eod.
1056 3375 1226 3439 Jostioion.

153 3457 215 3519 eod.
239 3457 299 3533 tit,
317 3466 345 3517 et
366 3457 535 3536 capitularia
551 3476 655 3540 regum
673 3461 778 3520 Frane.
798 3455 849 3520 lib.
868 3459 886 3518 6
903 3477 971 3540 oop.
993 3460 1031 3518 69
1053 3465 1123 3519 tom.
1141 3461 1154 3520 1
1173 3455 1227 3519 eoi.

153 3542 212 3602 617
231 3537 302 3600 edit.
328 3537 453 3601 Bolozii
477 3543 550 3603 Vere.
577 3541 674 3616 troz·
697 3542 785 3602 Cone.
812 3540 950 3603 Cheioed.
971 3559 1039 3602 ooo.
1061 3543 1099 3600 27
1121 3541 1227 3601 torni

150 3622 259 3684 Lahbei
277 3617 332 3683 eoi.
352 3619 493 3683 16111οά.
519 3623 591 3685 Vero.
614 3647 627 3676 u
647 3625 719 3698 Eos,
739 3623 791 3702 qui
810 3623 930 3684 nomine
947 3622 1074 3704 conjugii
1091 3621 1229 3682 mulieres

152 3707 282 3784 rapiunt,
307 3704 355 3764 vel
378 3713 464 3783 opem
484 3705 595 3780 ferum,
616 3722 649 3766 ae
669 3705 856 3768 consentiunt
881 3705 933 3780 iis,
963 3705 1013 3783 qui
1038 3705 1175 3783 rapiunt,
1202 3703 1227 3764 ai

152 3796 221 3848 sunt
231 3785 352 3866 quidem
368 3785 464 3847 olerioi
479 3787 598 3867 proprio
611 3787 703 3869 gradu
719 3787 853 3850 excidere
860 3785 963 3870 juben
978 3786 1024 3847 sin
1038 3793 1136 3846 autem
1149 3785 1227 3862 laici,

152 3868 406 3930 anathematizari.
422 3893 435 3922 r

194 3950 235 4032 (1)
256 3952 344 4012 Cone.
363 3949 448 4012 Trid.
465 3967 537 4012 sesa.
557 3951 597 4012 ot
622 3968 689 4032 cop.
715 3951 733 4011 6
753 3947 788 4012 de
810 3946 902 4032 rosor.
929 3956 1048 4024 mate„
1068 3965 1134 4030 cop.
1156 3949 1175 4008 ⁷
1194 3945 1229 4008 de

152 4040 265 4116 ruptor.
292 4035 411 4094 Cortum
429 4049 517 4112 porro
532 4041 575 4094 est
597 4043 714 4112 raptum
740 4033 886 4094 violenter
912 4039 1060 4111 patratum
1087 4030 1229 4094 dirimens
