3134 5144
722 917 932 1005 8ΕοΤ10
969 919 1096 1003 Vlll.

634 1139 670 1204 lle
682 1139 861 1221 nigrioribus,
876 1138 1059 1216 lamnatilrr,
1072 1138 1174 1203 (illeiis.

833 1325 977 1338 *-

365 1465 449 1518 mvn
477 1477 502 1518 et
525 1465 631 1518 exult.
655 1465 721 1528 onis
742 1465 862 1535 dignitas,
940 1467 1013 1518 Llllil
1052 1465 1085 1517 ad
1123 1464 1232 1516 Lxxnt.
1267 1463 1443 1516 Archidiaeoai

414 1532 457 1583 uid
540 1542 621 1594 natus,
630 1532 691 1600 quid
700 1531 863 1584 affieinmsitl
974 1547 1064 1582 munus
1085 1542 1110 1583 et
1130 1539 1247 1647 ptrxtestas.

362 1597 383 1647 L
415 1597 446 1648 x.
515 1599 601 1650 enieras
609 1599 746 1666 theologus.
940 1597 1036 1648 txxtv
1059 1607 1084 1648 et
1110 1597 1130 1646 L
1176 1598 1204 1646 V.
1230 1595 1319 1646 lluntu
1342 1605 1368 1646 et
1398 1609 1443 1661 po-

362 1661 434 1715 lel.
452 1663 589 1716 monens
599 1662 802 1732 penitentiariua.
974 1673 1048 1714 testas
1058 1660 1261 1730 archipresbyteri

796 1800 828 1902 t.
858 1801 1003 1874 varr.

412 1975 499 2048 Sortr
530 2002 549 2046 e
580 1975 762 2064 eanonieis,
802 1975 861 2071 qui
891 1973 1068 2069 dignitate,
1098 1985 1295 2070 personatu,
1328 1969 1445 2044 officio

360 2099 379 2144 a
407 2076 522 2144 ceteris
543 2073 802 2168 distinguuntur.
838 2069 1034 2170 Hujusmodi
1063 2085 1141 2141 sunt
1169 2067 1438 2158 archidiaconus,

360 2169 633 2270 archipresbyter,
650 2169 805 2260 decanus,
823 2171 1029 2268 praepositus,
1047 2166 1279 2256 thesaurarius,
1293 2167 1438 2263 aliique,

362 2271 419 2366 qui
455 2294 524 2341 non
553 2267 659 2340 solum
691 2267 815 2338 babent
852 2268 1105 2355 canonicatum,
1138 2263 1194 2336 sed
1234 2264 1331 2334 etiam
1362 2289 1443 2361 quae

361 2369 475 2436 esteris
500 2368 662 2437 canonicis
693 2365 883 2437 eommunia
905 2387 974 2436 non
999 2377 1096 2453 sunt,
1128 2377 1185 2432 aut
1210 2376 1338 2432 eertum
1364 2387 1444 2434 mu-

362 2485 444 2552 nus,
473 2478 531 2533 aut
557 2461 690 2534 honoris
714 2464 983 2559 praerogatiram,
1003 2475 1061 2532 aut
1088 2485 1165 2532 eum
1192 2457 1317 2530 honore
1335 2459 1444 2556 juris-
1548 2525 1549 2528 ,

361 2558 559 2647 dictionem,
583 2577 617 2632 et
643 2559 770 2650 officia,
786 2575 996 2656 personatus,
1021 2557 1195 2654 dignitates
1216 2553 1440 2653 appellentur.

361 2655 438 2730 Non
455 2656 544 2729 idem
568 2673 618 2729 est
642 2659 679 2730 in
703 2657 856 2730 omnibus
879 2652 1021 2729 ecelesiis
1048 2653 1286 2728 cathedralibus
1311 2668 1345 2723 et
1365 2653 1447 2725 ool-

361 2750 476 2850 legatis
501 2781 617 2828 eorum
658 2779 815 2828 numerus
843 2769 879 2828 et
906 2756 1011 2842 ratio;
1047 2778 1086 2825 aa
1115 2751 1253 2848 longum
1286 2766 1370 2822 esset
1398 2751 1446 2824 de

361 2851 513 2923 omnibus
527 2851 716 2949 singillatim
735 2853 855 2924 dicere.

408 2993 440 3094 §.
479 2995 632 3069 LXVlll.
671 2999 798 3070 Totum
827 3001 863 3070 in
907 2995 957 3070 his
987 2997 1085 3070 rebus
1121 2993 1254 3068 eonfieit
1293 3021 1370 3068 usus
1408 3014 1448 3068 et

360 3091 562 3165 consuetudo
604 3095 825 3168 eeclesiarum.
873 3093 985 3182 Quare
1021 3093 1201 3166 ridendum
1236 3109 1305 3184 est,
1356 3094 1447 3191 quid

359 3192 477 3286 cuique
509 3191 545 3260 in
584 3191 719 3293 singulis
757 3191 874 3264 datum
899 3195 941 3264 sit
967 3195 1130 3282 muneris,
1163 3191 1245 3288 quid
1284 3189 1444 3284 honoris,

359 3287 440 3384 quid
462 3288 719 3385 jurisdictionis3
738 3305 771 3362 et
794 3315 904 3388 unusq
929 3293 937 3308 '
979 3316 1039 3380 ue,
1097 3313 1148 3361 uae
1169 3287 1229 3359 sibi
1251 3303 1329 3359 sunt
1344 3313 1448 3360 eom-

358 3386 482 3481 missaa,
510 3403 618 3480 partes
640 3387 778 3486 implere
806 3387 917 3460 debet.
1030 3386 1046 3456 l
1094 3391 1120 3458 'a
1153 3389 1294 3482 primam
1326 3385 1448 3481 digni-
1546 3401 1547 3449 i

359 3496 460 3552 tatem
506 3482 704 3582 plerumque
744 3485 898 3556 obtinent
934 3483 1174 3574 archidiaconi,
1207 3485 1244 3554 in
1284 3483 1448 3580 Hispania

356 3594 390 3648 et
419 3577 589 3650 Lusitania
625 3583 760 3674 denani,
796 3584 832 3653 in
868 3580 1043 3654 Germania
1069 3583 1240 3678 praepositi
1268 3579 1333 3676 (l).
1370 3579 1449 3655 Nos

356 3675 399 3748 de
414 3673 558 3746 duobus
583 3681 778 3752 nominatim
801 3705 934 3776 agemus
962 3677 1095 3768 officiis,
1130 3703 1205 3776 quae
1233 3703 1347 3750 omnes
1374 3675 1447 3750 ha-

355 3771 438 3844 bent
470 3773 611 3848 eoelesiae
642 3776 861 3859 cathedrales,
891 3804 929 3850 ae
956 3777 998 3850 de
1029 3775 1156 3849 duabus
1201 3773 1444 3870 dignitatibus,

358 3872 477 4039 quibps
505 3897 667 3946 summam
697 3892 772 3975 post
794 3877 983 3974 episcopum
1012 3875 1237 3948 auctoritatem
1260 3871 1446 3947 decretales
1545 3869 1546 3909 r

357 3983 433 4041 attrr
459 3987 555 4042 uunt.
