<?xml version="1.0" encoding="UTF-8"?>
<!DOCTYPE html PUBLIC "-//W3C//DTD XHTML 1.0 Transitional//EN"
    "http://www.w3.org/TR/xhtml1/DTD/xhtml1-transitional.dtd">
<html xmlns="http://www.w3.org/1999/xhtml" xml:lang="en" lang="en">
 <head>
  <title>
</title>
<meta http-equiv="Content-Type" content="text/html;charset=utf-8" />
  <meta name='ocr-system' content='tesseract 3.04.00' />
  <meta name='ocr-capabilities' content='ocr_page ocr_carea ocr_par ocr_line ocrx_word'/>
</head>
<body>
  <div class='ocr_page' id='page_1' title='image "./institutionumca00devogoog_0093.png"; bbox 0 0 3100 5182; ppageno 0'>
   <div class='ocr_carea' id='block_1_1' title="bbox 793 387 989 460">
    <p class='ocr_par' dir='ltr' id='par_1_1' title="bbox 793 387 989 460">
     <span class='ocr_line' id='line_1_1' title="bbox 793 387 989 460; baseline 0 -14"><span class='ocrx_word' id='word_1_1' title='bbox 793 387 989 460; x_wconf 81' lang='lat'>..88-</span> 
     </span>
    </p>
   </div>
   <div class='ocr_carea' id='block_1_2' title="bbox 164 531 1421 928">
    <p class='ocr_par' dir='ltr' id='par_1_2' title="bbox 164 531 1542 932">
     <span class='ocr_line' id='line_1_2' title="bbox 164 531 1416 634; baseline -0.008 -22"><span class='ocrx_word' id='word_1_2' title='bbox 164 583 167 588; x_wconf 95' lang='lat'>·</span> <span class='ocrx_word' id='word_1_3' title='bbox 226 559 242 598; x_wconf 61' lang='grc'><em>9</em></span> <span class='ocrx_word' id='word_1_4' title='bbox 350 537 473 610; x_wconf 87' lang='lat' dir='ltr'><strong>habent</strong></span> <span class='ocrx_word' id='word_1_5' title='bbox 497 562 655 627; x_wconf 79' lang='lat' dir='ltr'><strong>aureum,</strong></span> <span class='ocrx_word' id='word_1_6' title='bbox 680 534 729 608; x_wconf 85' lang='lat' dir='ltr'><strong>vel</strong></span> <span class='ocrx_word' id='word_1_7' title='bbox 757 536 949 634; x_wconf 90' lang='lat' dir='ltr'><strong>plumbeum</strong></span> <span class='ocrx_word' id='word_1_8' title='bbox 971 560 1032 632; x_wconf 93' lang='lat' dir='ltr'><strong>pro</strong></span> <span class='ocrx_word' id='word_1_9' title='bbox 1054 535 1179 606; x_wconf 89' lang='lat' dir='ltr'><strong>ratione</strong></span> <span class='ocrx_word' id='word_1_10' title='bbox 1209 557 1344 624; x_wconf 74' lang='lat' dir='ltr'><strong>corum,</strong></span> <span class='ocrx_word' id='word_1_11' title='bbox 1373 531 1416 604; x_wconf 81' lang='lat' dir='ltr'><strong>ad</strong></span> 
     </span>
     <span class='ocr_line' id='line_1_3' title="bbox 350 631 1417 735; baseline -0.006 -27"><span class='ocrx_word' id='word_1_12' title='bbox 350 663 432 735; x_wconf 88' lang='lat' dir='ltr'><strong>quos</strong></span> <span class='ocrx_word' id='word_1_13' title='bbox 446 639 642 724; x_wconf 81' lang='lat' dir='ltr'><strong>mittuntur,</strong></span> <span class='ocrx_word' id='word_1_14' title='bbox 674 633 781 706; x_wconf 80' lang='lat' dir='ltr'><strong>brevia</strong></span> <span class='ocrx_word' id='word_1_15' title='bbox 804 633 945 730; x_wconf 87' lang='lat' dir='ltr'><strong>sigillum</strong></span> <span class='ocrx_word' id='word_1_16' title='bbox 963 658 1046 706; x_wconf 80' lang='lat' dir='ltr'><strong>ceree</strong></span> <span class='ocrx_word' id='word_1_17' title='bbox 1060 631 1189 723; x_wconf 79' lang='lat' dir='ltr'><strong>rubrae,</strong></span> <span class='ocrx_word' id='word_1_18' title='bbox 1216 635 1251 702; x_wconf 90' lang='lat' dir='ltr'><strong>in</strong></span> <span class='ocrx_word' id='word_1_19' title='bbox 1268 657 1334 729; x_wconf 90' lang='lat' dir='ltr'><strong>quo</strong></span> <span class='ocrx_word' id='word_1_20' title='bbox 1349 633 1417 702; x_wconf 84' lang='lat' dir='ltr'><strong>im·</strong></span> 
     </span>
     <span class='ocr_line' id='line_1_4' title="bbox 351 731 1417 832; baseline -0.007 -26"><span class='ocrx_word' id='word_1_21' title='bbox 351 760 459 832; x_wconf 82' lang='lat' dir='ltr'><strong>pressa</strong></span> <span class='ocrx_word' id='word_1_22' title='bbox 485 749 534 805; x_wconf 90' lang='lat' dir='ltr'><strong>est</strong></span> <span class='ocrx_word' id='word_1_23' title='bbox 572 736 677 828; x_wconf 90' lang='lat' dir='ltr'><strong>imago</strong></span> <span class='ocrx_word' id='word_1_24' title='bbox 710 731 819 804; x_wconf 63' lang='lat' dir='ltr'><strong>Sanni</strong></span> <span class='ocrx_word' id='word_1_25' title='bbox 852 731 941 802; x_wconf 89' lang='lat' dir='ltr'><strong>Petri</strong></span> <span class='ocrx_word' id='word_1_26' title='bbox 969 734 1181 830; x_wconf 84' lang='lat' dir='ltr'><strong>piscationem</strong></span> <span class='ocrx_word' id='word_1_27' title='bbox 1220 732 1417 818; x_wconf 70' lang='lat' dir='ltr'><strong>exercentis,</strong></span> 
     </span>
     <span class='ocr_line' id='line_1_5' title="bbox 352 825 1421 928; baseline -0.006 -24"><span class='ocrx_word' id='word_1_28' title='bbox 352 831 442 904; x_wconf 87' lang='lat' dir='ltr'><strong>unde</strong></span> <span class='ocrx_word' id='word_1_29' title='bbox 463 830 606 928; x_wconf 85' lang='lat' dir='ltr'><strong>expediri</strong></span> <span class='ocrx_word' id='word_1_30' title='bbox 624 830 778 902; x_wconf 92' lang='lat' dir='ltr'><strong>dicuntur</strong></span> <span class='ocrx_word' id='word_1_31' title='bbox 798 831 864 902; x_wconf 78' lang='lat' dir='ltr'><strong>rub</strong></span> <span class='ocrx_word' id='word_1_32' title='bbox 884 831 1018 902; x_wconf 75' lang='lat' dir='ltr'><strong>annulo</strong></span> <span class='ocrx_word' id='word_1_33' title='bbox 1036 833 1226 927; x_wconf 77' lang='lat' dir='ltr'><strong>pr‘ccotort&#39;s</strong></span> <span class='ocrx_word' id='word_1_34' title='bbox 1234 858 1251 916; x_wconf 85' lang='lat'><strong>,·</strong></span> <span class='ocrx_word' id='word_1_35' title='bbox 1277 825 1421 898; x_wconf 83' lang='lat' dir='ltr'><strong>Vdeui-</strong></span> 
     </span>
    </p>
   </div>
   <div class='ocr_carea' id='block_1_3' title="bbox 279 956 417 1028">
    <p class='ocr_par' dir='ltr' id='par_1_3' title="bbox 279 956 417 1028">
     <span class='ocr_line' id='line_1_6' title="bbox 279 956 417 1028; baseline 0 -28"><span class='ocrx_word' id='word_1_36' title='bbox 279 980 282 987; x_wconf 92' lang='lat'>·</span> <span class='ocrx_word' id='word_1_37' title='bbox 353 956 417 1028; x_wconf 73' lang='lat' dir='ltr'><strong>que</strong></span> 
     </span>
    </p>
   </div>
   <div class='ocr_carea' id='block_1_4' title="bbox 281 957 1110 1128">
    <p class='ocr_par' dir='ltr' id='par_1_4' title="bbox 281 957 1110 1128">
     <span class='ocr_line' id='line_1_7' title="bbox 281 957 1110 1128; baseline -0.005 -30"><span class='ocrx_word' id='word_1_38' title='bbox 281 1015 284 1021; x_wconf 39' lang='lat'>¹</span> <span class='ocrx_word' id='word_1_39' title='bbox 353 957 504 1128; x_wconf 71' lang='lat' dir='ltr'><strong>brerilus</strong></span> <span class='ocrx_word' id='word_1_40' title='bbox 521 1025 604 1100; x_wconf 85' lang='lat' dir='ltr'><strong>olbae</strong></span> <span class='ocrx_word' id='word_1_41' title='bbox 630 1043 663 1098; x_wconf 91' lang='lat' dir='ltr'><strong>et</strong></span> <span class='ocrx_word' id='word_1_42' title='bbox 682 1025 816 1098; x_wconf 81' lang='lat' dir='ltr'><strong>subtiles</strong></span> <span class='ocrx_word' id='word_1_43' title='bbox 832 1023 1029 1098; x_wconf 81' lang='lat' dir='ltr'><strong>adhibentur</strong></span> <span class='ocrx_word' id='word_1_44' title='bbox 1042 1025 1110 1122; x_wconf 89' lang='lat' dir='ltr'>(I).</span> 
     </span>
    </p>
   </div>
   <div class='ocr_carea' id='block_1_5' title="bbox 341 1210 1542 1377">
    <p class='ocr_par' dir='ltr' id='par_1_5' title="bbox 341 1210 1542 1377">
     <span class='ocr_line' id='line_1_8' title="bbox 393 1210 1542 1361; baseline -0.004 -83"><span class='ocrx_word' id='word_1_45' title='bbox 393 1215 675 1361; x_wconf 51' lang='lat' dir='ltr'><strong>(Ipovidessonstt&#39;t.</strong></span> <span class='ocrx_word' id='word_1_46' title='bbox 692 1217 751 1278; x_wconf 73' lang='lat' dir='ltr'><strong>tlt</strong></span> <span class='ocrx_word' id='word_1_47' title='bbox 776 1214 924 1278; x_wconf 76' lang='lat' dir='ltr'><strong>Benedicti</strong></span> <span class='ocrx_word' id='word_1_48' title='bbox 949 1213 1032 1292; x_wconf 75' lang='lat' dir='ltr'>XIV,</span> <span class='ocrx_word' id='word_1_49' title='bbox 1053 1231 1126 1296; x_wconf 74' lang='lat' dir='ltr'><strong>pop.</strong></span> <span class='ocrx_word' id='word_1_50' title='bbox 1151 1211 1206 1272; x_wconf 80' lang='lat'><strong>561</strong></span> <span class='ocrx_word' id='word_1_51' title='bbox 1238 1218 1307 1272; x_wconf 87' lang='lat' dir='ltr'><strong>tom.</strong></span> <span class='ocrx_word' id='word_1_52' title='bbox 1325 1213 1338 1274; x_wconf 90' lang='lat' dir='ltr'>I</span> <span class='ocrx_word' id='word_1_53' title='bbox 1356 1210 1424 1294; x_wconf 74' lang='lat' dir='ltr'><strong>ejus</strong></span> <span class='ocrx_word' id='word_1_54' title='bbox 1541 1253 1542 1314; x_wconf 48' lang='lat'>3</span> 
     </span>
     <span class='ocr_line' id='line_1_9' title="bbox 341 1297 1542 1377; baseline -0.013 -13"><span class='ocrx_word' id='word_1_55' title='bbox 341 1297 418 1364; x_wconf 72' lang='lat' dir='ltr'><strong>unt</strong></span> <span class='ocrx_word' id='word_1_56' title='bbox 449 1297 794 1377; x_wconf 72' lang='lat' dir='ltr'><strong>r.,edtt.rtomoet⁷tt.</strong></span> <span class='ocrx_word' id='word_1_57' title='bbox 1462 1313 1470 1328; x_wconf 94' lang='lat'><strong>·</strong></span> <span class='ocrx_word' id='word_1_58' title='bbox 1541 1323 1542 1348; x_wconf 70' lang='grc'>;</span> 
     </span>
    </p>
   </div>
   <div class='ocr_carea' id='block_1_6' title="bbox 465 924 1542 1025">
    <p class='ocr_par' dir='ltr' id='par_1_6' title="bbox 465 924 1542 1025">
     <span class='ocr_line' id='line_1_10' title="bbox 465 924 1542 1025; baseline -0.003 -25"><span class='ocrx_word' id='word_1_59' title='bbox 465 956 501 1002; x_wconf 90' lang='lat' dir='ltr'><strong>ro</strong></span> <span class='ocrx_word' id='word_1_60' title='bbox 517 929 612 1000; x_wconf 87' lang='lat' dir='ltr'><strong>bullis</strong></span> <span class='ocrx_word' id='word_1_61' title='bbox 637 928 844 1000; x_wconf 74' lang='lat' dir='ltr'><strong>subobscure</strong></span> <span class='ocrx_word' id='word_1_62' title='bbox 860 930 1091 1025; x_wconf 80' lang='lat' dir='ltr'><strong>crassioresque</strong></span> <span class='ocrx_word' id='word_1_63' title='bbox 1113 924 1331 1015; x_wconf 59' lang='lat' dir='ltr'><strong>membranei,</strong></span> <span class='ocrx_word' id='word_1_64' title='bbox 1358 951 1420 1022; x_wconf 92' lang='lat' dir='ltr'><strong>pro</strong></span> <span class='ocrx_word' id='word_1_65' title='bbox 1541 935 1542 964; x_wconf 65' lang='lat'>¹</span> 
     </span>
    </p>
   </div>
   <div class='ocr_carea' id='block_1_7' title="bbox 402 1445 1425 1552">
    <p class='ocr_par' dir='ltr' id='par_1_7' title="bbox 402 1445 1542 1552">
     <span class='ocr_line' id='line_1_11' title="bbox 402 1445 1425 1552; baseline -0.004 -28"><span class='ocrx_word' id='word_1_66' title='bbox 402 1450 434 1552; x_wconf 58' lang='grc' dir='ltr'><strong>ς.</strong></span> <span class='ocrx_word' id='word_1_67' title='bbox 462 1451 613 1526; x_wconf 85' lang='lat' dir='ltr'>XCVIII.</span> <span class='ocrx_word' id='word_1_68' title='bbox 642 1450 772 1543; x_wconf 74' lang='lat' dir='ltr'><strong>Bellus,</strong></span> <span class='ocrx_word' id='word_1_69' title='bbox 790 1453 856 1523; x_wconf 83' lang='lat' dir='ltr'><strong>sire</strong></span> <span class='ocrx_word' id='word_1_70' title='bbox 868 1464 1108 1548; x_wconf 79' lang='lat' dir='ltr'><strong>extravagantes</strong></span> <span class='ocrx_word' id='word_1_71' title='bbox 1123 1445 1324 1520; x_wconf 82' lang='lat' dir='ltr'><strong>Pontificum</strong></span> <span class='ocrx_word' id='word_1_72' title='bbox 1339 1471 1425 1519; x_wconf 91' lang='lat' dir='ltr'><strong>con·</strong></span> 
     </span>
    </p>
   </div>
   <div class='ocr_carea' id='block_1_8' title="bbox 354 1545 1424 1744">
    <p class='ocr_par' dir='ltr' id='par_1_8' title="bbox 354 1545 1542 1744">
     <span class='ocr_line' id='line_1_12' title="bbox 355 1545 1424 1642; baseline -0.004 -20"><span class='ocrx_word' id='word_1_73' title='bbox 355 1553 537 1622; x_wconf 79' lang='lat' dir='ltr'><strong>stitutiones</strong></span> <span class='ocrx_word' id='word_1_74' title='bbox 564 1577 582 1620; x_wconf 89' lang='lat' dir='ltr'><strong>a</strong></span> <span class='ocrx_word' id='word_1_75' title='bbox 615 1548 650 1620; x_wconf 92' lang='lat' dir='ltr'><strong>S.</strong></span> <span class='ocrx_word' id='word_1_76' title='bbox 676 1550 785 1623; x_wconf 90' lang='lat' dir='ltr'><strong>Leone</strong></span> <span class='ocrx_word' id='word_1_77' title='bbox 803 1549 851 1620; x_wconf 88' lang='lat' dir='ltr'><strong>M.</strong></span> <span class='ocrx_word' id='word_1_78' title='bbox 887 1576 910 1621; x_wconf 94' lang='lat' dir='ltr'><strong>u</strong></span> <span class='ocrx_word' id='word_1_79' title='bbox 950 1575 991 1621; x_wconf 89' lang='lat' dir='ltr'><strong>ue</strong></span> <span class='ocrx_word' id='word_1_80' title='bbox 1021 1547 1063 1618; x_wconf 84' lang='lat' dir='ltr'><strong>cd</strong></span> <span class='ocrx_word' id='word_1_81' title='bbox 1084 1545 1214 1618; x_wconf 79' lang='lat' dir='ltr'><strong>Sixtum</strong></span> <span class='ocrx_word' id='word_1_82' title='bbox 1244 1545 1424 1642; x_wconf 83' lang='lat' dir='ltr'><strong>Vprimus</strong></span> 
     </span>
     <span class='ocr_line' id='line_1_13' title="bbox 354 1575 957 1744; baseline -0.007 -22"><span class='ocrx_word' id='word_1_83' title='bbox 354 1647 483 1744; x_wconf 79' lang='lat' dir='ltr'><strong>collegit</strong></span> <span class='ocrx_word' id='word_1_84' title='bbox 514 1648 659 1720; x_wconf 81' lang='lat' dir='ltr'><strong>Laertius</strong></span> <span class='ocrx_word' id='word_1_85' title='bbox 683 1575 957 1720; x_wconf 76' lang='lat' dir='ltr'><strong>Cherubinusld</strong></span> 
     </span>
    </p>
   </div>
   <div class='ocr_carea' id='block_1_9' title="bbox 986 1641 1542 1740">
    <p class='ocr_par' dir='ltr' id='par_1_9' title="bbox 986 1641 1542 1740">
     <span class='ocr_line' id='line_1_14' title="bbox 986 1641 1542 1740; baseline -0.014 -22"><span class='ocrx_word' id='word_1_86' title='bbox 986 1646 1152 1718; x_wconf 87' lang='lat' dir='ltr'><strong>Romanus</strong></span> <span class='ocrx_word' id='word_1_87' title='bbox 1186 1667 1303 1740; x_wconf 84' lang='lat' dir='ltr'><strong>easque</strong></span> <span class='ocrx_word' id='word_1_88' title='bbox 1327 1669 1425 1715; x_wconf 90' lang='lat' dir='ltr'><strong>oom-</strong></span> <span class='ocrx_word' id='word_1_89' title='bbox 1541 1641 1542 1710; x_wconf 71' lang='grc' dir='ltr'>ζ</span> 
     </span>
    </p>
   </div>
   <div class='ocr_carea' id='block_1_10' title="bbox 355 1738 1542 1844">
    <p class='ocr_par' dir='ltr' id='par_1_10' title="bbox 355 1738 1542 1844">
     <span class='ocr_line' id='line_1_15' title="bbox 355 1738 1542 1844; baseline -0.005 -27"><span class='ocrx_word' id='word_1_90' title='bbox 355 1745 530 1844; x_wconf 84' lang='lat' dir='ltr'><strong>prehendit</strong></span> <span class='ocrx_word' id='word_1_91' title='bbox 566 1747 633 1818; x_wconf 80' lang='lat' dir='ltr'><strong>uno</strong></span> <span class='ocrx_word' id='word_1_92' title='bbox 669 1747 853 1834; x_wconf 77' lang='lat' dir='ltr'><strong>volumine,</strong></span> <span class='ocrx_word' id='word_1_93' title='bbox 888 1743 976 1842; x_wconf 89' lang='lat' dir='ltr'><strong>quod</strong></span> <span class='ocrx_word' id='word_1_94' title='bbox 1005 1745 1204 1817; x_wconf 56' lang='lat' dir='ltr'><strong>dullodum</strong></span> <span class='ocrx_word' id='word_1_95' title='bbox 1231 1738 1421 1839; x_wconf 80' lang='lat' dir='ltr'><strong>appellarit.</strong></span> <span class='ocrx_word' id='word_1_96' title='bbox 1541 1755 1542 1768; x_wconf 63' lang='lat'>¹</span> 
     </span>
    </p>
   </div>
   <div class='ocr_carea' id='block_1_11' title="bbox 357 1840 1542 2331">
    <p class='ocr_par' dir='ltr' id='par_1_11' title="bbox 357 1840 1542 2331">
     <span class='ocr_line' id='line_1_16' title="bbox 360 1840 1426 1939; baseline -0.005 -24"><span class='ocrx_word' id='word_1_97' title='bbox 360 1846 458 1915; x_wconf 81' lang='lat' dir='ltr'><strong>Auxit</strong></span> <span class='ocrx_word' id='word_1_98' title='bbox 507 1843 658 1939; x_wconf 82' lang='lat' dir='ltr'><strong>deinceps</strong></span> <span class='ocrx_word' id='word_1_99' title='bbox 705 1869 801 1914; x_wconf 87' lang='lat' dir='ltr'><strong>suum</strong></span> <span class='ocrx_word' id='word_1_100' title='bbox 842 1841 931 1914; x_wconf 89' lang='lat' dir='ltr'><strong>hunc</strong></span> <span class='ocrx_word' id='word_1_101' title='bbox 976 1841 1099 1913; x_wconf 88' lang='lat' dir='ltr'><strong>librum</strong></span> <span class='ocrx_word' id='word_1_102' title='bbox 1139 1840 1426 1914; x_wconf 83' lang='lat' dir='ltr'><strong>constitutionibus</strong></span> 
     </span>
     <span class='ocr_line' id='line_1_17' title="bbox 357 1937 1542 2038; baseline -0.004 -26"><span class='ocrx_word' id='word_1_103' title='bbox 357 1941 450 2012; x_wconf 87' lang='lat' dir='ltr'><strong>Pauli</strong></span> <span class='ocrx_word' id='word_1_104' title='bbox 466 1939 517 2029; x_wconf 71' lang='lat' dir='ltr'><strong>V,</strong></span> <span class='ocrx_word' id='word_1_105' title='bbox 547 1967 584 2012; x_wconf 89' lang='lat' dir='ltr'><strong>ae</strong></span> <span class='ocrx_word' id='word_1_106' title='bbox 607 1943 737 2012; x_wconf 84' lang='lat' dir='ltr'><strong>tertiam</strong></span> <span class='ocrx_word' id='word_1_107' title='bbox 759 1965 890 2038; x_wconf 90' lang='lat' dir='ltr'><strong>quoque</strong></span> <span class='ocrx_word' id='word_1_108' title='bbox 915 1941 1048 2038; x_wconf 84' lang='lat' dir='ltr'><strong>parabat</strong></span> <span class='ocrx_word' id='word_1_109' title='bbox 1074 1939 1202 2030; x_wconf 81' lang='lat' dir='ltr'><strong>bullarii</strong></span> <span class='ocrx_word' id='word_1_110' title='bbox 1225 1937 1423 2027; x_wconf 75' lang='lat' dir='ltr'><strong>editionem,</strong></span> <span class='ocrx_word' id='word_1_111' title='bbox 1541 2019 1542 2028; x_wconf 8' lang='grc' dir='ltr'>ἵ</span> 
     </span>
     <span class='ocr_line' id='line_1_18' title="bbox 358 2036 1542 2137; baseline -0.002 -27"><span class='ocrx_word' id='word_1_112' title='bbox 358 2066 422 2137; x_wconf 89' lang='lat' dir='ltr'><strong>qua</strong></span> <span class='ocrx_word' id='word_1_113' title='bbox 459 2041 557 2110; x_wconf 89' lang='lat' dir='ltr'><strong>etiam</strong></span> <span class='ocrx_word' id='word_1_114' title='bbox 591 2055 706 2111; x_wconf 80' lang='lat' dir='ltr'><strong>ceterae</strong></span> <span class='ocrx_word' id='word_1_115' title='bbox 742 2039 986 2111; x_wconf 84' lang='lat' dir='ltr'><strong>constitutiones</strong></span> <span class='ocrx_word' id='word_1_116' title='bbox 1021 2055 1129 2136; x_wconf 82' lang='lat' dir='ltr'><strong>poster</strong></span> <span class='ocrx_word' id='word_1_117' title='bbox 1169 2036 1244 2110; x_wconf 80' lang='lat' dir='ltr'><strong>latae</strong></span> <span class='ocrx_word' id='word_1_118' title='bbox 1274 2038 1427 2108; x_wconf 86' lang='lat' dir='ltr'><strong>contiue-</strong></span> <span class='ocrx_word' id='word_1_119' title='bbox 1541 2041 1542 2046; x_wconf 73' lang='grc'>’</span> 
     </span>
     <span class='ocr_line' id='line_1_19' title="bbox 358 2135 1428 2232; baseline -0.002 -24"><span class='ocrx_word' id='word_1_120' title='bbox 358 2153 484 2208; x_wconf 87' lang='lat' dir='ltr'><strong>rentur.</strong></span> <span class='ocrx_word' id='word_1_121' title='bbox 512 2135 577 2208; x_wconf 90' lang='lat' dir='ltr'><strong>Sed</strong></span> <span class='ocrx_word' id='word_1_122' title='bbox 601 2162 677 2208; x_wconf 91' lang='lat' dir='ltr'><strong>cum</strong></span> <span class='ocrx_word' id='word_1_123' title='bbox 711 2163 748 2209; x_wconf 90' lang='lat' dir='ltr'><strong>re</strong></span> <span class='ocrx_word' id='word_1_124' title='bbox 775 2135 893 2207; x_wconf 86' lang='lat' dir='ltr'><strong>insecta</strong></span> <span class='ocrx_word' id='word_1_125' title='bbox 923 2163 942 2208; x_wconf 92' lang='lat' dir='ltr'><strong>e</strong></span> <span class='ocrx_word' id='word_1_126' title='bbox 972 2139 1040 2209; x_wconf 83' lang='lat' dir='ltr'><strong>vita</strong></span> <span class='ocrx_word' id='word_1_127' title='bbox 1064 2139 1260 2227; x_wconf 77' lang='lat' dir='ltr'><strong>excessisset,</strong></span> <span class='ocrx_word' id='word_1_128' title='bbox 1292 2158 1428 2232; x_wconf 80' lang='lat' dir='ltr'><strong>suscep·</strong></span> 
     </span>
     <span class='ocr_line' id='line_1_20' title="bbox 359 2231 1424 2331; baseline -0.003 -27"><span class='ocrx_word' id='word_1_129' title='bbox 359 2251 431 2306; x_wconf 89' lang='lat' dir='ltr'><strong>tum</strong></span> <span class='ocrx_word' id='word_1_130' title='bbox 461 2261 477 2304; x_wconf 88' lang='lat' dir='ltr'><strong>a</strong></span> <span class='ocrx_word' id='word_1_131' title='bbox 509 2252 602 2331; x_wconf 91' lang='lat' dir='ltr'><strong>patre</strong></span> <span class='ocrx_word' id='word_1_132' title='bbox 629 2260 710 2331; x_wconf 91' lang='lat' dir='ltr'><strong>opus</strong></span> <span class='ocrx_word' id='word_1_133' title='bbox 738 2234 872 2306; x_wconf 82' lang='lat' dir='ltr'><strong>absolvit</strong></span> <span class='ocrx_word' id='word_1_134' title='bbox 899 2235 1044 2331; x_wconf 80' lang='lat' dir='ltr'><strong>Angelus</strong></span> <span class='ocrx_word' id='word_1_135' title='bbox 1072 2234 1173 2306; x_wconf 77' lang='lat' dir='ltr'><strong>Maria</strong></span> <span class='ocrx_word' id='word_1_136' title='bbox 1197 2231 1424 2321; x_wconf 68' lang='lat' dir='ltr'><strong>Cherubim,</strong></span> 
     </span>
    </p>
   </div>
   <div class='ocr_carea' id='block_1_12' title="bbox 360 2331 1542 2498">
    <p class='ocr_par' dir='ltr' id='par_1_12' title="bbox 360 2331 1542 2498">
     <span class='ocr_line' id='line_1_21' title="bbox 360 2331 1542 2498; baseline -0.001 -96"><span class='ocrx_word' id='word_1_137' title='bbox 360 2337 417 2498; x_wconf 63' lang='lat' dir='ltr'><strong>gui</strong></span> <span class='ocrx_word' id='word_1_138' title='bbox 458 2332 572 2404; x_wconf 71' lang='lat' dir='ltr'><strong>Romae</strong></span> <span class='ocrx_word' id='word_1_139' title='bbox 610 2331 713 2403; x_wconf 91' lang='lat' dir='ltr'><strong>edidit</strong></span> <span class='ocrx_word' id='word_1_140' title='bbox 745 2358 922 2430; x_wconf 72' lang='lat' dir='ltr'><strong>magnum</strong></span> <span class='ocrx_word' id='word_1_141' title='bbox 960 2333 1172 2408; x_wconf 69' lang='lat' dir='ltr'><strong>Brdtartum</strong></span> <span class='ocrx_word' id='word_1_142' title='bbox 1216 2333 1428 2406; x_wconf 76' lang='lat' dir='ltr'><strong>Romanum</strong></span> <span class='ocrx_word' id='word_1_143' title='bbox 1541 2355 1542 2362; x_wconf 53' lang='lat'>¹</span> 
     </span>
    </p>
   </div>
   <div class='ocr_carea' id='block_1_13' title="bbox 361 2429 1542 2626">
    <p class='ocr_par' dir='ltr' id='par_1_13' title="bbox 361 2429 1542 2626">
     <span class='ocr_line' id='line_1_22' title="bbox 384 2429 1542 2528; baseline -0.003 -30"><span class='ocrx_word' id='word_1_144' title='bbox 384 2432 499 2500; x_wconf 85' lang='lat' dir='ltr'><strong>irisum</strong></span> <span class='ocrx_word' id='word_1_145' title='bbox 524 2433 559 2502; x_wconf 89' lang='lat' dir='ltr'><strong>in</strong></span> <span class='ocrx_word' id='word_1_146' title='bbox 586 2446 691 2501; x_wconf 90' lang='lat' dir='ltr'><strong>tomos</strong></span> <span class='ocrx_word' id='word_1_147' title='bbox 719 2446 881 2528; x_wconf 77' lang='lat' dir='ltr'><strong>quatuor,</strong></span> <span class='ocrx_word' id='word_1_148' title='bbox 909 2431 1026 2528; x_wconf 91' lang='lat' dir='ltr'><strong>quibus</strong></span> <span class='ocrx_word' id='word_1_149' title='bbox 1062 2429 1248 2528; x_wconf 80' lang='lat' dir='ltr'><strong>complexus</strong></span> <span class='ocrx_word' id='word_1_150' title='bbox 1275 2444 1324 2500; x_wconf 91' lang='lat' dir='ltr'><strong>est</strong></span> <span class='ocrx_word' id='word_1_151' title='bbox 1349 2453 1428 2500; x_wconf 89' lang='lat' dir='ltr'><strong>om·</strong></span> <span class='ocrx_word' id='word_1_152' title='bbox 1541 2429 1542 2494; x_wconf 60' lang='lat'>3</span> 
     </span>
     <span class='ocr_line' id='line_1_23' title="bbox 361 2525 1425 2626; baseline -0.003 -28"><span class='ocrx_word' id='word_1_153' title='bbox 361 2552 418 2598; x_wconf 87' lang='lat' dir='ltr'><strong>nes</strong></span> <span class='ocrx_word' id='word_1_154' title='bbox 470 2529 733 2618; x_wconf 63' lang='lat' dir='ltr'><strong>constitutiones,</strong></span> <span class='ocrx_word' id='word_1_155' title='bbox 778 2553 857 2626; x_wconf 86' lang='lat' dir='ltr'><strong>quas</strong></span> <span class='ocrx_word' id='word_1_156' title='bbox 900 2547 993 2626; x_wconf 89' lang='lat' dir='ltr'><strong>pater</strong></span> <span class='ocrx_word' id='word_1_157' title='bbox 1038 2525 1211 2624; x_wconf 85' lang='lat' dir='ltr'><strong>collegerat</strong></span> <span class='ocrx_word' id='word_1_158' title='bbox 1266 2542 1300 2599; x_wconf 92' lang='lat' dir='ltr'><strong>et</strong></span> <span class='ocrx_word' id='word_1_159' title='bbox 1341 2552 1425 2624; x_wconf 85' lang='lat' dir='ltr'><strong>quas</strong></span> 
     </span>
    </p>
   </div>
   <div class='ocr_carea' id='block_1_14' title="bbox 361 2624 1429 2725">
    <p class='ocr_par' dir='ltr' id='par_1_14' title="bbox 361 2615 1542 2726">
     <span class='ocr_line' id='line_1_24' title="bbox 361 2624 1429 2725; baseline -0.003 -29"><span class='ocrx_word' id='word_1_160' title='bbox 361 2627 531 2714; x_wconf 77' lang='lat' dir='ltr'><strong>omiserat,</strong></span> <span class='ocrx_word' id='word_1_161' title='bbox 564 2641 663 2722; x_wconf 88' lang='lat' dir='ltr'><strong>atque</strong></span> <span class='ocrx_word' id='word_1_162' title='bbox 692 2625 761 2696; x_wconf 92' lang='lat' dir='ltr'><strong>illas</strong></span> <span class='ocrx_word' id='word_1_163' title='bbox 784 2628 819 2696; x_wconf 88' lang='lat' dir='ltr'><strong>in</strong></span> <span class='ocrx_word' id='word_1_164' title='bbox 847 2629 978 2725; x_wconf 80' lang='lat' dir='ltr'><strong>primis,</strong></span> <span class='ocrx_word' id='word_1_165' title='bbox 1006 2651 1081 2722; x_wconf 83' lang='lat' dir='ltr'><strong>quae</strong></span> <span class='ocrx_word' id='word_1_166' title='bbox 1134 2642 1184 2698; x_wconf 88' lang='lat' dir='ltr'><strong>ost</strong></span> <span class='ocrx_word' id='word_1_167' title='bbox 1206 2629 1275 2725; x_wconf 88' lang='lat' dir='ltr'><strong>ejus</strong></span> <span class='ocrx_word' id='word_1_168' title='bbox 1299 2624 1429 2696; x_wconf 88' lang='lat' dir='ltr'><strong>obitum</strong></span> 
     </span>
    </p>
   </div>
   <div class='ocr_carea' id='block_1_15' title="bbox 360 2721 1431 2822">
    <p class='ocr_par' dir='ltr' id='par_1_15' title="bbox 360 2719 1542 2822">
     <span class='ocr_line' id='line_1_25' title="bbox 360 2721 1431 2822; baseline -0.002 -30"><span class='ocrx_word' id='word_1_169' title='bbox 360 2721 549 2818; x_wconf 87' lang='lat' dir='ltr'><strong>prodierant</strong></span> <span class='ocrx_word' id='word_1_170' title='bbox 598 2749 699 2822; x_wconf 84' lang='lat' dir='ltr'><strong>usque</strong></span> <span class='ocrx_word' id='word_1_171' title='bbox 740 2723 780 2796; x_wconf 87' lang='lat' dir='ltr'><strong>ad</strong></span> <span class='ocrx_word' id='word_1_172' title='bbox 825 2723 1057 2798; x_wconf 87' lang='lat' dir='ltr'><strong>Innocentium</strong></span> <span class='ocrx_word' id='word_1_173' title='bbox 1132 2779 1140 2794; x_wconf 94' lang='lat'>.</span> <span class='ocrx_word' id='word_1_174' title='bbox 1190 2721 1340 2810; x_wconf 85' lang='lat' dir='ltr'><strong>Quatuor</strong></span> <span class='ocrx_word' id='word_1_175' title='bbox 1376 2721 1431 2793; x_wconf 86' lang='lat' dir='ltr'><strong>his</strong></span> 
     </span>
    </p>
   </div>
   <div class='ocr_carea' id='block_1_16' title="bbox 361 2819 1542 3198">
    <p class='ocr_par' dir='ltr' id='par_1_16' title="bbox 361 2819 1542 3198">
     <span class='ocr_line' id='line_1_26' title="bbox 361 2819 1430 2918; baseline 0 -28"><span class='ocrx_word' id='word_1_176' title='bbox 361 2819 451 2891; x_wconf 92' lang='lat' dir='ltr'><strong>libris</strong></span> <span class='ocrx_word' id='word_1_177' title='bbox 523 2825 630 2894; x_wconf 90' lang='lat' dir='ltr'><strong>intum</strong></span> <span class='ocrx_word' id='word_1_178' title='bbox 657 2821 854 2893; x_wconf 78' lang='lat' dir='ltr'><strong>addiderunt</strong></span> <span class='ocrx_word' id='word_1_179' title='bbox 883 2821 1025 2918; x_wconf 81' lang='lat' dir='ltr'><strong>Angelus</strong></span> <span class='ocrx_word' id='word_1_180' title='bbox 1046 2847 1064 2892; x_wconf 83' lang='lat' dir='ltr'><strong>a</strong></span> <span class='ocrx_word' id='word_1_181' title='bbox 1088 2823 1246 2894; x_wconf 85' lang='lat' dir='ltr'><strong>Lentusca</strong></span> <span class='ocrx_word' id='word_1_182' title='bbox 1281 2837 1316 2892; x_wconf 93' lang='lat' dir='ltr'><strong>et</strong></span> <span class='ocrx_word' id='word_1_183' title='bbox 1335 2819 1430 2890; x_wconf 84' lang='lat' dir='ltr'><strong>Pau·-</strong></span> 
     </span>
     <span class='ocr_line' id='line_1_27' title="bbox 361 2849 1431 3018; baseline 0.003 -32"><span class='ocrx_word' id='word_1_184' title='bbox 361 2917 411 2988; x_wconf 91' lang='lat' dir='ltr'><strong>lus</strong></span> <span class='ocrx_word' id='word_1_185' title='bbox 439 2945 457 2988; x_wconf 91' lang='lat' dir='ltr'><strong>a</strong></span> <span class='ocrx_word' id='word_1_186' title='bbox 477 2849 608 3008; x_wconf 64' lang='lat' dir='ltr'><strong>Ilicina,</strong></span> <span class='ocrx_word' id='word_1_187' title='bbox 637 2923 694 3017; x_wconf 83' lang='lat' dir='ltr'><strong>qui</strong></span> <span class='ocrx_word' id='word_1_188' title='bbox 721 2909 965 2992; x_wconf 76' lang='lat' dir='ltr'><strong>constitutiones</strong></span> <span class='ocrx_word' id='word_1_189' title='bbox 991 2918 1211 3015; x_wconf 72' lang='lat' dir='ltr'><strong>collegerunt,</strong></span> <span class='ocrx_word' id='word_1_190' title='bbox 1238 2943 1312 3018; x_wconf 79' lang='lat' dir='ltr'><strong>quae</strong></span> <span class='ocrx_word' id='word_1_191' title='bbox 1334 2943 1431 3016; x_wconf 86' lang='lat' dir='ltr'><strong>supe-</strong></span> 
     </span>
     <span class='ocr_line' id='line_1_28' title="bbox 362 3014 1542 3116; baseline 0.004 -32"><span class='ocrx_word' id='word_1_192' title='bbox 362 3018 438 3087; x_wconf 86' lang='lat' dir='ltr'><strong>riori</strong></span> <span class='ocrx_word' id='word_1_193' title='bbox 458 3031 548 3089; x_wconf 91' lang='lat' dir='ltr'><strong>tomo</strong></span> <span class='ocrx_word' id='word_1_194' title='bbox 568 3019 813 3114; x_wconf 82' lang='lat' dir='ltr'><strong>praetermissae,</strong></span> <span class='ocrx_word' id='word_1_195' title='bbox 834 3041 976 3116; x_wconf 74' lang='lat' dir='ltr'><strong>qumque</strong></span> <span class='ocrx_word' id='word_1_196' title='bbox 992 3044 1096 3116; x_wconf 87' lang='lat' dir='ltr'><strong>usque</strong></span> <span class='ocrx_word' id='word_1_197' title='bbox 1116 3017 1155 3089; x_wconf 88' lang='lat' dir='ltr'><strong>ad</strong></span> <span class='ocrx_word' id='word_1_198' title='bbox 1173 3017 1377 3090; x_wconf 88' lang='lat' dir='ltr'><strong>Clementem</strong></span> <span class='ocrx_word' id='word_1_199' title='bbox 1394 3014 1431 3088; x_wconf 89' lang='lat' dir='ltr'>X</span> <span class='ocrx_word' id='word_1_200' title='bbox 1541 3065 1542 3104; x_wconf 24' lang='lat' dir='ltr'><strong>p</strong></span> 
     </span>
     <span class='ocr_line' id='line_1_29' title="bbox 362 3109 1542 3198; baseline 0.005 -16"><span class='ocrx_word' id='word_1_201' title='bbox 362 3111 458 3185; x_wconf 74' lang='lat' dir='ltr'><strong>editae</strong></span> <span class='ocrx_word' id='word_1_202' title='bbox 473 3117 507 3184; x_wconf 89' lang='lat' dir='ltr'><strong>in</strong></span> <span class='ocrx_word' id='word_1_203' title='bbox 524 3111 633 3186; x_wconf 90' lang='lat' dir='ltr'><strong>lucem</strong></span> <span class='ocrx_word' id='word_1_204' title='bbox 649 3115 790 3186; x_wconf 85' lang='lat' dir='ltr'><strong>fuerant.</strong></span> <span class='ocrx_word' id='word_1_205' title='bbox 822 3192 825 3198; x_wconf 21' lang='lat'>⁵</span> <span class='ocrx_word' id='word_1_206' title='bbox 1541 3109 1542 3132; x_wconf 54' lang='lat'><em>³</em></span> 
     </span>
    </p>
   </div>
   <div class='ocr_carea' id='block_1_17' title="bbox 362 3259 1542 3558">
    <p class='ocr_par' dir='ltr' id='par_1_17' title="bbox 362 3203 1542 3558">
     <span class='ocr_line' id='line_1_30' title="bbox 410 3259 1432 3364; baseline 0.006 -34"><span class='ocrx_word' id='word_1_207' title='bbox 410 3259 440 3361; x_wconf 79' lang='lat'><strong>§.</strong></span> <span class='ocrx_word' id='word_1_208' title='bbox 468 3260 589 3333; x_wconf 85' lang='lat' dir='ltr'>XCIX.</span> <span class='ocrx_word' id='word_1_209' title='bbox 619 3261 685 3334; x_wconf 88' lang='lat' dir='ltr'><strong>Sed</strong></span> <span class='ocrx_word' id='word_1_210' title='bbox 712 3265 825 3336; x_wconf 83' lang='lat' dir='ltr'><strong>ceteris</strong></span> <span class='ocrx_word' id='word_1_211' title='bbox 848 3263 990 3362; x_wconf 85' lang='lat' dir='ltr'><strong>palmam</strong></span> <span class='ocrx_word' id='word_1_212' title='bbox 1019 3265 1191 3364; x_wconf 85' lang='lat' dir='ltr'><strong>praeripuit</strong></span> <span class='ocrx_word' id='word_1_213' title='bbox 1218 3263 1432 3337; x_wconf 78' lang='lat' dir='ltr'><strong>Bullort&#39;um</strong></span> 
     </span>
     <span class='ocr_line' id='line_1_31' title="bbox 363 3360 1433 3528; baseline 0.004 -99"><span class='ocrx_word' id='word_1_214' title='bbox 363 3384 557 3457; x_wconf 76' lang='lat' dir='ltr'><strong>magnum,</strong></span> <span class='ocrx_word' id='word_1_215' title='bbox 573 3360 663 3528; x_wconf 69' lang='lat' dir='ltr'><strong>ppod</strong></span> <span class='ocrx_word' id='word_1_216' title='bbox 687 3386 755 3433; x_wconf 91' lang='lat' dir='ltr'><strong>nou</strong></span> <span class='ocrx_word' id='word_1_217' title='bbox 781 3363 892 3480; x_wconf 74' lang='lat' dir='ltr'><strong>multis</strong></span> <span class='ocrx_word' id='word_1_218' title='bbox 922 3363 963 3432; x_wconf 90' lang='lat' dir='ltr'><strong>ab</strong></span> <span class='ocrx_word' id='word_1_219' title='bbox 995 3363 1077 3477; x_wconf 38' lang='lat' dir='ltr'><strong>hinc·</strong></span> <span class='ocrx_word' id='word_1_220' title='bbox 1092 3365 1189 3480; x_wconf 74' lang='lat' dir='ltr'><strong>annis</strong></span> <span class='ocrx_word' id='word_1_221' title='bbox 1207 3361 1333 3433; x_wconf 90' lang='lat' dir='ltr'><strong>editum</strong></span> <span class='ocrx_word' id='word_1_222' title='bbox 1356 3360 1433 3432; x_wconf 86' lang='lat' dir='ltr'><strong>Ro-</strong></span> 
     </span>
     <span class='ocr_line' id='line_1_32' title="bbox 362 3455 1542 3558; baseline 0.01 -32"><span class='ocrx_word' id='word_1_223' title='bbox 362 3481 427 3528; x_wconf 86' lang='lat' dir='ltr'><strong>mae</strong></span> <span class='ocrx_word' id='word_1_224' title='bbox 444 3474 492 3528; x_wconf 86' lang='lat' dir='ltr'><strong>est</strong></span> <span class='ocrx_word' id='word_1_225' title='bbox 515 3457 556 3527; x_wconf 85' lang='lat' dir='ltr'><strong>ab</strong></span> <span class='ocrx_word' id='word_1_226' title='bbox 608 3485 776 3558; x_wconf 75' lang='lat' dir='ltr'><strong>ieronymo</strong></span> <span class='ocrx_word' id='word_1_227' title='bbox 796 3461 989 3534; x_wconf 80' lang='lat' dir='ltr'><strong>Mucrtardo</strong></span> <span class='ocrx_word' id='word_1_228' title='bbox 1010 3460 1151 3533; x_wconf 80' lang='lat' dir='ltr'><strong>divisum</strong></span> <span class='ocrx_word' id='word_1_229' title='bbox 1171 3486 1213 3532; x_wconf 80' lang='lat' dir='ltr'><strong>m</strong></span> <span class='ocrx_word' id='word_1_230' title='bbox 1235 3471 1341 3532; x_wconf 76' lang='lat' dir='ltr'><strong>tomos</strong></span> <span class='ocrx_word' id='word_1_231' title='bbox 1359 3455 1431 3549; x_wconf 70' lang='lat' dir='ltr'><strong>ld,</strong></span> <span class='ocrx_word' id='word_1_232' title='bbox 1541 3513 1542 3538; x_wconf 64' lang='grc'>;</span> 
     </span>
    </p>
   </div>
   <div class='ocr_carea' id='block_1_18' title="bbox 362 3553 1542 3743">
    <p class='ocr_par' dir='ltr' id='par_1_18' title="bbox 362 3553 1542 3743">
     <span class='ocr_line' id='line_1_33' title="bbox 362 3553 1434 3652; baseline 0.003 -28"><span class='ocrx_word' id='word_1_233' title='bbox 362 3553 517 3652; x_wconf 90' lang='lat' dir='ltr'><strong>quodque</strong></span> <span class='ocrx_word' id='word_1_234' title='bbox 546 3582 657 3629; x_wconf 89' lang='lat' dir='ltr'><strong>omnes</strong></span> <span class='ocrx_word' id='word_1_235' title='bbox 687 3561 832 3631; x_wconf 91' lang='lat' dir='ltr'><strong>continet</strong></span> <span class='ocrx_word' id='word_1_236' title='bbox 861 3558 968 3632; x_wconf 86' lang='lat' dir='ltr'><strong>bullas</strong></span> <span class='ocrx_word' id='word_1_237' title='bbox 994 3584 1198 3631; x_wconf 89' lang='lat' dir='ltr'><strong>summorum</strong></span> <span class='ocrx_word' id='word_1_238' title='bbox 1228 3555 1434 3630; x_wconf 88' lang='lat' dir='ltr'><strong>Pontificum</strong></span> 
     </span>
     <span class='ocr_line' id='line_1_34' title="bbox 364 3649 1542 3743; baseline 0.003 -21"><span class='ocrx_word' id='word_1_239' title='bbox 364 3649 511 3725; x_wconf 85' lang='lat' dir='ltr'><strong>uSaucto</strong></span> <span class='ocrx_word' id='word_1_240' title='bbox 535 3654 644 3727; x_wconf 89' lang='lat' dir='ltr'><strong>Leone</strong></span> <span class='ocrx_word' id='word_1_241' title='bbox 664 3655 712 3726; x_wconf 89' lang='lat' dir='ltr'><strong>M.</strong></span> <span class='ocrx_word' id='word_1_242' title='bbox 821 3657 910 3729; x_wconf 84' lang='lat' dir='ltr'><strong>ead</strong></span> <span class='ocrx_word' id='word_1_243' title='bbox 936 3655 1140 3730; x_wconf 80' lang='lat' dir='ltr'><strong>Clementem</strong></span> <span class='ocrx_word' id='word_1_244' title='bbox 1160 3655 1246 3743; x_wconf 81' lang='lat' dir='ltr'>x11;</span> <span class='ocrx_word' id='word_1_245' title='bbox 1266 3655 1434 3727; x_wconf 77' lang='lat' dir='ltr'><strong>estotim</strong></span> <span class='ocrx_word' id='word_1_246' title='bbox 1541 3651 1542 3674; x_wconf 62' lang='lat'>¹</span> 
     </span>
    </p>
   </div>
   <div class='ocr_carea' id='block_1_19' title="bbox 364 3750 1542 3854">
    <p class='ocr_par' dir='ltr' id='par_1_19' title="bbox 364 3750 1542 3854">
     <span class='ocr_line' id='line_1_35' title="bbox 364 3750 1542 3854; baseline 0.003 -34"><span class='ocrx_word' id='word_1_247' title='bbox 364 3750 539 3822; x_wconf 77' lang='lat' dir='ltr'><strong>bullarium</strong></span> <span class='ocrx_word' id='word_1_248' title='bbox 573 3753 740 3824; x_wconf 88' lang='lat' dir='ltr'><strong>Benedicti</strong></span> <span class='ocrx_word' id='word_1_249' title='bbox 805 3751 872 3846; x_wconf 78' lang='lat' dir='ltr'><strong>IV,</strong></span> <span class='ocrx_word' id='word_1_250' title='bbox 917 3755 1006 3853; x_wconf 90' lang='lat' dir='ltr'><strong>quod</strong></span> <span class='ocrx_word' id='word_1_251' title='bbox 1042 3757 1113 3854; x_wconf 88' lang='lat' dir='ltr'><strong>ejus</strong></span> <span class='ocrx_word' id='word_1_252' title='bbox 1147 3751 1316 3826; x_wconf 79' lang='lat' dir='ltr'><strong>Pontificis</strong></span> <span class='ocrx_word' id='word_1_253' title='bbox 1352 3776 1437 3824; x_wconf 88' lang='lat' dir='ltr'><strong>con·</strong></span> <span class='ocrx_word' id='word_1_254' title='bbox 1541 3773 1542 3816; x_wconf 71' lang='lat' dir='ltr'><strong>l</strong></span> 
     </span>
    </p>
   </div>
   <div class='ocr_carea' id='block_1_20' title="bbox 365 3850 1437 3952">
    <p class='ocr_par' dir='ltr' id='par_1_20' title="bbox 365 3850 1542 3952">
     <span class='ocr_line' id='line_1_36' title="bbox 365 3850 1437 3952; baseline 0 -32"><span class='ocrx_word' id='word_1_255' title='bbox 365 3851 548 3922; x_wconf 89' lang='lat' dir='ltr'><strong>stitutiones</strong></span> <span class='ocrx_word' id='word_1_256' title='bbox 576 3850 842 3948; x_wconf 63' lang='lat' dir='ltr'><strong>comprehendit,</strong></span> <span class='ocrx_word' id='word_1_257' title='bbox 869 3852 1024 3952; x_wconf 87' lang='lat' dir='ltr'><strong>quodque</strong></span> <span class='ocrx_word' id='word_1_258' title='bbox 1053 3857 1087 3924; x_wconf 90' lang='lat' dir='ltr'><strong>in</strong></span> <span class='ocrx_word' id='word_1_259' title='bbox 1112 3854 1137 3922; x_wconf 80' lang='lat'>4</span> <span class='ocrx_word' id='word_1_260' title='bbox 1162 3869 1267 3924; x_wconf 88' lang='lat' dir='ltr'><strong>tomos</strong></span> <span class='ocrx_word' id='word_1_261' title='bbox 1291 3850 1437 3921; x_wconf 78' lang='lat' dir='ltr'><strong>divisum</strong></span> 
     </span>
    </p>
   </div>
   <div class='ocr_carea' id='block_1_21' title="bbox 363 3949 1542 4048">
    <p class='ocr_par' dir='ltr' id='par_1_21' title="bbox 363 3949 1542 4048">
     <span class='ocr_line' id='line_1_37' title="bbox 363 3949 1542 4048; baseline -0.004 -24"><span class='ocrx_word' id='word_1_262' title='bbox 363 3963 429 4038; x_wconf 66' lang='lat' dir='ltr'><strong>ests</strong></span> <span class='ocrx_word' id='word_1_263' title='bbox 458 3963 492 4021; x_wconf 91' lang='lat' dir='ltr'><strong>et</strong></span> <span class='ocrx_word' id='word_1_264' title='bbox 528 3965 604 4022; x_wconf 85' lang='lat' dir='ltr'><strong>sunt</strong></span> <span class='ocrx_word' id='word_1_265' title='bbox 636 3951 716 4024; x_wconf 89' lang='lat' dir='ltr'><strong>item</strong></span> <span class='ocrx_word' id='word_1_266' title='bbox 743 3949 842 4024; x_wconf 83' lang='lat' dir='ltr'><strong>bullae</strong></span> <span class='ocrx_word' id='word_1_267' title='bbox 875 3951 1024 4026; x_wconf 91' lang='lat' dir='ltr'><strong>nondum</strong></span> <span class='ocrx_word' id='word_1_268' title='bbox 1064 3977 1132 4024; x_wconf 90' lang='lat' dir='ltr'><strong>uuo</strong></span> <span class='ocrx_word' id='word_1_269' title='bbox 1164 3951 1248 4024; x_wconf 92' lang='lat' dir='ltr'><strong>libro</strong></span> <span class='ocrx_word' id='word_1_270' title='bbox 1284 3973 1437 4048; x_wconf 86' lang='lat' dir='ltr'><strong>compre·</strong></span> <span class='ocrx_word' id='word_1_271' title='bbox 1541 3951 1542 4032; x_wconf 56' lang='lat' dir='ltr'><strong>l</strong></span> 
     </span>
    </p>
   </div>
   <div class='ocr_carea' id='block_1_22' title="bbox 0 0 1577 5182">
    <p class='ocr_par' dir='ltr' id='par_1_22' title="bbox 0 0 1577 5182">
     <span class='ocr_line' id='line_1_38' title="bbox 0 0 1577 5182; baseline 0 0"><span class='ocrx_word' id='word_1_272' title='bbox 0 0 1577 5182; x_wconf 95' lang='lat' dir='ltr'><strong> </strong></span> 
     </span>
    </p>
   </div>
  </div>
 </body>
</html>
