3102 5184
526 417 670 488 -579
699 461 746 474 -

115 563 204 638 ciceia,
228 562 315 624 moda
338 565 467 626 exterius
486 566 563 626 seria
584 575 665 646 agat,
689 567 827 645 nulloque
847 568 930 649 signa
948 585 1067 650 pravam
1086 587 1168 630 suam

114 646 279 706 voluntatem
300 647 445 707 ostendat.
463 649 611 709 Sententia
625 648 687 708 baec
700 668 715 708 a
730 649 813 710 Trid.
830 650 941 730 syuodo
959 651 1094 712 damnata
1109 671 1167 711 nun

114 737 168 804 cst,
186 727 267 788 sicuti
287 737 388 788 manet
405 729 491 792 Card.
516 731 696 791 Palavicinus
715 730 747 790 ia
764 732 844 792 Hist.
866 751 947 794 canc.
969 730 1054 793 Trici.
1078 730 1128 794 iib.
1149 735 1168 792 9

113 811 589 976 1117111171,ῒὲῑὲ
605 812 1169 974 trtt⁰tttttss²tt‘÷.tt.¹tatat?

114 977 185 1050 xiv,
199 975 248 1052 qui
263 975 301 1035 de
315 993 384 1058 aya.
403 974 489 1036 diac.
505 973 555 1038 lib.
573 978 590 1036 7
605 993 673 1058 cap.
697 979 717 1036 1
730 995 763 1038 aa
776 977 814 1038 de
827 996 860 1036 re
873 986 1005 1038 accurate
1025 977 1165 1057 disputat.

113 1059 178 1114 Sunt
199 1064 311 1133 tamen,
337 1058 388 1136 qui
415 1057 564 1119 catherini
596 1058 769 1120 sententiam
796 1059 836 1119 ita
863 1059 1021 1138 explicant,
1045 1069 1079 1120 ut
1104 1079 1168 1121 cam

114 1138 186 1198 nulia
206 1139 293 1199 mado
319 1140 510 1218 proscriptam
536 1148 623 1218 atque
657 1140 850 1219 improbatam
876 1142 965 1202 fuisse
992 1141 1166 1216 defendant3

114 1228 139 1278 et
157 1219 186 1280 bi
205 1224 367 1298 presertim
391 1229 459 1282 aunt
487 1221 668 1303 Hyacinthus
689 1226 779 1303 Serry
803 1224 836 1284 in
856 1221 967 1284 vindic.
993 1221 1167 1300 Catburin.;

115 1303 211 1362 Juanin
231 1301 267 1363 aia
289 1305 425 1364 Sacram
445 1303 516 1366 diat.
542 1307 552 1366 1
575 1323 606 1387 q.
626 1307 719 1365 bart.
737 1309 773 1381 ὅς
794 1307 906 1368 Drauin
928 1303 964 1366 cte
983 1325 1015 1365 ra
1031 1309 1166 1368 Sacram.

115 1379 159 1442 bb.
173 1387 185 1445 1
201 1401 229 1466 q.
244 1387 261 1445 7
276 1404 344 1466 cap.
360 1387 461 1448 sacca.
476 1388 495 1447 2
510 1383 537 1468 S.
556 1389 568 1445 1
584 1394 612 1446 ct
625 1389 655 1448 2.

150 1465 186 1547 ii)
206 1465 350 1526 Lutberus
367 1465 418 1529 lib.
436 1467 472 1530 da
488 1467 603 1550 Captiv.
625 1464 773 1551 Babylon.
799 1487 866 1550 cap.
884 1467 921 1529 de
939 1473 1044 1551 Rapa,
1060 1469 1169 1546 quique

116 1545 170 1622 ejus
190 1547 378 1610 deliramenta
402 1559 542 1629 sequutus
565 1557 609 1610 est
628 1549 793 1611 {tenuatus
807 1570 877 1632 par.
900 1553 919 1612 7
940 1570 1036 1612 acam.
1063 1549 1165 1611 concii.

120 1629 194 1690 Trici.
211 1632 298 1690 ctiam
325 1649 376 1710 per
394 1631 493 1710 jocum
511 1631 647 1692 collatum
665 1641 878 1692 sacramentum
901 1634 997 1692 valere
1020 1633 1168 1694 existima-

117 1719 187 1771 runt.
202 1713 255 1774 Sed
265 1713 470 1794 gravissimum
481 1733 612 1775 errarem
628 1713 776 1774 damnavit
790 1718 846 1775 Lea
860 1718 888 1776 X
902 1713 935 1775 ia
949 1712 1031 1776 natta
1048 1717 1170 1796 Eaurye

119 1793 228 1855 Damna
247 1798 288 1856 11
307 1803 365 1856 art.
386 1798 425 1857 17
437 1815 510 1878 paq.
527 1797 586 1857 198
603 1805 672 1856 tam.
700 1797 718 1856 5
732 1793 805 1857 tuit.
821 1799 907 1858 Rara.
924 1795 971 1858 ed.
987 1794 1044 1858 ait.
1060 1795 1165 1872 india,

120 1881 146 1930 et
162 1893 230 1938 canc.
246 1878 383 1940 Trident.
402 1897 473 1941 acas.
500 1880 538 1940 11
561 1877 597 1940 aa
617 1880 752 1940 Sacram.
765 1878 870 1960 paruit.
894 1898 963 1940 can.
984 1881 1015 1940 6.
1031 1878 1115 1956 Quod
1132 1879 1170 1939 dc

121 1957 147 2014 S.
161 1956 257 2020 ttban.
280 1969 401 2022 narrant
420 1965 551 2023 Socratas
567 1960 648 2022 Hist.
666 1957 763 2022 aceias.
781 1957 833 2022 lib.
851 1964 866 2022 1
888 1979 955 2041 cap.
975 1963 1012 2022 16
1026 1979 1097 2044 paq.
1112 1963 1167 2037 11,

119 2043 145 2094 et
161 2041 264 2102 Sozam.
288 2039 339 2102 b'b.
365 2044 383 2104 2
404 2061 470 2126 cap.
493 2045 531 2105 17
546 2061 619 2125 paq.
640 2044 679 2103 67
699 2041 770 2104 adit.
793 2039 889 2104 Vnica.
908 2041 1048 2104 cantabr.
1073 2043 1167 2120 1720,

118 2117 144 2178 id
162 2123 202 2182 vel
218 2123 322 2184 falsum
340 2133 399 2202 eat,
419 2126 466 2186 rel
485 2125 509 2186 si
531 2126 619 2187 etiam
636 2143 740 2186 varum
765 2124 819 2200 sit,
840 2125 1001 2204 baptismus
1018 2127 1055 2187 ab
1077 2125 1169 2186 Atha-

118 2203 637 2352 ttt’.ttttt⁰tt¹¹¹u.t.t‘t
651 2207 1044 2352 iiviiffliwbii
1058 2207 1167 2351 ‹3¹⁶¹'i’

118 2364 156 2425 ai.
172 2369 292 2432 Patavii
314 2373 404 2433 1777.
424 2372 599 2435 Fabulcsum
620 2379 664 2432 est
686 2372 791 2447 ctiam,
810 2371 889 2450 quod
912 2371 949 2432 da
968 2309 1096 2434 mimici
1110 2375 1169 2434 Ge-

117 2449 179 2511 nesii
197 2471 229 2514 ac
245 2454 376 2516 Diascari
394 2454 537 2533 baptismo
553 2462 709 2528 narratum
732 2473 789 2532 qua
810 2452 848 2514 de
865 2473 898 2514 re
917 2453 985 2514 ride
1008 2455 1116 2517 lucain
1134 2453 1169 2516 da

117 2532 238 2595 Sacram.
253 2533 327 2597 dias.
344 2539 359 2598 1
374 2545 478 2620 quast.
493 2537 512 2597 6
526 2555 593 2620 aap.
611 2539 626 2598 1
641 2534 676 2598 da
686 2537 824 2598 Sacram.
841 2534 874 2596 ia
887 2553 1003 2617 qaaere.

155 2637 182 2740 S.
208 2641 321 2714 xvii.
348 2643 419 2716 Nea
443 2659 573 2714 tantum
610 2641 735 2733 dantis,
769 2641 829 2713 scd
857 2643 953 2713 etiam
987 2643 1171 2740 accipientis

114 2757 339 2812 sacramentum
377 2744 516 2814 intentio
556 2755 604 2813 ert
635 2742 829 2831 necessaria,
864 2756 902 2811 ut
943 2739 1027 2810 illud
1055 2740 1167 2812 nalem.

115 2836 148 2906 in
173 2837 349 2910 infantibus
379 2855 413 2912 et
455 2855 613 2938 perpetua
644 2842 786 2911 amentia
822 2837 1044 2910 laborantibus
1082 2839 1172 2910 nulla

115 2933 269 3007 uoluntate
299 2963 381 3035 opus
398 2955 465 3026 est3
498 2937 555 3009 sed
580 2937 613 3008 bi
638 2940 673 3008 in
700 2937 788 3028 fide,
805 2938 841 3007 in
862 2937 1028 3009 voluntate
1052 2935 1173 3008 Christi

115 3050 143 3103 et
167 3035 313 3107 Ecclesiae
342 3051 578 3107 sacramentum
607 3051 695 3108 recte
722 3037 802 3108 susci
827 3037 900 3107 iunt
939 3036 1004 3132 (i).
1036 3035 1170 3126 adulti,

115 3134 164 3228 qui
198 3137 322 3230 integra
361 3150 471 3206 mente
509 3151 607 3225 sunt,
653 3133 772 3205 habere
801 3063 924 3206 bebent
956 3137 1172 3206 intentionem

114 3255 201 3304 sacrae
237 3234 273 3304 in
298 3231 427 3306 ecclesia
462 3235 509 3305 rei
541 3231 756 3330 suscipiendae
791 3231 864 3328 (ῆς
900 3235 936 3302 iis
964 3259 1061 3322 reru,
1091 3259 1172 3330 quas

113 3333 185 3402 ratio
222 3329 360 3422 deiecit,
402 3331 451 3402 rel
490 3329 579 3427 quad
609 3333 645 3402 in
676 3331 853 3400 amentiam
879 3329 1085 3420 inciderunt,
1121 3332 1172 3402 rel

115 3427 254 3523 quadri
286 3428 432 3522 graviore
458 3428 562 3500 morbi
594 3431 844 3526 opprimuntur,
879 3445 1076 3500 sacramenta
1108 3432 1172 3498 tri-

114 3524 177 3596 buit
204 3525 348 3618 ecclesia‚
377 3553 453 3599 cuna
480 3529 515 3597 in
544 3529 617 3597 vitae
643 3525 827 3596 discrimine
855 3543 1042 3616 versantur,
1073 3527 1171 3598 mado

114 3649 179 3694 cum
207 3623 292 3695 bene
321 3625 490 3715 valebant,
525 3627 715 3697 sacramenti
741 3623 935 3722 suscipiendi
970 3623 1170 3696 voluntatem

113 3724 356 3818 significaverint
378 3724 444 3820 (5).

149 3844 189 3926 (1)
211 3849 285 3907 Cca.
305 3848 335 3922 7,
353 3848 372 3906 8
387 3855 416 3908 at
434 3848 473 3908 71
492 3843 560 3908 dist.
577 3848 597 3906 1
614 3845 650 3907 da
669 3847 802 3908 censear.
826 3864 851 3906 c.
869 3845 887 3905 5
912 3843 947 3904 dc
960 3847 1066 3925 Bapt.,·
1081 3846 1170 3905 conc.

114 3927 189 3987 Trid.
205 3945 277 3989 raas.
294 3930 311 3987 7
327 3927 363 3989 de
376 3931 467 4010 Bapt.
487 3947 552 3989 aaa.
570 3931 608 3988 15
623 3937 652 3989 ct
667 3930 721 4002 143
741 3926 938 3991 catechismus
953 3929 1037 3986 itam.
1051 3933 1135 4008 part.
1152 3928 1172 3988 2

113 4025 171 4090 cap.
185 4011 204 4071 2
217 4007 243 4092 S.
259 4012 314 4088 533
330 4013 361 4072 S.
377 4010 434 4072 Tb.
449 4030 482 4095 p.
500 4013 559 4095 ba.
577 4013 617 4071 68
631 4018 691 4072 art.
707 4012 737 4071 9.
