3142 5188
780 317 1001 388 -656-

350 469 482 532 triduum
504 489 565 532 sese
578 488 595 530 a
609 467 749 532 sacrificio
771 468 962 546 abstinuisse3
984 466 1036 530 sed
1052 467 1213 546 meritur,
1229 484 1303 527 num
1319 467 1424 528 statim

350 553 406 615 boo
425 554 520 633 elapso
535 553 634 613 triduo
649 552 779 632 primum
794 550 969 612 sacrificium
982 549 1162 626 obtulerint,
1177 569 1214 610 an
1231 549 1328 628 potius
1345 548 1427 610 illud

351 635 517 696 distulerint
532 634 570 696 ad
587 637 794 710 Pentaoosten,
812 653 870 712 qua
887 633 926 695 de
946 652 980 694 re
1003 633 1153 711 disputant
1174 631 1311 711 Theopb.
1342 635 1427 712 Ray-

352 718 465 778 uaudus
476 715 510 778 de
522 717 631 779 Prima
648 715 741 778 ma'asa
760 719 859 796 55511
880 701 946 798 o'op.
963 718 1023 777 151
1036 717 1136 776 tum.
1158 716 1262 797 bpop.
1285 715 1347 776 556
1359 732 1423 798 sep.

352 796 398 860 ed.
424 798 522 883 Lapat.
547 801 643 876 1665,
666 797 792 860 515551.
814 801 893 860 Bona
910 816 970 858 rer.
988 795 1093 880 litory.
1116 793 1168 856 til.
1191 801 1204 857 1
1233 815 1302 878 cap.
1326 795 1419 876 561

352 889 422 942 tom.
446 885 458 943 l
473 901 546 965 pop.
564 883 605 944 68
618 891 647 943 51
661 899 723 966 sep.
738 877 785 942 ed.
808 879 935 942 Tauria.
963 881 1055 942 1717.
1085 879 1348 940 verosimillimum
1365 885 1421 953 est,

351 965 494 1042 apostolos
507 965 601 1026 solum
615 971 681 1044 post
696 967 886 1025 Pentecosten
899 981 962 1024 rem
977 962 1107 1024 divinam
1124 961 1242 1038 lenisse,
1261 959 1342 1040 quod
1356 969 1426 1021 5515

351 1045 427 1106 illud
445 1045 562 1126 tempus
582 1047 630 1107 lex
653 1045 823 1126 Evangeliea
846 1044 979 1106 nondum
1002 1045 1072 1105 eatis
1096 1043 1280 1124 promulgata
1309 1043 1422 1104 luisset.

353 1130 458 1191 Confer
477 1129 681 1191 etiamsolum
701 1126 735 1188 in
757 1135 820 1190 551.
847 1125 888 1189 od
908 1129 1027 1188 Bonum
1049 1123 1106 1188 loo.
1134 1125 1198 1202 eit,
1224 1125 1276 1186 ubi
1306 1143 1426 1204 quoque

353 1211 537 1290 ostenditur,
556 1211 682 1290 primam
698 1211 815 1272 Missam
829 1227 888 1271 uon
908 1209 1064 1282 edocebo,
1082 1207 1164 1270 seda
1189 1211 1275 1270 Petro
1294 1207 1426 1268 eelebre-

353 1301 414 1354 tam
435 1293 534 1356 luisse.
561 1296 663 1376 llagna
686 1293 790 1370 etiam,
813 1292 858 1354 uti
882 1290 1033 1370 dicebam,
1055 1291 1252 1352 controversia
1271 1298 1331 1366 est,
1353 1307 1426 1351 num

353 1375 475 1454 apostoli
496 1375 689 1456 peculiaribus
712 1373 810 1436 induti
836 1373 965 1436 vestibus
985 1391 1050 1436 rem
1077 1373 1208 1434 divinam
1233 1371 1426 1434 oonl'eeerint.

354 1457 461 1520 Paulus
477 1457 510 1518 io
523 1457 563 1520 ll
572 1456 613 1520 od
630 1457 706 1518 Tim.
724 1459 808 1520 lvo.
827 1459 866 1519 15
882 1464 1025 1519 memorat
1036 1452 1194 1552 penulam,
1207 1473 1299 1534 quam
1312 1453 1429 1516 Troade

352 1539 513 1620 reliquerat
533 1539 611 1622 apud
634 1543 774 1619 Carpum,
804 1559 821 1602 a
849 1557 908 1618 quo
937 1538 1065 1618 bospitio
1090 1545 1228 1617 exceptus
1258 1537 1369 1598 luerat.
1397 1536 1430 1598 Si

354 1630 514 1684 vernasset
534 1622 678 1684 sententia
697 1621 815 1684 illorum
839 1622 891 1700 qui
914 1619 1059 1704 pertulum
1084 1620 1318 1699 interpretantur
1345 1637 1431 1680 nasu-

354 1703 429 1782 lam,
452 1724 509 1784 qua
532 1723 611 1766 nuno
635 1703 798 1764 sacerdotes
824 1711 962 1781 utuntur,
987 1703 1056 1764 satis
1077 1701 1198 1782 quidem
1221 1720 1258 1762 ex
1283 1699 1342 1762 boo
1366 1701 1430 1762 loeo

356 1795 511 1858 constaret,
534 1786 676 1866 apostolos
699 1803 763 1846 rem
787 1785 916 1848 divinam
941 1785 1126 1846 conficientes
1151 1803 1230 1845 saera
1254 1783 1430 1845 indumenta

356 1868 535 1930 adhibuisse.
558 1871 669 1930 Verum
684 1869 762 1930 Guil.
787 1865 1168 1930 115ιί5515655515.5151.
1192 1862 1284 1928 Paul.
1306 1885 1352 1948 ep.
1377 1885 1431 1946 po-

356 1951 434 2011 nulae
461 1951 580 2011 nomino
597 1950 704 2012 veteris
724 1951 889 2012 testamenti
912 1949 1003 2012 libros
1025 1947 1234 2028 comprehendi
1253 1947 1428 2010 arbitratur.

357 2036 464 2095 Contra
488 2035 549 2096 los.
566 2033 734 2094 Vioeoomes
745 2029 888 2115 penulam
908 2034 1034 2094 maulam
1051 2049 1114 2094 esse
1133 2039 1228 2111 putat.
1255 2033 1364 2092 aaron
1390 2029 1431 2092 od

357 2134 409 2176 55.
434 2117 472 2175 58
493 2133 578 2175 oum.
604 2116 644 2176 67
668 2117 753 2176 5168
771 2121 842 2176 toro.
869 2118 883 2176 1
902 2131 976 2198 pop.
1006 2111 1130 2176 511551.
1149 2115 1250 2188 amo,
1274 2121 1431 2192 utramque

358 2197 532 2257 sententiam
546 2198 578 2257 in
595 2196 725 2258 modium
741 2195 841 2275 offert,
860 2203 948 2275 atque
974 2197 1123 2277 integrum
1137 2213 1172 2257 ea
1187 2195 1225 2256 de
1240 2213 1275 2254 re
1285 2195 1430 2274 judicium

358 2279 463 2358 cuique
484 2279 642 2357 relinquit,
664 2276 715 2341 sod
735 2279 832 2361 mopia
851 2275 962 2361 ploret,
991 2279 1102 2358 iuquit,
1121 2285 1158 2340 ut
1181 2275 1321 2340 55155155
1337 2296 1430 2340 suarm

358 2357 431 2443 lepis
458 2357 587 2444 intelligi
610 2357 721 2422 debeat.
745 2357 1009 2423 5555555155.
1035 2356 1155 2422 511116.
1183 2357 1386 2441 15555113.
1408 2363 1427 2421 8

360 2451 431 2504 tom.
458 2446 567 2526 1559.
592 2445 662 2520 155,
689 2445 781 2522 magis
808 2443 932 2522 probare
955 2443 1074 2505 videtur
1094 2443 1272 2504 sententiam
1294 2442 1428 2518 illorum,

358 2525 409 2604 qui
428 2527 565 2605 penulam
584 2525 749 2586 vestimenti
776 2543 868 2606 genus
887 2525 977 2586 luisse
999 2533 1133 2601 5555551,
1157 2523 1247 2602 idque
1265 2525 1353 2586 etiam
1372 2524 1431 2585 late

360 2607 488 2668 ostendit
502 2607 577 2669 llob.
598 2607 710 2670 Saluio
727 2615 789 2668 551.
812 2624 897 2668 num.
919 2610 933 2668 l
949 2627 989 2701 p.
1008 2609 1079 2669 157.
1100 2605 1209 2669 Eadem
1228 2615 1273 2668 est
1288 2607 1432 2668 sententia

360 2693 437 2770 Aug.
454 2689 575 2752 Calmeti
591 2687 625 2751 io
640 2687 712 2750 diet.
735 2685 805 2750 bist.
834 2690 867 2751 S.
886 2689 999 2770 Script.
1019 2685 1098 2752 verb.
1115 2685 1229 2771 penula
1249 2697 1272 2749 t.
1296 2692 1333 2766 1,·
1354 2689 1429 2751 ahu.

361 2773 505 2834 Bonmmti
523 2771 556 2832 io
573 2769 708 2833 onimed.
730 2767 772 2831 od
791 2767 882 2855 quod.
902 2770 974 2832 5115.
990 2769 1140 2854 [rapaton.
1164 2769 1276 2853 liparis
1297 2770 1431 2833 distinet.

361 2871 398 2914 55
413 2861 556 2915 coemeter.
572 2855 657 2916 Rom.
677 2851 759 2936 effus.
782 2851 842 2914 tob.
865 2855 903 2914 16
918 2851 973 2995 pp.
999 2856 1029 2915 1.
1051 2853 1109 2915 Sed
1129 2854 1240 2933 quaevis
1257 2854 1296 2914 de
1310 2855 1433 2933 apostoli

362 2937 468 3016 penula
486 2937 584 2998 verior
599 2936 698 3016 opinio
713 2935 870 3011 habeatur,
896 2935 970 2996 ilud
991 2935 1120 3016 prolecto
1139 2935 1232 2996 multo
1251 2935 1432 3016 probabilius

364 3026 423 3094 est,
450 3037 509 3080 non
527 3018 621 3079 solum
639 3018 718 3078 viros
732 3017 918 3098 apostolicos,
941 3017 992 3078 sed
1009 3019 1086 3098 ipsos
1106 3017 1193 3078 etiam
1214 3019 1358 3097 apostolos
1378 3036 1431 3098 po·

364 3100 487 3160 uuliares
509 3108 597 3180 atque
616 3119 633 3160 a
654 3101 858 3162 communibus
877 3099 1027 3161 distinctus
1047 3099 1216 3160 adhibuisse
1233 3109 1347 3176 vestas,
1367 3119 1432 3162 oum

365 3201 428 3242 rem
441 3181 571 3242 divinam
585 3181 787 3244 conficiebant.
805 3181 939 3260 cathari,
954 3202 1027 3260 quos
1042 3182 1179 3261 peouliari
1194 3200 1283 3261 opere
1297 3183 1435 3244 refutavit

365 3267 442 3325 Ven.
458 3266 589 3340 liloneta,
602 3271 631 3322 et
643 3265 785 3346 sequioris
795 3265 887 3325 aetatis
901 3263 1030 3324 haretici
1045 3283 1131 3324 usum
1147 3283 1296 3326 sacrarum
1308 3267 1434 3327 vestium

367 3345 494 3407 execrati
508 3343 628 3405 suntad
642 3364 786 3407 summam
803 3345 1027 3424 impudentiam.
1045 3347 1083 3406 lt
1098 3345 1224 3424 injuria3
1240 3366 1309 3408 uam
1324 3367 1373 3408 eos
1386 3366 1435 3408 ve-

368 3428 542 3489 tustissimus
557 3445 619 3488 esse
633 3428 791 3490 ostendunt
809 3428 943 3489 Bellarm.
958 3425 995 3489 de
1009 3425 1104 3488 Eoeb.
1121 3425 1142 3488 1.
1158 3433 1176 3490 6
1192 3448 1218 3489 5.
1237 3432 1293 3507 11,
1308 3433 1433 3492 11555155

369 3509 410 3571 od
422 3511 551 3572 Goouot.
568 3507 700 3571 tbasoor.
716 3529 793 3572 soar.
812 3510 865 3572 rit.
880 3529 951 3592 por.
969 3513 985 3571 1
1008 3509 1042 3570 io
1058 3506 1167 3572 nobrio.
1182 3529 1269 3592 9555,
1284 3513 1435 3575 Catolanus

371 3589 407 3652 de
424 3589 487 3654 cod.
505 3593 537 3654 S.
554 3593 671 3674 Eooop.
694 3589 744 3652 lib.
764 3593 783 3652 1
802 3609 868 3674 cop.
890 3595 923 3670 7,
947 3599 976 3654 51
995 3591 1029 3652 in
1048 3589 1215 3674 Prolepom.
1236 3591 1278 3654 od
1295 3591 1433 3676 Pontifia

371 3675 456 3734 11551.
482 3693 548 3756 cup.
572 3677 609 3752 6,·
636 3671 716 3734 card.
743 3677 821 3736 Bona
842 3671 892 3735 lib.
919 3677 933 3734 l
964 3693 1032 3756 cop.
1056 3677 1074 3736 5
1093 3672 1119 3754 S.
1140 3677 1170 3750 1,
1188 3683 1218 3734 51
1235 3675 1300 3737 Sala
1323 3677 1357 3737 in
1374 3684 1434 3738 not.

372 3774 456 3816 oum.
472 3759 485 3816 l
502 3765 523 3816 t.
540 3758 553 3817 l
570 3776 603 3839 p.
619 3757 659 3816 70
673 3765 701 3816 et
712 3773 785 3840 aeq„
798 3763 826 3816 et
835 3755 869 3816 io
874 3773 952 3898 lppp
971 3775 1043 3839 pop.
1059 3758 1119 3818 109
1137 3755 1185 3817 cit.
1203 3754 1270 3834 ed.,·
1283 3758 1433 3820 Thomass.

364 3845 428 3898 551.
447 3845 475 3898 51
491 3857 559 3898 ooo.
575 3835 641 3900 5551.
661 3835 735 3900 cluo.
773 3857 819 3898 or.
837 3841 851 3898 1
890 3838 896 3850 ’
915 3883 923 3898 .
941 3839 961 3898 1
979 3857 1046 3920 cop.
1065 3840 1121 3914 to,-
1136 3838 1285 3916 Suassajus
1303 3837 1431 3921 Ponopl.

366 3918 489 3982 suendi
506 3939 578 4003 por.
601 3923 615 3982 1
636 3917 686 3982 lib.
702 3923 721 3982 6
740 3857 987 4002 «1105515555.
1015 3923 1054 4000 6,·
1070 3925 1140 3983 Ben.
1161 3923 1230 3984 XIV
1246 3918 1282 3982 de
1301 3920 1433 4006 Socrifio.
