3122 5170
791 403 1011 474 -668-

230 549 232 558 ¹
360 557 479 626 elatum
518 553 641 652 aliquid
685 556 852 652 acquirere
902 571 939 627 ac
990 555 1131 626 retinere
1178 552 1430 650 permittebant.

361 653 471 738 Quare
492 651 561 724 haee
582 655 714 725 societas
743 647 932 744 eontra'id‚
961 651 1051 750 quod
1079 666 1160 722 esset
1187 649 1331 720 humana
1360 649 1434 745 lege

275 757 286 830 :'
298 749 315 768 ”
351 753 603 848 praescriptum,
644 753 731 823 bonu
777 749 910 841 babuit,
949 752 1139 822 auctoritate
1175 751 1242 846 ipss
1288 747 1431 834 Christi3

204 852 252 942 .‘'
360 873 562 945 ⁰⁰ss⁸flque11⁵
596 865 667 940 est,
704 865 742 920 ut
773 849 814 919 ab
845 849 975 922 ebelesia
1009 847 1118 918 divino
1143 849 1221 945 jure
1257 848 1432 942 acquiran-

360 961 415 1017 tur
454 973 490 1018 ac
533 950 736 1021 retineantur
778 947 884 1035 bonag
936 964 1034 1044 atque
1081 945 1144 1018 boe
1177 946 1232 1043 jus
1283 943 1430 1014 divinum

361 1049 551 1139 agnoverint
594 1045 729 1144 apostoli
764 1061 798 1117 et
834 1071 950 1118 eorum
990 1068 1203 1132 successores,
1254 1047 1314 1140 qui
1359 1041 1430 1115 haec

179 1129 250 1228 ⁸³21,ss
360 1139 500 1216 eoelesiae
530 1143 614 1216 bona
651 1169 719 1216 esse
748 1143 944 1234 voluerunt,
978 1170 1052 1216 oum
1089 1139 1201 1212 eadem
1236 1167 1306 1211 esse
1340 1157 1432 1210 reta-

264 1245 292 1312 .'
361 1256 435 1310 rent
466 1241 552 1338 leges
579 1241 803 1334 ethnicorum,
836 1268 978 1340 quorum
1009 1258 1092 1313 tune
1123 1239 1294 1310 dominatu
1323 1241 1433 1310 omnia

362 1337 559 1412 tenebantur
582 1341 597 1437 (
622 1343 649 1437 ).

402 1511 444 1592 (l)
464 1514 588 1576 Consule
604 1513 799 1577 Mamaebium
814 1511 869 1576 loa.
885 1513 935 1576 eit.

409 1677 438 1779 ς.
473 1679 531 1752 lv.
575 1683 688 1754 Donee
722 1681 843 1756 ethniui
879 1707 988 1754 rerum
1019 1681 1115 1777 potiti
1152 1694 1253 1768 sunt,
1289 1679 1434 1754 eeolmiae

359 1775 446 1848 bona
460 1782 640 1876 presertim
661 1780 795 1854 fuerunt
816 1805 867 1852 res
887 1779 1043 1868 mobiles,
1069 1801 1144 1876 quse
1164 1777 1277 1848 inillis
1309 1803 1434 1851 munn-

359 1876 410 1945 nis
438 1875 529 1948 laeile
555 1878 651 1950 celari
663 1934 672 1972 ,
712 1882 868 1976 asportari
913 1903 949 1950 ae
983 1877 1133 1949 distribui
1170 1891 1337 1990 poterant.
1370 1873 1435 1948 Ve-

361 1997 434 2042 rum
461 1990 495 2045 et
517 1974 577 2046 bae
603 1993 668 2048 tem
694 1993 793 2050 estate
823 2003 891 2050 non
914 1973 1089 2048 defuerunt
1112 1975 1199 2048 bona
1222 1973 1429 2060 rmnrobiling¹

360 2086 394 2140 et
421 2097 496 2142 sane
524 2073 631 2146 edicto
656 2005 861 2148 inustanrini
892 2100 929 2146 so
958 2074 1073 2146 Licinii
1099 2073 1221 2145 ethnici
1248 2074 1332 2171 jussi
1357 2089 1435 2144 sunt

360 2165 538 2242 christianis
572 2198 609 2242 ea
645 2176 832 2263 restituere,
873 2197 948 2270 qum
986 2173 1048 2244 boo
1076 2173 1232 2269 temporis
1260 2169 1432 2242 intervallo

360 2285 535 2362 rapuerant
572 2271 640 2368 (1)
686 2272 769 2343 Data
807 2271 987 2342 christianis
1023 2296 1103 2368 paee
1135 2295 1154 2340 a
1189 2267 1430 2359 Constantino,

358 2363 488 2436 eeclesia
518 2368 611 2440 bonis
641 2363 862 2442 immobilibus
893 2367 1060 2440 abundare
1095 2369 1214 2466 ooepit,
1253 2383 1288 2438 et
1327 2367 1433 2438 multa

359 2463 388 2530 ei
427 2489 487 2560 per
526 2483 710 2541 contractus
755 2470 841 2538 inter
880 2470 964 2538 vivos
1008 2467 1148 2556 tributa,
1186 2463 1290 2536 multa
1334 2481 1432 2537 testa·

358 2577 471 2633 mento
506 2565 616 2635 relicta
656 2582 745 2637 sunt.
785 2567 850 2662 lpsi
879 2567 977 2636 etism
1016 2564 1182 2636 christiani
1219 2565 1434 2660 imperatores

359 2671 480 2728 certam
511 2665 660 2757 peeuuiae
691 2665 755 2734 vim
790 2689 829 2736 ex
870 2661 1000 2760 publioo
1033 2665 1146 2734 aerario
1179 2661 1321 2734 eeclesiae
1353 2662 1433 2733 solvi

361 2753 532 2829 voluerunt
569 2760 642 2858 (2);
681 2787 781 2858 quam
811 2759 1037 2831 liberalitatem
1070 2786 1090 2832 e
1125 2758 1256 2832 Juliano
1285 2777 1432 2858 apostate

358 2851 517 2926 sublatam
554 2857 735 2931 Marcianus
771 2859 911 2930 restituit
936 2859 1011 2955 (ὅ),
1042 2874 1077 2928 et
1107 2883 1193 2957 saepe
1227 2859 1329 2928 etiarn
1356 2859 1433 2930 etb-

358 2951 506 3024 nicorum
550 2957 672 3056 templa
718 2983 897 3056 eurumque
937 2955 1064 3029 reditus
1109 2957 1249 3028 eeclesiis
1283 2955 1431 3056 adserip-
1545 2983 1546 2988 ¹

359 3069 472 3122 serunt
499 3053 568 3150 (l).

400 3247 441 3332 (2)
465 3250 572 3311 Confer
593 3253 700 3314 Euseb.
727 3251 795 3316 lu‘st.
818 3251 868 3316 tto.
896 3256 935 3316 lo
960 3272 1024 3336 cap.
1050 3255 1157 3335 spuo.
1173 3253 1250 3322 482,
1275 3260 1304 3315 et
1322 3251 1359 3316 da
1380 3255 1430 3316 rit.

361 3331 542 3393 Constantia.
567 3331 588 3393 l.
616 3338 721 3417 ⁶trop.
748 3338 786 3397 59
807 3354 877 3416 pop.
907 3338 966 3397 too
993 3333 1039 3397 ed.
1069 3332 1221 3405 Contobr„
1245 3343 1276 3395 et
1301 3337 1430 3397 Laetam.

358 3413 393 3474 de
414 3417 505 3476 Mart.
525 3425 666 3494 persecut.
690 3435 755 3498 cop.
780 3420 819 3478 68
835 3437 868 3500 p.
896 3419 956 3478 alt
980 3426 1050 3479 tom.
1076 3419 1091 3478 l
1116 3414 1184 3478 edit.
1208 3417 1312 3478 Puris.
1339 3417 1428 3478 atta.

360 3499 419 3558 llos
451 3503 548 3556 autem
570 3496 686 3558 Eusebii
711 3508 740 3560 et
764 3497 904 3561 lactantii
929 3501 1007 3561 loeus
1028 3498 1123 3561 solide
1146 3517 1181 3560 aa
1207 3497 1367 3579 diligenter
1388 3517 1432 3562 ex·

358 3577 526 3719 penditssgl.
548 3579 727 3642 llamaahius
747 3579 1098 3646 aerumnosarum.
1122 3575 1176 3643 tit.
1199 3583 1302 3663 trop.
1324 3583 1345 3642 2
1367 3577 1395 3663 S.
1413 3585 1432 3642 8

420 3661 460 3718 ,5
518 3667 617 3722 etse.

356 3678 438 3822 pail)
461 3739 535 3802 Vide
548 3679 652 3804 Euieb.
668 3737 736 3806 lust.
752 3739 803 3804 lib.
827 3745 866 3806 l0
883 3763 948 3828 cop.
966 3747 985 3808 6
1004 3763 1074 3830 pop.
1089 3745 1164 3822 lat,
1181 3751 1211 3806 et
1223 3747 1342 3808 Sozam.
1359 3742 1428 3808 lot.

359 3817 410 3882 lib.
427 3825 524 3903 beop.
536 3841 604 3906 pap.
622 3827 679 3886 186
692 3823 737 3886 erl.
756 3823 896 3888 cantabr.

398 3903 428 3984 (5
459 3903 903 3971 L.l·2md.deSooros.eerles.

398 3985 428 4066 (l
461 3987 495 4048 L.
511 3985 627 4051 tomo.
647 3985 828 4054 stomata
845 3993 959 4074 rapas.
