3134 5144
482 977 730 1066 storto
767 979 867 1064 Vl.

499 1199 536 1264 lle
555 1201 665 1266 Prelatis
685 1200 847 1266 inleriorilus.

600 1411 729 1422 —-.-

124 1549 166 1600 Ll.
194 1547 293 1665 lgiraelati
322 1549 462 1612 inleriorer,
495 1565 628 1618 eorumque
708 1549 748 1599 Lll
776 1549 809 1664 psl
841 1549 902 1600 Llll.
937 1547 1094 1616 Singulorum
1129 1557 1209 1614 potes·

225 1631 294 1666 aruo.
786 1629 821 1664 as.

607 1767 638 1868 t.
667 1769 723 1839 nr.

175 1938 309 2010 Mentor
334 1943 420 2012 inter
454 1944 620 2038 episcopos
652 1956 751 2037 atque
775 1937 983 2036 presbyteros
1012 1937 1122 2010 locum
1155 1955 1205 2011 te-

123 2055 212 2108 nent
231 2036 357 2134 praelati
380 2035 568 2128 inferiores,
597 2039 753 2108 nimirum
778 2038 955 2124 antistites,
981 2038 1039 2132 qui
1059 2054 1206 2132 expertes

120 2135 253 2206 ordinis
291 2135 499 2232 episcopalis,
543 2137 577 2206 in
612 2135 672 2206 sibi
710 2135 868 2206 sub'ectas
910 2132 1057 2204 eeclesias
1106 2151 1206 2232 atque

121 2256 284 2328 personas
288 2231 546 2330 jurisdictionem
563 2248 725 2304 exercent.
774 2258 818 2302 on
831 2231 918 2302 idem
929 2233 1078 2300 omnium
1092 2255 1205 2302 eorum

119 2329 342 2424 praelatorum
372 2329 509 2424 gradm,
541 2355 649 2426 neque
678 2329 791 2400 eadem
822 2332 902 2400 ratio
944 2343 1004 2398 est.
1033 2327 1117 2400 Nam
1152 2329 1205 2400 alii

118 2427 277 2496 suntab
303 2430 445 2524 episcopi
472 2443 632 2526 potestate
659 2425 834 2514 subtracti,
865 2428 922 2523 qui
949 2439 1037 2496 certo
1061 2444 1206 2524 praesunt

117 2526 244 2618 generi
261 2548 490 2620 personarum,
515 2529 600 2594 intra
625 2539 714 2622 septa
731 2524 865 2621 alicujus
888 2523 1029 2594 ecclesie
1052 2539 1109 2594 aut
1130 2549 1206 2596 mo·

117 2624 264 2692 mosterii
289 2621 341 2694 vel
365 2639 543 2694 conventus
564 2623 791 2710 existentium,
821 2619 931 2716 quales
954 2636 1031 2690 sunt
1053 2624 1203 2714 superio·

119 2744 180 2788 res
210 2718 370 2812 regulares
391 2737 425 2790 et
451 2719 602 2792 nonnulli
628 2717 754 2815 praelati
778 2717 967 2805 saeculares,
1000 2718 1057 2811 qui
1086 2720 1207 2788 imme·

119 2815 221 2886 diate
246 2816 383 2891 subsunt
407 2815 474 2887 sedi
499 2817 692 2912 Apostolioae
719 2841 787 2886 una
814 2840 890 2884 cum
920 2811 1049 2884 ecclesia
1073 2815 1207 2910 ejusque

119 2913 257 2983 clericis
285 2929 383 3009 atque
405 2915 579 3003 ministris,
603 2914 722 3010 quibus
739 2911 889 3010 praelecti
912 2925 1000 2981 suut.
1027 2909 1090 2980 Alii
1118 2937 1208 3006 prae-

120 3009 243 3080 sidcnt
272 3011 357 3081 clero
386 3025 420 3081 et
440 3011 563 3106 populo
579 3010 714 3109 alicujus
739 3011 897 3104 regionis,
922 3032 996 3104 quae
1015 3011 1140 3079 tametsi
1166 3011 1207 3079 ab

118 3109 274 3203 episcopi
310 3123 469 3204 potestate
497 3107 659 3179 subtracta
689 3111 750 3195 sit,
786 3123 898 3176 tamen
931 3105 1021 3176 sedet
1055 3111 1089 3176 in
1120 3107 1207 3178 illius

121 3205 282 3293 dioecesi,
299 3230 317 3274 a
334 3231 398 3300 qua
418 3204 565 3300 undique
593 3205 880 3276 circumscribitur.
910 3202 1042 3299 Aliique
1064 3202 1207 3302 denique

122 3303 299 3398 propriam
324 3301 446 3371 babent
473 3305 563 3398 quasi
580 3301 743 3372 dioecesim
764 3303 936 3398 acujusvis
959 3303 1100 3396 episcopi
1121 3301 1208 3372 dioe-

123 3401 198 3470 ooei
217 3397 359 3468 avulsam
382 3415 414 3468 et
440 3425 472 3468 se
498 3415 640 3487 aratam,
671 3401 707 3468 in
738 3425 802 3495 qua
823 3397 1085 3495 jurisdictionem
1118 3398 1208 3468 obti-

126 3511 217 3567 nent
227 3499 319 3591 quasi
335 3425 550 3592 episoopelem
567 3498 599 3591 (l
609 3499 636 3590 ).

167 3691 213 3774 (l)
235 3691 312 3754 Vide
328 3692 409 3754 card.
426 3696 512 3755 Petra
529 3691 569 3755 od
589 3693 712 3756 constit.
733 3697 753 3754 l
775 3691 893 3756 Callisti
913 3695 976 3754 III.
1000 3701 1069 3754 sect.
1099 3695 1111 3752 l
1133 3711 1206 3772 pop.

121 3777 168 3836 90
183 3781 258 3836 tom.
275 3777 305 3852 5,
326 3781 356 3835 et
370 3775 559 3836 Benedictum
578 3773 694 3853 Xlele
708 3775 814 3860 synod.
834 3774 948 3837 dioeeea.
973 3772 1023 3835 lib.
1041 3777 1059 3834 2
1075 3792 1141 3853 cop.
1158 3776 1206 3833 ll.

180 3953 213 4054 ς.
255 3953 312 4024 Lll
345 3953 504 4026 Omnium
541 3953 731 4026 nobilissimi
769 3971 845 4024 sunt
875 3952 1023 4049 praelati,
1054 3951 1111 4044 qui
1155 3973 1209 4018 se-

126 4067 281 4150 paratam
326 4055 417 4148 quasi
459 4052 623 4125 dioecesim
658 4051 804 4137 habent3
843 4076 917 4122 nana
955 4049 989 4118 hi
1017 4047 1149 4142 proprie
1177 4064 1210 4117 et

234 4171 314 4218 ron.
345 4171 368 4218 r.
