3122 5178
783 473 979 546 ...64-

376 623 609 706 andegavensis,
635 622 833 700 Divionensis,
853 623 1017 702 Pithoeana,
1034 589 1156 706 aliequc
1178 625 1301 704 similes,
1327 644 1390 706 qum
1415 643 1430 686 n

374 707 546 782 sirmondo,
579 705 672 767 Petito
709 706 830 784 aliisque
850 705 1007 788 laudantur
1030 727 1158 788 quasque
1182 727 1282 771 omnes
1305 717 1432 769 accurate

375 787 543 851 describunt
555 791 670 850 Fratres
683 787 830 850 Bellen-inii
849 785 903 850 loc.
921 787 983 868 cit,
1001 808 1070 871 por.
1087 793 1106 852 l
1121 809 1187 874 cop.
1204 791 1307 874 lpup.
1323 789 1393 852 tto.

422 1006 453 1109 §.
485 1005 605 1080 LXIV.
635 1007 741 1107 Digna
775 1023 883 1080 mmen
916 1024 983 1098 cst,
1014 1035 1088 1108 quae
1124 1010 1222 1108 paulo
1252 1009 1435 1105 diligentius

375 1123 575 1203 exponatur,
609 1104 754 1180 collectio
783 1105 899 1178 lsidori
933 1107 1140 1182 Macamria
1186 1125 1242 1180 aut
1275 1110 1437 1182 Peccato-

374 1204 626 1302 ria(1);quae
659 1203 709 1274 lx
738 1204 880 1276 ecclesia
907 1204 1028 1278 saeculo
1056 1208 1090 1278 in
1122 1233 1236 1278 manus
1267 1207 1436 1278 hominum

420 1305 522 1375 rvenit
554 1302 623 1400 (ἓ).
655 1303 782 1398 Magnae
813 1303 856 1374 ob
885 1327 958 1374 eam
985 1303 1091 1376 turbas
1119 1321 1199 1376 ortae
1230 1321 1330 1393 sunt,
1364 1327 1438 1373 cum

390 1400 515 1472 sidorus
537 1403 619 1472 veris
644 1403 881 1492 monumentis,
901 1425 976 1498 qum
1001 1429 1020 1472 a
1043 1401 1232 1474 collectione
1255 1402 1312 1472 His
1336 1403 1436 1488 anica,

375 1498 536 1568 Hadriana
573 1498 706 1596 aliisque
737 1525 754 1570 a
784 1499 861 1570 locis
884 1499 938 1596 (5)
970 1501 1032 1570 arri
1059 1503 1107 1570 uit
1145 1499 1247 1570 multa
1280 1499 1297 1569 s
1325 1525 1358 1568 sa
1387 1496 1439 1568 ad·

375 1599 559 1688 miscuerit,
578 1623 719 1696 quorum
729 1612 857 1694 partem
880 1599 948 1693 ipse
970 1527 1147 1690 confinxit,
1166 1613 1200 1670 et
1212 1613 1342 1696 partem
1358 1595 1439 1667 alio·

376 1721 451 1764 rum
482 1697 613 1790 ingenio
644 1692 817 1764 confictam
847 1693 963 1764 litteris
993 1698 1202 1789 consignarit.
1236 1696 1344 1766 Habet
1374 1694 1441 1765 haeo

376 1792 540 1880 collectio,
574 1808 693 1887 praeter
721 1793 958 1954 quinguaginta
985 1817 1123 1862 canones
1152 1793 1376 1887 apostolorum
1405 1817 1442 1862 cx

375 1887 538 1959 Hadriana
577 1887 766 1958 collectione
827 1889 998 1982 ascriptos,
1040 1891 1248 1984 potissimum
1291 1889 1442 1985 epistolas

376 2011 577 2058 summorum
594 1983 791 2056 Pontificum
811 2011 828 2053 a
848 1983 1017 2056 Clemente
1036 2011 1138 2082 usque
1160 1985 1202 2056 ad
1227 1985 1441 2074 Silvestrum,

400 2107 449 2153 uae
488 2100 615 2156 cunctae
655 2107 694 2152 ex
735 2084 863 2177 ingenio
896 2081 1010 2154 lsidori
1045 2083 1260 2179 prodierunt,
1300 2087 1442 2181 exceptis

376 2109 501 2252 duabus
528 2181 703 2253 Clementis
728 2179 769 2248 ad
790 2179 946 2252 Jacobum
969 2180 1083 2251 litteris
1109 2179 1279 2276 (4),tun1
1305 2207 1443 2253 canones

376 2277 520 2374 plurium
538 2277 747 2350 conciliorum
774 2278 847 2375 (5),
898 2294 1039 2350 ostremo
1054 2278 1239 2350 Pontificius
1262 2277 1387 2350 litteras
1403 2277 1442 2348 ab

377 2379 446 2472 ipso
469 2375 621 2447 Silvestre
649 2401 751 2472 nsque
790 2375 830 2446 ad
866 2306 1059 2472 gregorium
1094 2377 1159 2466 Μ.,
1196 2393 1230 2448 et
1260 2377 1338 2448 alias
1365 2381 1442 2448 item

378 2475 525 2568 epistolas
559 2501 596 2545 ac
618 2489 848 2564 monumenta,
875 2500 1016 2573 quorum
1045 2500 1119 2572 pars
1154 2473 1286 2546 aliunde
1314 2489 1443 2572 sumpta

377 2599 450 2642 vera
492 2599 528 2644 ac
552 2597 704 2668 germana
736 2588 784 2643 est
810 2573 877 2669 (6),
907 2599 981 2668 pars
1008 2597 1073 2644 unu
1089 2565 1182 2642 ¹cum
1210 2575 1288 2643 actis
1318 2572 1444 2645 concilii

378 2669 516 2741 Romani
531 2670 592 2740 sub
611 2669 698 2742 lulio
714 2668 747 2761 Ι,
775 2685 809 2740 et
830 2669 958 2743 concilii
982 2669 1012 2739 V
1037 2687 1071 2741 et
1095 2669 1141 2741 Vl
1164 2669 1224 2742 sub
1246 2669 1445 2769 Symmacho

380 2767 420 2840 ab
434 2767 555 2840 lsidoro
571 2771 747 2864 excogitata
771 2784 804 2838 et
819 2771 949 2840 inventa
974 2783 1034 2839 est.

421 2991 463 3075 (l)
485 2993 541 3054 Alii
571 2999 641 3052 sunt
659 2991 787 3066 codices,
807 2992 857 3070 qui
878 2987 1054 3053 Mercatoris
1075 2999 1105 3050 ct
1122 2991 1187 3068 alii,
1208 2990 1259 3070 qui
1281 2993 1448 3053 Peccatoris

380 3092 487 3133 nomen
510 3075 682 3152 inscriptum
708 3071 828 3134 habent.
859 3073 943 3148 Quod
971 3079 1150 3152 postremum
1173 3091 1284 3134 nomen
1309 3072 1449 3153 quosdam

380 3156 478 3234 rapuit
491 3155 521 3215 in
540 3173 603 3216 eam
617 3155 800 3233 opinionem,
819 3163 851 3215 ut
863 3155 1031 3229 crederent,
1048 3153 1135 3234 hujus
1153 3155 1333 3218 collectionis
1350 3165 1449 3216 aucto-

381 3255 444 3298 rem
468 3237 556 3298 luisse
583 3237 708 3315 aliquem
736 3238 916 3316 episcopum,
945 3237 1083 3315 quoniam
1107 3255 1139 3296 ca
1167 3237 1296 3298 iormula
1324 3237 1449 3317 episcopi

381 3317 551 3393 utebantur,
564 3327 598 3378 ut
608 3318 766 3380 demissum
779 3317 816 3378 dc
830 3337 861 3379 se
870 3320 960 3379 animi
974 3337 1091 3378 sensum
1101 3324 1301 3396 testarentur,
1314 3320 1359 3381 uti
1371 3327 1450 3398 patet

382 3420 419 3460 ec
439 3397 568 3461 masiliis
586 3401 628 3461 Ca
666 3399 859 3461 enterocteasi
873 3420 924 3460 ua.
943 3401 1016 3475 tal,
1033 3408 1103 3460 tom.
1121 3401 1139 3460 5
1157 3397 1211 3462 col.
1226 3402 1306 3477 805,
1328 3400 1453 3464 Vaseasi

382 3484 497 3543 111aa.
513 3483 585 3559 529,
606 3499 638 3542 eo
653 3525 659 3540 .
676 3482 750 3556 825,
767 3481 934 3544 pareone·
946 3485 998 3544 111
1014 3501 1065 3542 on.
1084 3483 1153 3557 557,
1174 3491 1243 3544 tom.
1265 3485 1285 3542 6
1302 3481 1357 3546 tol.
1378 3485 1448 3560 toa,

386 3563 552 3624 ramensi
572 3565 608 3624 11
627 3581 678 3622 aa.
699 3565 771 3640 567,
795 3561 903 3624 didam
925 3561 980 3625 eol.
1007 3565 1065 3625 ott
1091 3561 1197 3624 collect.
1219 3562 1341 3644 labbei,
1363 3575 1452 3643 atque

383 3665 419 3706 ex
434 3645 629 3705 monumentis
640 3645 766 3707 ecclesie
776 3647 1000 3707 Cenomanensis
1014 3645 1296 3726 apudlllahillonium
1308 3647 1342 3708 ia
1358 3654 1449 3708 aeter.

383 3724 534 3803 analect,
557 3744 627 3809 pap.
651 3729 710 3788 267
731 3734 760 3786 ct
780 3745 859 3810 aeq„
878 3725 948 3789 edit.
971 3727 1073 3790 Paris.
1093 3745 1134 3788 oa
1150 3729 1239 3790 ttae.
1260 3732 1376 3791 Verum
1396 3731 1452 3792 Ca-

383 3809 463 3872 rolus
476 3809 606 3886 Blascus,
630 3809 681 3888 qui
699 3809 906 3870 commentario
922 3810 1039 3888 Neapoli
1055 3809 1135 3871 edito
1149 3829 1196 3870 an.
1220 3813 1318 3886 7760,
1339 3809 1376 3872 de
1393 3807 1453 3872 col·

384 3889 502 3953 lectione
516 3909 663 3952 cononum
679 3887 791 3952 Isidori
805 3891 980 3953 Mercatoris
995 3891 1052 3952 late
1071 3892 1108 3952 de
1129 3891 1184 3952 hac
1202 3891 1374 3954 collectione
1391 3893 1453 3954 dis·

385 3975 491 4049 seruit,
506 3973 639 4034 observat
652 3991 717 4054 cop.
738 3975 756 4033 6
771 3990 841 4055 pop.
860 3975 900 4034 to
914 3980 941 4036 et
954 3974 1006 4050 77,
1022 3973 1100 4052 quod
1117 3973 1242 4052 episcopi
1256 3974 1319 4034 scre
1336 3991 1453 4052 semper

385 4055 531 4118 addebant
550 4073 656 4118 nomcn
677 4051 834 4138 presulis,
860 4064 911 4118 aut
936 4055 1077 4138 episcopi,
1103 4073 1170 4116 cum
1193 4055 1267 4118 illud
1290 4054 1454 4138 peccatoris
