3100 5182
762 419 984 490 -feo-

382 569 415 670 ς.
439 568 581 640 xxix.
610 567 788 667 Majoribus
814 566 995 640 succedunt
1018 567 1159 638 minores
1183 565 1315 638 ordines
1337 567 1403 638 mi-

334 671 534 754 nistrorum,
565 665 719 763 atquehi
750 681 827 736 sunt
853 663 1015 763 acolythi,
1037 667 1224 753 exorcistae,
1252 664 1405 754 lectores,

337 769 467 856 ostiarii.
492 764 633 838 Nomina
657 763 730 836 baec
753 777 787 834 et
808 761 933 853 officia,
959 785 1034 858 quae
1056 761 1106 831 his
1130 761 1320 834 nominibus
1343 761 1407 833 de·

335 865 527 957 signantur,
558 861 600 932 ad
630 865 738 958 ipsum
770 861 917 934 eccleeioe
948 863 1100 930 initium
1132 859 1232 932 refert
1261 857 1407 1026 sgnodus

336 959 530 1031 Tridentino
557 959 631 1054 (1),
665 957 723 1028 sed
749 983 825 1028 cum
848 982 917 1028 non
945 955 1151 1046 definiverit,
1178 961 1272 1052 quoi
1320 973 1409 1028 tem-

334 1081 415 1152 pore
443 1057 566 1128 sactum
597 1054 716 1145 fuerit,
752 1055 848 1126 multi
880 1055 1085 1142 existimant,
1121 1079 1235 1125 omnes
1267 1057 1409 1126 minores

335 1153 466 1225 ordines
501 1179 567 1223 una
605 1177 682 1224 cum
718 1151 974 1242 subdiaconatu,
1013 1150 1212 1247 procedente
1237 1165 1406 1248 tempore,

335 1251 500 1322 ecclesiam
523 1251 699 1320 instituisse
723 1247 790 1346 (ἢ).
817 1247 944 1321 Verum
972 1275 1048 1320 cum
1074 1251 1168 1320 initio
1197 1247 1408 1320 diaconorum

334 1365 443 1444 partes
458 1365 585 1438 essent,
609 1371 685 1444 quie
707 1345 893 1418 labentibus
913 1347 1006 1418 annis
1032 1350 1196 1419 minorum
1217 1345 1408 1418 clericorum

333 1449 480 1542 proprie
500 1470 568 1518 esse
591 1461 782 1541 caeperunt,
816 1460 905 1517 recte
928 1446 1094 1534 sentiunt,
1112 1447 1170 1542 qui
1197 1447 1338 1516 minores
1350 1469 1410 1515 or-

333 1541 426 1614 dines
449 1545 574 1637 origine
601 1567 679 1632 sua,
707 1540 771 1614 boc
797 1559 846 1613 est
875 1557 1037 1640 quatenns
1059 1541 1230 1614 diaconatu
1255 1567 1410 1639 compre-

333 1637 582 1730 hendebantur,
604 1639 647 1710 ad
663 1642 767 1737 ipsam
791 1639 889 1738 hujus
907 1639 1032 1712 ordinis
1055 1642 1295 1711 institutionem
1320 1639 1408 1709 refe-

333 1754 426 1807 runt.
454 1737 541 1807 Tum
590 1736 656 1808 uod
684 1735 812 1807 diaconi
841 1763 935 1834 pares
959 1759 1029 1808 non
1051 1753 1158 1808 essent
1183 1736 1335 1808 omnibus
1357 1735 1409 1807 bis

332 1833 525 1906 muneribus
552 1763 728 1922 obeundis,
762 1835 892 1908 ecclesia
926 1834 1025 1905 veluti
1058 1853 1166 1933 partes
1197 1831 1352 1930 quasdam
1369 1859 1408 1905 ex

333 1929 530 2124 diaconati,5
540 1930 720 2026 decerpsit,
759 1955 795 2002 ac
826 1958 888 2028 pro
929 1933 1064 2027 singulis
1098 1933 1247 2030 proprios
1279 1930 1408 2003 ordines

334 2029 475 2098 instituit
531 2029 559 2124 ).

388 2195 417 2276 t)
437 2197 514 2259 Sera.
531 2199 570 2260 23
583 2213 648 2278 cop.
665 2195 732 2260 fide
744 2199 877 2260 Sacram.
891 2196 958 2260 ord.

386 2277 424 2418 2,
436 2279 595 2358 Disputant
610 2279 688 2339 inter
705 2297 736 2340 se
750 2281 807 2340 viri
824 2281 918 2352 docti,
938 2299 1012 2342 num
1027 2280 1177 2342 minorum
1194 2281 1333 2342 ordinum
1348 2282 1410 2342 ori·

333 2377 403 2438 goa
447 2361 518 2436 ipsis
541 2359 678 2438 apostolis
701 2362 740 2420 sit
756 2363 926 2440 repetenda.
950 2361 1106 2424 Affirmant
1121 2365 1262 2426 Beronius
1278 2361 1318 2422 ad
1334 2381 1408 2424 curt.

334 2443 374 2501 11
396 2457 482 2500 aunt.
509 2442 548 2502 78
570 2448 640 2501 tom.
667 2444 681 2502 f
703 2459 773 2522 puy.
799 2445 875 2520 515,
900 2441 969 2506 edit.
995 2443 1083 2506 Luem
1105 2447 1185 2506 1758
1203 2452 1232 2504 et
1258 2444 1410 2505 Bellarmi·

334 2537 391 2580 nus
407 2517 443 2580 de
461 2516 563 2581 Cierio.
589 2519 640 2582 feb.
662 2524 674 2583 1
696 2541 761 2604 cap.
781 2527 815 2585 ff
835 2534 861 2586 et
888 2541 966 2606 seq„
991 2543 1062 2607 poc.
1091 2527 1149 2586 ¹22
1168 2533 1194 2586 et
1220 2529 1409 2607 scetem

333 2619 430 2682 epar„
459 2597 527 2662 edit.
562 2603 659 2664 Venet.
693 2607 791 2682 f72f3
817 2615 926 2686 negent
953 2609 1084 2666 Morinos
1113 2605 1148 2667 de
1174 2625 1251 2668 scer.
1280 2605 1408 2668 ordinet.

332 2700 426 2744 exerc.
453 2683 468 2742 f
490 2701 577 2744 num.
605 2687 641 2760 5,·
668 2683 756 2746 Cnrd.
783 2689 862 2747 Runa
884 2705 942 2748 rer.
971 2685 1099 2768 iituryie.
1124 2684 1209 2748 fibi
1235 2707 1300 2769 cap.
1326 2691 1364 2750 at
1381 2685 1412 2768 3.,

334 2765 458 2826 1711111.
475 2766 495 2824 2
509 2781 580 2847 puy.
598 2767 670 2836 165,
687 2766 757 2828 edit.
772 2769 915 2850 Auyustc
937 2769 1095 2830 Taurinae.
1115 2787 1167 2830 aa.
1184 2771 1265 2830 17119
1272 2793 1283 2846 ,·
1297 2769 1410 2831 cotele-

333 2846 396 2906 rius
423 2845 456 2905 in
478 2849 592 2908 constit.
621 2845 752 2928 Apostof.
781 2847 876 2910 1111
903 2867 968 2930 cup.
1000 2853 1038 2911 25
1064 2867 1150 2911 num.
1181 2853 1220 2910 te
1249 2869 1319 2933 paq.
1347 2853 1406 2912 211

333 2935 404 2988 tom.
431 2930 466 3000 f,
490 2925 559 2988 edit.
583 2926 796 2990 Ametefodami
817 2931 915 3006 17243
942 2932 1065 2993 Goarius
1092 2931 1124 2990 in
1154 2938 1215 2992 not.
1245 2929 1285 2992 cd
1310 2928 1411 2992 erebo·

335 3003 392 3088 foy.
416 3007 544 3068 Grecor.
567 3027 637 3089 paq.
663 3012 741 3085 258;
763 3011 872 3070 fuenin
895 3007 930 3072 dc
951 3029 1079 3074 amram.
1097 3009 1212 3074 dissert.
1237 3015 1409 3096 funesti

334 3107 399 3168 rep.
428 3089 465 3146 1·
488 3105 521 3146 ac
546 3087 656 3148 diserte
676 3090 840 3152 Amafinius
866 3090 902 3153 de
923 3089 998 3174 offic.
1026 3090 1140 3169 occire,
1165 3089 1216 3153 lib.
1251 3097 1270 3154 2
1297 3112 1361 3174 cap.
1391 3096 1410 3155 6

334 3131 529 3254 1111111111.
559 3171 622 3229 rr.
650 3177 718 3230 rom.
744 3175 783 3232 11
802 3193 842 3254 pa
866 3215 873 3234 .
898 3175 950 3250 er,
977 3172 1046 3236 1111.
1073 3171 1234 3254 119111.,·
1262 3179 1295 3236 n.
1324 3179 1411 3236 uom-

334 3249 444 3310 bnrdus
461 3251 482 3309 1
500 3257 574 3310 sent.
594 3248 664 3311 dist.
682 3254 738 3328 tf,-
756 3257 793 3314 1).
815 3191 943 3315 fiemus
958 3273 995 3316 ru
1037 3253 1104 3317 fem.
1119 3273 1187 3337 par.
1208 3257 1348 3338 equirat.
1371 3257 1411 3317 57

335 3339 393 3392 art.
419 3331 455 3401 2,
479 3330 600 3390 tradunt
624 3349 674 3392 cos
694 3341 759 3411 post
773 3343 888 3396 etatem
910 3345 1010 3414 aposto
1022 3353 1108 3396 orum
1131 3336 1169 3396 ab
1188 3339 1306 3398 ccclesia
1321 3337 1411 3397 fuisse

334 3412 495 3472 institutos.
517 3411 593 3472 Vide
614 3415 776 3474 Arcudium
791 3414 923 3479 concord.
949 3417 1047 3480 eccles.
1079 3416 1224 3479 Occiderit.
1246 3427 1273 3479 et
1296 3417 1408 3480 orient.

336 3491 387 3553 iib.
411 3492 511 3572 ceap.
533 3495 638 3574 bouq.
663 3497 721 3557 556
749 3505 776 3557 et
797 3517 877 3580 seq„
901 3494 970 3561 edit.
987 3499 1087 3561 Paris.
1113 3501 1209 3578 fote·
1233 3505 1410 3562 Emmanue-

335 3574 432 3634 leme
459 3571 635 3634 schelstrate
657 3575 791 3636 Antiocfr.
824 3576 934 3640 Condi.
962 3579 1086 3642 restitut.
1113 3597 1181 3641 cart.
1214 3583 1252 3642 10
1279 3599 1344 3662 cap.
1371 3583 1409 3642 17

335 3661 394 3716 ert.
420 3654 533 3736 ipae.
558 3657 632 3730 tte,
659 3655 727 3719 edit.
751 3659 919 3742 Antuerpic
948 3664 1039 3724 11181.
1066 3661 1257 3723 Benedictum
1283 3665 1353 3724 XIV
1376 3657 1411 3724 de

335 3733 453 3818 synodo
473 3733 586 3799 «trees.
606 3733 656 3798 lib.
677 3741 696 3801 8
721 3755 786 3821 cup.
810 3739 871 3823 9§.
889 3744 909 3802 t
925 3751 952 3804 et
967 3762 1029 3825 seq.
1039 3787 1049 3819 ,
1066 3745 1117 3820 qui
1141 3761 1205 3805 rem
1221 3743 1409 3822 expendunt,

337 3819 515 3879 enumeratis
526 3821 723 3900 argumentis,
739 3839 805 3898 quie
820 3824 858 3883 ab
871 3825 1025 3903 utriusque
1042 3827 1194 3886 sententie
1208 3823 1412 3886 defensoribus

337 3909 552 3978 proponuntur.
584 3905 662 3962 Sane
683 3905 835 3965 Cornelius
855 3907 1005 3980 Pontifex,
1032 3907 1083 3984 qui
1112 3907 1211 3967 medic
1244 3909 1284 3968 111
1306 3905 1412 3966 seculo

338 3981 406 4042 rite
420 4001 508 4045 usura
523 3982 694 4064 fruebatur,
714 3984 845 4066 singulos
860 3987 925 4048 ilios
942 3988 1061 4049 ordines
1081 3987 1243 4048 distinctim
1264 3987 1413 4048 recensuit
