<?xml version="1.0" encoding="UTF-8"?>
<!DOCTYPE html PUBLIC "-//W3C//DTD XHTML 1.0 Transitional//EN"
    "http://www.w3.org/TR/xhtml1/DTD/xhtml1-transitional.dtd">
<html xmlns="http://www.w3.org/1999/xhtml" xml:lang="en" lang="en">
 <head>
  <title>
</title>
<meta http-equiv="Content-Type" content="text/html;charset=utf-8" />
  <meta name='ocr-system' content='tesseract 3.04.00' />
  <meta name='ocr-capabilities' content='ocr_page ocr_carea ocr_par ocr_line ocrx_word'/>
</head>
<body>
  <div class='ocr_page' id='page_1' title='image "./institutionumca00devogoog_0537.png"; bbox 0 0 3140 5168; ppageno 0'>
   <div class='ocr_carea' id='block_1_1' title="bbox 830 389 1052 462">
    <p class='ocr_par' dir='ltr' id='par_1_1' title="bbox 830 389 1052 462">
     <span class='ocr_line' id='line_1_1' title="bbox 830 389 1052 462; baseline -0.009 0"><span class='ocrx_word' id='word_1_1' title='bbox 830 389 1052 462; x_wconf 76' lang='lat'>-556-</span> 
     </span>
    </p>
   </div>
   <div class='ocr_carea' id='block_1_2' title="bbox 349 536 1479 2921">
    <p class='ocr_par' dir='ltr' id='par_1_2' title="bbox 349 536 1479 2670">
     <span class='ocr_line' id='line_1_2' title="bbox 407 536 1476 621; baseline -0.006 -19"><span class='ocrx_word' id='word_1_2' title='bbox 407 543 470 602; x_wconf 85' lang='lat' dir='ltr'><strong>insa</strong></span> <span class='ocrx_word' id='word_1_3' title='bbox 492 537 703 600; x_wconf 77' lang='lat' dir='ltr'><strong>benedictionis</strong></span> <span class='ocrx_word' id='word_1_4' title='bbox 718 539 850 600; x_wconf 78' lang='lat' dir='ltr'><strong>velamen</strong></span> <span class='ocrx_word' id='word_1_5' title='bbox 868 539 989 621; x_wconf 88' lang='lat' dir='ltr'><strong>aceepit.</strong></span> <span class='ocrx_word' id='word_1_6' title='bbox 1010 564 1023 592; x_wconf 78' lang='lat' dir='ltr'><strong>n</strong></span> <span class='ocrx_word' id='word_1_7' title='bbox 1045 537 1098 600; x_wconf 86' lang='lat' dir='ltr'><strong>llic</strong></span> <span class='ocrx_word' id='word_1_8' title='bbox 1111 555 1180 597; x_wconf 90' lang='lat' dir='ltr'><strong>sane</strong></span> <span class='ocrx_word' id='word_1_9' title='bbox 1197 536 1277 598; x_wconf 87' lang='lat' dir='ltr'><strong>locus</strong></span> <span class='ocrx_word' id='word_1_10' title='bbox 1290 537 1422 616; x_wconf 75' lang='lat' dir='ltr'><strong>pertinet</strong></span> <span class='ocrx_word' id='word_1_11' title='bbox 1440 536 1476 596; x_wconf 86' lang='lat' dir='ltr'><strong>ad</strong></span> 
     </span>
     <span class='ocr_line' id='line_1_3' title="bbox 406 619 1479 702; baseline -0.005 -19"><span class='ocrx_word' id='word_1_12' title='bbox 406 622 630 702; x_wconf 77' lang='lat' dir='ltr'><strong>professionem,</strong></span> <span class='ocrx_word' id='word_1_13' title='bbox 650 621 920 700; x_wconf 79' lang='lat' dir='ltr'><strong>quamsolcmnem</strong></span> <span class='ocrx_word' id='word_1_14' title='bbox 942 621 1077 683; x_wconf 79' lang='lat' dir='ltr'><strong>dicimus.</strong></span> <span class='ocrx_word' id='word_1_15' title='bbox 1098 619 1199 700; x_wconf 83' lang='lat' dir='ltr'><strong>Pergit</strong></span> <span class='ocrx_word' id='word_1_16' title='bbox 1221 619 1361 680; x_wconf 84' lang='lat' dir='ltr'><strong>continuo</strong></span> <span class='ocrx_word' id='word_1_17' title='bbox 1379 620 1479 680; x_wconf 84' lang='lat' dir='ltr'><strong>Ponti·</strong></span> 
     </span>
     <span class='ocr_line' id='line_1_4' title="bbox 406 701 1477 784; baseline -0.004 -20"><span class='ocrx_word' id='word_1_18' title='bbox 406 706 454 764; x_wconf 85' lang='lat' dir='ltr'><strong>iex</strong></span> <span class='ocrx_word' id='word_1_19' title='bbox 468 703 563 782; x_wconf 88' lang='lat' dir='ltr'><strong>deque</strong></span> <span class='ocrx_word' id='word_1_20' title='bbox 581 701 636 763; x_wconf 88' lang='lat' dir='ltr'><strong>hae</strong></span> <span class='ocrx_word' id='word_1_21' title='bbox 652 701 766 784; x_wconf 85' lang='lat' dir='ltr'><strong>virgine</strong></span> <span class='ocrx_word' id='word_1_22' title='bbox 779 703 852 765; x_wconf 91' lang='lat' dir='ltr'><strong>dicit</strong></span> <span class='ocrx_word' id='word_1_23' title='bbox 862 705 939 765; x_wconf 75' lang='lat' dir='ltr'><strong>hue:</strong></span> <span class='ocrx_word' id='word_1_24' title='bbox 959 729 972 757; x_wconf 72' lang='lat' dir='ltr'><strong>n</strong></span> <span class='ocrx_word' id='word_1_25' title='bbox 987 702 1054 766; x_wconf 86' lang='lat' dir='ltr'><strong>Sirc</strong></span> <span class='ocrx_word' id='word_1_26' title='bbox 1065 703 1209 764; x_wconf 86' lang='lat' dir='ltr'><strong>incestum</strong></span> <span class='ocrx_word' id='word_1_27' title='bbox 1222 701 1405 762; x_wconf 88' lang='lat' dir='ltr'><strong>commiserit</strong></span> <span class='ocrx_word' id='word_1_28' title='bbox 1418 701 1477 761; x_wconf 86' lang='lat' dir='ltr'><strong>lur-</strong></span> 
     </span>
     <span class='ocr_line' id='line_1_5' title="bbox 406 783 1476 867; baseline -0.004 -21"><span class='ocrx_word' id='word_1_29' title='bbox 406 788 472 862; x_wconf 91' lang='lat' dir='ltr'><strong>tlm,</strong></span> <span class='ocrx_word' id='word_1_30' title='bbox 487 803 538 846; x_wconf 88' lang='lat' dir='ltr'><strong>seu</strong></span> <span class='ocrx_word' id='word_1_31' title='bbox 551 785 652 846; x_wconf 84' lang='lat' dir='ltr'><strong>volens</strong></span> <span class='ocrx_word' id='word_1_32' title='bbox 662 785 773 846; x_wconf 79' lang='lat' dir='ltr'><strong>crimen</strong></span> <span class='ocrx_word' id='word_1_33' title='bbox 783 793 936 867; x_wconf 84' lang='lat' dir='ltr'><strong>protegere</strong></span> <span class='ocrx_word' id='word_1_34' title='bbox 947 785 1080 846; x_wconf 85' lang='lat' dir='ltr'><strong>adultero</strong></span> <span class='ocrx_word' id='word_1_35' title='bbox 1091 784 1190 844; x_wconf 84' lang='lat' dir='ltr'><strong>meriti</strong></span> <span class='ocrx_word' id='word_1_36' title='bbox 1204 801 1310 866; x_wconf 82' lang='lat' dir='ltr'><strong>nomen</strong></span> <span class='ocrx_word' id='word_1_37' title='bbox 1323 783 1476 860; x_wconf 86' lang='lat' dir='ltr'><strong>imposuit,</strong></span> 
     </span>
     <span class='ocr_line' id='line_1_6' title="bbox 404 865 1474 946; baseline -0.003 -18"><span class='ocrx_word' id='word_1_38' title='bbox 404 867 509 928; x_wconf 87' lang='lat' dir='ltr'><strong>tollens</strong></span> <span class='ocrx_word' id='word_1_39' title='bbox 522 867 655 928; x_wconf 86' lang='lat' dir='ltr'><strong>membru</strong></span> <span class='ocrx_word' id='word_1_40' title='bbox 669 867 792 946; x_wconf 76' lang='lat' dir='ltr'><strong>Christi,</strong></span> <span class='ocrx_word' id='word_1_41' title='bbox 813 869 920 930; x_wconf 86' lang='lat' dir='ltr'><strong>iaciens</strong></span> <span class='ocrx_word' id='word_1_42' title='bbox 932 867 1064 930; x_wconf 88' lang='lat' dir='ltr'><strong>membru</strong></span> <span class='ocrx_word' id='word_1_43' title='bbox 1078 865 1241 926; x_wconf 81' lang='lat' dir='ltr'><strong>meretricis</strong></span> <span class='ocrx_word' id='word_1_44' title='bbox 1254 873 1310 926; x_wconf 88' lang='lat' dir='ltr'><strong>etc.</strong></span> <span class='ocrx_word' id='word_1_45' title='bbox 1326 891 1340 919; x_wconf 75' lang='lat' dir='ltr'><strong>r</strong></span> <span class='ocrx_word' id='word_1_46' title='bbox 1362 866 1474 928; x_wconf 82' lang='lat' dir='ltr'><strong>sunest</strong></span> 
     </span>
     <span class='ocr_line' id='line_1_7' title="bbox 405 945 1477 1030; baseline -0.004 -20"><span class='ocrx_word' id='word_1_47' title='bbox 405 949 468 1010; x_wconf 78' lang='lat' dir='ltr'><strong>lucc</strong></span> <span class='ocrx_word' id='word_1_48' title='bbox 491 951 592 1010; x_wconf 82' lang='lat' dir='ltr'><strong>velatae</strong></span> <span class='ocrx_word' id='word_1_49' title='bbox 616 951 738 1030; x_wconf 79' lang='lat' dir='ltr'><strong>virginis</strong></span> <span class='ocrx_word' id='word_1_50' title='bbox 751 951 915 1030; x_wconf 83' lang='lat' dir='ltr'><strong>conjunctio</strong></span> <span class='ocrx_word' id='word_1_51' title='bbox 938 951 1082 1012; x_wconf 80' lang='lat' dir='ltr'><strong>incestum</strong></span> <span class='ocrx_word' id='word_1_52' title='bbox 1103 956 1132 1009; x_wconf 91' lang='lat' dir='ltr'><strong>et</strong></span> <span class='ocrx_word' id='word_1_53' title='bbox 1153 945 1355 1024; x_wconf 70' lang='lat' dir='ltr'><strong>adulterium,</strong></span> <span class='ocrx_word' id='word_1_54' title='bbox 1369 948 1398 1020; x_wconf 36' lang='lat' dir='ltr'><strong>,si</strong></span> <span class='ocrx_word' id='word_1_55' title='bbox 1416 947 1477 1026; x_wconf 86' lang='lat' dir='ltr'><strong>ipsa</strong></span> 
     </span>
     <span class='ocr_line' id='line_1_8' title="bbox 402 1027 1475 1112; baseline -0.004 -20"><span class='ocrx_word' id='word_1_56' title='bbox 402 1032 510 1092; x_wconf 89' lang='lat' dir='ltr'><strong>mulier</strong></span> <span class='ocrx_word' id='word_1_57' title='bbox 522 1049 582 1092; x_wconf 92' lang='lat' dir='ltr'><strong>non</strong></span> <span class='ocrx_word' id='word_1_58' title='bbox 604 1049 693 1108; x_wconf 84' lang='lat' dir='ltr'><strong>uxor,</strong></span> <span class='ocrx_word' id='word_1_59' title='bbox 714 1033 764 1093; x_wconf 85' lang='lat' dir='ltr'><strong>sed</strong></span> <span class='ocrx_word' id='word_1_60' title='bbox 778 1035 919 1094; x_wconf 73' lang='lat' dir='ltr'><strong>miris:</strong></span> <span class='ocrx_word' id='word_1_61' title='bbox 936 1033 1115 1112; x_wconf 85' lang='lat' dir='ltr'><strong>appellatur,</strong></span> <span class='ocrx_word' id='word_1_62' title='bbox 1130 1031 1318 1092; x_wconf 79' lang='lat' dir='ltr'><strong>manifestum</strong></span> <span class='ocrx_word' id='word_1_63' title='bbox 1330 1036 1395 1104; x_wconf 86' lang='lat' dir='ltr'><strong>cst,</strong></span> <span class='ocrx_word' id='word_1_64' title='bbox 1411 1027 1475 1106; x_wconf 78' lang='lat' dir='ltr'><strong>ejus</strong></span> 
     </span>
     <span class='ocr_line' id='line_1_9' title="bbox 405 1109 1475 1195; baseline -0.006 -19"><span class='ocrx_word' id='word_1_65' title='bbox 405 1113 522 1194; x_wconf 87' lang='lat' dir='ltr'><strong>nuptias</strong></span> <span class='ocrx_word' id='word_1_66' title='bbox 539 1114 639 1174; x_wconf 86' lang='lat' dir='ltr'><strong>irritas</strong></span> <span class='ocrx_word' id='word_1_67' title='bbox 650 1113 788 1193; x_wconf 84' lang='lat' dir='ltr'><strong>judicari.</strong></span> <span class='ocrx_word' id='word_1_68' title='bbox 804 1119 872 1178; x_wconf 88' lang='lat' dir='ltr'><strong>llucc</strong></span> <span class='ocrx_word' id='word_1_69' title='bbox 883 1115 921 1176; x_wconf 91' lang='lat' dir='ltr'><strong>de</strong></span> <span class='ocrx_word' id='word_1_70' title='bbox 932 1113 1097 1195; x_wconf 87' lang='lat' dir='ltr'><strong>virginibus</strong></span> <span class='ocrx_word' id='word_1_71' title='bbox 1109 1113 1228 1189; x_wconf 80' lang='lat' dir='ltr'><strong>relatis,</strong></span> <span class='ocrx_word' id='word_1_72' title='bbox 1247 1131 1313 1190; x_wconf 75' lang='lat' dir='ltr'><strong>que</strong></span> <span class='ocrx_word' id='word_1_73' title='bbox 1327 1109 1475 1190; x_wconf 80' lang='lat' dir='ltr'><strong>publicum</strong></span> 
     </span>
     <span class='ocr_line' id='line_1_10' title="bbox 403 1191 1476 1274; baseline -0.004 -18"><span class='ocrx_word' id='word_1_74' title='bbox 403 1205 455 1256; x_wconf 80' lang='lat' dir='ltr'><strong>cut</strong></span> <span class='ocrx_word' id='word_1_75' title='bbox 477 1196 636 1257; x_wconf 91' lang='lat' dir='ltr'><strong>solemnem</strong></span> <span class='ocrx_word' id='word_1_76' title='bbox 660 1197 869 1274; x_wconf 81' lang='lat' dir='ltr'><strong>professionem</strong></span> <span class='ocrx_word' id='word_1_77' title='bbox 891 1197 1059 1274; x_wconf 84' lang='lat' dir='ltr'><strong>emiserant,</strong></span> <span class='ocrx_word' id='word_1_78' title='bbox 1083 1195 1204 1257; x_wconf 83' lang='lat' dir='ltr'><strong>Sinicius</strong></span> <span class='ocrx_word' id='word_1_79' title='bbox 1228 1193 1397 1269; x_wconf 78' lang='lat' dir='ltr'><strong>constitnit3</strong></span> <span class='ocrx_word' id='word_1_80' title='bbox 1425 1191 1476 1253; x_wconf 88' lang='lat' dir='ltr'><strong>sed</strong></span> 
     </span>
     <span class='ocr_line' id='line_1_11' title="bbox 404 1275 1476 1360; baseline -0.005 -22"><span class='ocrx_word' id='word_1_81' title='bbox 404 1277 491 1358; x_wconf 81' lang='lat' dir='ltr'><strong>longe</strong></span> <span class='ocrx_word' id='word_1_82' title='bbox 510 1278 591 1339; x_wconf 89' lang='lat' dir='ltr'><strong>aliud</strong></span> <span class='ocrx_word' id='word_1_83' title='bbox 612 1277 700 1339; x_wconf 86' lang='lat' dir='ltr'><strong>habet</strong></span> <span class='ocrx_word' id='word_1_84' title='bbox 723 1279 761 1340; x_wconf 89' lang='lat' dir='ltr'><strong>de</strong></span> <span class='ocrx_word' id='word_1_85' title='bbox 781 1279 948 1360; x_wconf 80' lang='lat' dir='ltr'><strong>virginibus</strong></span> <span class='ocrx_word' id='word_1_86' title='bbox 972 1297 1032 1340; x_wconf 92' lang='lat' dir='ltr'><strong>non</strong></span> <span class='ocrx_word' id='word_1_87' title='bbox 1052 1277 1171 1354; x_wconf 86' lang='lat' dir='ltr'><strong>relatis,</strong></span> <span class='ocrx_word' id='word_1_88' title='bbox 1194 1295 1261 1354; x_wconf 80' lang='lat' dir='ltr'><strong>qtru</strong></span> <span class='ocrx_word' id='word_1_89' title='bbox 1283 1275 1395 1336; x_wconf 89' lang='lat' dir='ltr'><strong>sedicet</strong></span> <span class='ocrx_word' id='word_1_90' title='bbox 1420 1275 1476 1354; x_wconf 89' lang='lat' dir='ltr'><strong>pri·</strong></span> 
     </span>
     <span class='ocr_line' id='line_1_12' title="bbox 402 1356 1473 1440; baseline -0.003 -20"><span class='ocrx_word' id='word_1_91' title='bbox 402 1362 492 1420; x_wconf 90' lang='lat' dir='ltr'><strong>vatim</strong></span> <span class='ocrx_word' id='word_1_92' title='bbox 507 1359 668 1421; x_wconf 85' lang='lat' dir='ltr'><strong>castitatem</strong></span> <span class='ocrx_word' id='word_1_93' title='bbox 681 1369 831 1421; x_wconf 86' lang='lat' dir='ltr'><strong>voverant.</strong></span> <span class='ocrx_word' id='word_1_94' title='bbox 848 1365 902 1422; x_wconf 80' lang='lat' dir='ltr'><strong>llas</strong></span> <span class='ocrx_word' id='word_1_95' title='bbox 913 1361 1033 1439; x_wconf 89' lang='lat' dir='ltr'><strong>quidem</strong></span> <span class='ocrx_word' id='word_1_96' title='bbox 1047 1359 1227 1440; x_wconf 76' lang='lat' dir='ltr'><strong>poenitentias</strong></span> <span class='ocrx_word' id='word_1_97' title='bbox 1244 1357 1378 1437; x_wconf 77' lang='lat' dir='ltr'><strong>subjicit,</strong></span> <span class='ocrx_word' id='word_1_98' title='bbox 1395 1356 1473 1436; x_wconf 86' lang='lat' dir='ltr'><strong>qnod</strong></span> 
     </span>
     <span class='ocr_line' id='line_1_13' title="bbox 349 1439 1473 1525; baseline -0.004 -22"><span class='ocrx_word' id='word_1_99' title='bbox 349 1451 352 1464; x_wconf 90' lang='grc'><em>·</em></span> <span class='ocrx_word' id='word_1_100' title='bbox 402 1441 493 1503; x_wconf 86' lang='lat' dir='ltr'><strong>iidem</strong></span> <span class='ocrx_word' id='word_1_101' title='bbox 514 1443 676 1523; x_wconf 77' lang='lat' dir='ltr'><strong>inegerunt,</strong></span> <span class='ocrx_word' id='word_1_102' title='bbox 695 1451 725 1502; x_wconf 91' lang='lat' dir='ltr'><strong>et</strong></span> <span class='ocrx_word' id='word_1_103' title='bbox 746 1441 895 1525; x_wconf 77' lang='lat' dir='ltr'><strong>furtivam</strong></span> <span class='ocrx_word' id='word_1_104' title='bbox 913 1451 996 1504; x_wconf 87' lang='lat' dir='ltr'><strong>vocnt</strong></span> <span class='ocrx_word' id='word_1_105' title='bbox 1021 1461 1122 1504; x_wconf 84' lang='lat' dir='ltr'><strong>esrum</strong></span> <span class='ocrx_word' id='word_1_106' title='bbox 1145 1440 1399 1520; x_wconf 87' lang='lat' dir='ltr'><strong>conjunctionem,</strong></span> <span class='ocrx_word' id='word_1_107' title='bbox 1424 1439 1473 1498; x_wconf 89' lang='lat' dir='ltr'><strong>scd</strong></span> 
     </span>
     <span class='ocr_line' id='line_1_14' title="bbox 404 1519 1470 1607; baseline -0.005 -22"><span class='ocrx_word' id='word_1_108' title='bbox 404 1543 467 1586; x_wconf 88' lang='lat' dir='ltr'><strong>eam</strong></span> <span class='ocrx_word' id='word_1_109' title='bbox 498 1533 597 1584; x_wconf 86' lang='lat' dir='ltr'><strong>tumen</strong></span> <span class='ocrx_word' id='word_1_110' title='bbox 629 1525 690 1584; x_wconf 86' lang='lat' dir='ltr'><strong>veri</strong></span> <span class='ocrx_word' id='word_1_111' title='bbox 719 1525 898 1586; x_wconf 77' lang='lat' dir='ltr'><strong>matrimonii</strong></span> <span class='ocrx_word' id='word_1_112' title='bbox 926 1543 961 1584; x_wconf 87' lang='lat' dir='ltr'><strong>ae</strong></span> <span class='ocrx_word' id='word_1_113' title='bbox 984 1524 1162 1607; x_wconf 76' lang='lat' dir='ltr'><strong>nuptiantes</strong></span> <span class='ocrx_word' id='word_1_114' title='bbox 1192 1523 1312 1584; x_wconf 87' lang='lat' dir='ltr'><strong>nomine</strong></span> <span class='ocrx_word' id='word_1_115' title='bbox 1336 1519 1470 1600; x_wconf 87' lang='lat' dir='ltr'><strong>appellat.</strong></span> 
     </span>
     <span class='ocr_line' id='line_1_15' title="bbox 402 1603 1473 1688; baseline -0.007 -19"><span class='ocrx_word' id='word_1_116' title='bbox 402 1607 502 1686; x_wconf 88' lang='lat' dir='ltr'><strong>lnquit</strong></span> <span class='ocrx_word' id='word_1_117' title='bbox 521 1608 618 1668; x_wconf 86' lang='lat' dir='ltr'><strong>enim:</strong></span> <span class='ocrx_word' id='word_1_118' title='bbox 641 1632 654 1660; x_wconf 76' lang='lat' dir='ltr'><strong>r</strong></span> <span class='ocrx_word' id='word_1_119' title='bbox 679 1610 752 1668; x_wconf 85' lang='lat' dir='ltr'><strong>ltem</strong></span> <span class='ocrx_word' id='word_1_120' title='bbox 767 1608 879 1688; x_wconf 87' lang='lat' dir='ltr'><strong>puella,</strong></span> <span class='ocrx_word' id='word_1_121' title='bbox 901 1627 967 1686; x_wconf 81' lang='lat' dir='ltr'><strong>quse</strong></span> <span class='ocrx_word' id='word_1_122' title='bbox 984 1607 1117 1668; x_wconf 91' lang='lat' dir='ltr'><strong>nondum</strong></span> <span class='ocrx_word' id='word_1_123' title='bbox 1135 1604 1228 1666; x_wconf 82' lang='lat' dir='ltr'><strong>velate</strong></span> <span class='ocrx_word' id='word_1_124' title='bbox 1250 1613 1310 1679; x_wconf 89' lang='lat' dir='ltr'><strong>est,</strong></span> <span class='ocrx_word' id='word_1_125' title='bbox 1331 1603 1384 1664; x_wconf 86' lang='lat' dir='ltr'><strong>scd</strong></span> <span class='ocrx_word' id='word_1_126' title='bbox 1403 1621 1473 1682; x_wconf 88' lang='lat' dir='ltr'><strong>pro-</strong></span> 
     </span>
     <span class='ocr_line' id='line_1_16' title="bbox 402 1687 1471 1768; baseline -0.006 -18"><span class='ocrx_word' id='word_1_127' title='bbox 402 1698 538 1768; x_wconf 78' lang='lat' dir='ltr'><strong>posuerat</strong></span> <span class='ocrx_word' id='word_1_128' title='bbox 568 1690 610 1751; x_wconf 90' lang='lat' dir='ltr'><strong>sie</strong></span> <span class='ocrx_word' id='word_1_129' title='bbox 636 1707 770 1768; x_wconf 80' lang='lat' dir='ltr'><strong>manere,</strong></span> <span class='ocrx_word' id='word_1_130' title='bbox 801 1691 869 1750; x_wconf 90' lang='lat' dir='ltr'><strong>licct</strong></span> <span class='ocrx_word' id='word_1_131' title='bbox 890 1707 950 1750; x_wconf 92' lang='lat' dir='ltr'><strong>non</strong></span> <span class='ocrx_word' id='word_1_132' title='bbox 977 1689 1070 1750; x_wconf 90' lang='lat' dir='ltr'><strong>sitin</strong></span> <span class='ocrx_word' id='word_1_133' title='bbox 1098 1687 1215 1750; x_wconf 84' lang='lat' dir='ltr'><strong>Christo</strong></span> <span class='ocrx_word' id='word_1_134' title='bbox 1236 1687 1348 1763; x_wconf 85' lang='lat' dir='ltr'><strong>velatu,</strong></span> <span class='ocrx_word' id='word_1_135' title='bbox 1375 1694 1471 1746; x_wconf 85' lang='lat' dir='ltr'><strong>tamen</strong></span> 
     </span>
     <span class='ocr_line' id='line_1_17' title="bbox 403 1767 1473 1852; baseline -0.005 -22"><span class='ocrx_word' id='word_1_136' title='bbox 403 1771 471 1850; x_wconf 90' lang='lat' dir='ltr'><strong>quia</strong></span> <span class='ocrx_word' id='word_1_137' title='bbox 493 1771 659 1850; x_wconf 86' lang='lat' dir='ltr'><strong>proposuit,</strong></span> <span class='ocrx_word' id='word_1_138' title='bbox 682 1779 711 1831; x_wconf 92' lang='lat' dir='ltr'><strong>et</strong></span> <span class='ocrx_word' id='word_1_139' title='bbox 734 1773 764 1832; x_wconf 92' lang='lat' dir='ltr'><strong>in</strong></span> <span class='ocrx_word' id='word_1_140' title='bbox 786 1771 922 1852; x_wconf 82' lang='lat' dir='ltr'><strong>conjugio</strong></span> <span class='ocrx_word' id='word_1_141' title='bbox 941 1770 1035 1832; x_wconf 81' lang='lat' dir='ltr'><strong>reluta</strong></span> <span class='ocrx_word' id='word_1_142' title='bbox 1053 1789 1112 1831; x_wconf 92' lang='lat' dir='ltr'><strong>non</strong></span> <span class='ocrx_word' id='word_1_143' title='bbox 1134 1777 1193 1846; x_wconf 89' lang='lat' dir='ltr'><strong>est,</strong></span> <span class='ocrx_word' id='word_1_144' title='bbox 1222 1768 1339 1829; x_wconf 81' lang='lat' dir='ltr'><strong>iurtivm</strong></span> <span class='ocrx_word' id='word_1_145' title='bbox 1364 1767 1473 1846; x_wconf 81' lang='lat' dir='ltr'><strong>nuptie</strong></span> 
     </span>
     <span class='ocr_line' id='line_1_18' title="bbox 402 1851 1471 1932; baseline -0.003 -20"><span class='ocrx_word' id='word_1_146' title='bbox 402 1851 600 1932; x_wconf 83' lang='lat' dir='ltr'><strong>appellantur,</strong></span> <span class='ocrx_word' id='word_1_147' title='bbox 630 1871 666 1913; x_wconf 87' lang='lat' dir='ltr'><strong>ex</strong></span> <span class='ocrx_word' id='word_1_148' title='bbox 691 1871 726 1914; x_wconf 86' lang='lat' dir='ltr'><strong>eo</strong></span> <span class='ocrx_word' id='word_1_149' title='bbox 750 1855 830 1932; x_wconf 90' lang='lat' dir='ltr'><strong>quod</strong></span> <span class='ocrx_word' id='word_1_150' title='bbox 854 1853 1033 1914; x_wconf 83' lang='lat' dir='ltr'><strong>matrimonii</strong></span> <span class='ocrx_word' id='word_1_151' title='bbox 1056 1851 1179 1913; x_wconf 88' lang='lat' dir='ltr'><strong>coelestis</strong></span> <span class='ocrx_word' id='word_1_152' title='bbox 1206 1857 1388 1930; x_wconf 74' lang='lat' dir='ltr'><strong>preceptum</strong></span> <span class='ocrx_word' id='word_1_153' title='bbox 1415 1867 1471 1910; x_wconf 93' lang='lat' dir='ltr'><strong>non</strong></span> 
     </span>
     <span class='ocr_line' id='line_1_19' title="bbox 402 1929 1472 2014; baseline -0.004 -20"><span class='ocrx_word' id='word_1_154' title='bbox 402 1933 573 1994; x_wconf 88' lang='lat' dir='ltr'><strong>scrvnverit.</strong></span> <span class='ocrx_word' id='word_1_155' title='bbox 592 1959 606 1987; x_wconf 79' lang='lat' dir='ltr'><strong>n</strong></span> <span class='ocrx_word' id='word_1_156' title='bbox 629 1936 682 1996; x_wconf 88' lang='lat' dir='ltr'><strong>ilie</strong></span> <span class='ocrx_word' id='word_1_157' title='bbox 701 1935 821 2014; x_wconf 88' lang='lat' dir='ltr'><strong>quidem</strong></span> <span class='ocrx_word' id='word_1_158' title='bbox 838 1935 918 1998; x_wconf 88' lang='lat' dir='ltr'><strong>locus</strong></span> <span class='ocrx_word' id='word_1_159' title='bbox 940 1953 1005 1996; x_wconf 90' lang='lat' dir='ltr'><strong>meo</strong></span> <span class='ocrx_word' id='word_1_160' title='bbox 1022 1934 1134 2013; x_wconf 88' lang='lat' dir='ltr'><strong>judicio</strong></span> <span class='ocrx_word' id='word_1_161' title='bbox 1155 1934 1225 1994; x_wconf 84' lang='lat' dir='ltr'><strong>sutis</strong></span> <span class='ocrx_word' id='word_1_162' title='bbox 1243 1941 1346 2012; x_wconf 85' lang='lat' dir='ltr'><strong>aperte</strong></span> <span class='ocrx_word' id='word_1_163' title='bbox 1365 1929 1472 1993; x_wconf 80' lang='lat' dir='ltr'><strong>indicet</strong></span> 
     </span>
     <span class='ocr_line' id='line_1_20' title="bbox 403 2014 1471 2096; baseline -0.002 -21"><span class='ocrx_word' id='word_1_164' title='bbox 403 2015 560 2078; x_wconf 85' lang='lat' dir='ltr'><strong>discrimen</strong></span> <span class='ocrx_word' id='word_1_165' title='bbox 583 2017 643 2076; x_wconf 83' lang='lat' dir='ltr'><strong>voti</strong></span> <span class='ocrx_word' id='word_1_166' title='bbox 670 2017 809 2096; x_wconf 80' lang='lat' dir='ltr'><strong>simplicis</strong></span> <span class='ocrx_word' id='word_1_167' title='bbox 832 2027 863 2079; x_wconf 89' lang='lat' dir='ltr'><strong>et</strong></span> <span class='ocrx_word' id='word_1_168' title='bbox 886 2018 1040 2088; x_wconf 83' lang='lat' dir='ltr'><strong>solemnis,</strong></span> <span class='ocrx_word' id='word_1_169' title='bbox 1067 2033 1193 2096; x_wconf 85' lang='lat' dir='ltr'><strong>quarmn</strong></span> <span class='ocrx_word' id='word_1_170' title='bbox 1219 2016 1347 2077; x_wconf 80' lang='lat' dir='ltr'><strong>uterum</strong></span> <span class='ocrx_word' id='word_1_171' title='bbox 1374 2014 1471 2074; x_wconf 88' lang='lat' dir='ltr'><strong>minus</strong></span> 
     </span>
     <span class='ocr_line' id='line_1_21' title="bbox 402 2095 1469 2174; baseline 0 -17"><span class='ocrx_word' id='word_1_172' title='bbox 402 2098 530 2174; x_wconf 88' lang='lat' dir='ltr'><strong>licitum,</strong></span> <span class='ocrx_word' id='word_1_173' title='bbox 557 2097 682 2160; x_wconf 83' lang='lat' dir='ltr'><strong>alterum</strong></span> <span class='ocrx_word' id='word_1_174' title='bbox 701 2117 770 2160; x_wconf 79' lang='lat' dir='ltr'><strong>vcro</strong></span> <span class='ocrx_word' id='word_1_175' title='bbox 793 2101 912 2162; x_wconf 86' lang='lat' dir='ltr'><strong>irritum</strong></span> <span class='ocrx_word' id='word_1_176' title='bbox 935 2100 1157 2162; x_wconf 78' lang='lat' dir='ltr'><strong>matrimonium</strong></span> <span class='ocrx_word' id='word_1_177' title='bbox 1177 2095 1281 2158; x_wconf 85' lang='lat' dir='ltr'><strong>ellieit.</strong></span> <span class='ocrx_word' id='word_1_178' title='bbox 1304 2099 1347 2158; x_wconf 83' lang='lat' dir='ltr'><strong>lix</strong></span> <span class='ocrx_word' id='word_1_179' title='bbox 1369 2095 1469 2158; x_wconf 87' lang='lat' dir='ltr'><strong>endem</strong></span> 
     </span>
     <span class='ocr_line' id='line_1_22' title="bbox 403 2179 1471 2263; baseline -0.002 -23"><span class='ocrx_word' id='word_1_180' title='bbox 403 2179 459 2240; x_wconf 93' lang='lat' dir='ltr'><strong>hoc</strong></span> <span class='ocrx_word' id='word_1_181' title='bbox 483 2180 546 2242; x_wconf 89' lang='lat' dir='ltr'><strong>loeo</strong></span> <span class='ocrx_word' id='word_1_182' title='bbox 572 2180 778 2262; x_wconf 80' lang='lat' dir='ltr'><strong>intelligimus,</strong></span> <span class='ocrx_word' id='word_1_183' title='bbox 802 2201 891 2261; x_wconf 90' lang='lat' dir='ltr'><strong>quum</strong></span> <span class='ocrx_word' id='word_1_184' title='bbox 912 2181 1041 2263; x_wconf 87' lang='lat' dir='ltr'><strong>graviter</strong></span> <span class='ocrx_word' id='word_1_185' title='bbox 1064 2189 1179 2256; x_wconf 80' lang='lat' dir='ltr'><strong>errent,</strong></span> <span class='ocrx_word' id='word_1_186' title='bbox 1209 2181 1263 2258; x_wconf 88' lang='lat' dir='ltr'><strong>qui</strong></span> <span class='ocrx_word' id='word_1_187' title='bbox 1285 2187 1392 2260; x_wconf 78' lang='lat' dir='ltr'><strong>negent</strong></span> <span class='ocrx_word' id='word_1_188' title='bbox 1418 2195 1471 2258; x_wconf 88' lang='lat' dir='ltr'><strong>per</strong></span> 
     </span>
     <span class='ocr_line' id='line_1_23' title="bbox 402 2259 1470 2343; baseline -0.002 -21"><span class='ocrx_word' id='word_1_189' title='bbox 402 2262 533 2342; x_wconf 85' lang='lat' dir='ltr'><strong>quinque</strong></span> <span class='ocrx_word' id='word_1_190' title='bbox 546 2262 645 2340; x_wconf 81' lang='lat' dir='ltr'><strong>priore</strong></span> <span class='ocrx_word' id='word_1_191' title='bbox 662 2263 765 2324; x_wconf 78' lang='lat' dir='ltr'><strong>sucula</strong></span> <span class='ocrx_word' id='word_1_192' title='bbox 788 2263 887 2325; x_wconf 88' lang='lat' dir='ltr'><strong>irritus</strong></span> <span class='ocrx_word' id='word_1_193' title='bbox 903 2265 992 2328; x_wconf 88' lang='lat' dir='ltr'><strong>luisse</strong></span> <span class='ocrx_word' id='word_1_194' title='bbox 1011 2263 1128 2343; x_wconf 79' lang='lat' dir='ltr'><strong>nuptias</strong></span> <span class='ocrx_word' id='word_1_195' title='bbox 1146 2261 1281 2338; x_wconf 89' lang='lat' dir='ltr'><strong>illorum,</strong></span> <span class='ocrx_word' id='word_1_196' title='bbox 1296 2262 1347 2342; x_wconf 87' lang='lat' dir='ltr'><strong>qni</strong></span> <span class='ocrx_word' id='word_1_197' title='bbox 1370 2259 1470 2322; x_wconf 90' lang='lat' dir='ltr'><strong>solem·</strong></span> 
     </span>
     <span class='ocr_line' id='line_1_24' title="bbox 402 2343 1467 2424; baseline -0.001 -21"><span class='ocrx_word' id='word_1_198' title='bbox 402 2345 482 2403; x_wconf 89' lang='lat' dir='ltr'><strong>niter</strong></span> <span class='ocrx_word' id='word_1_199' title='bbox 503 2345 662 2405; x_wconf 85' lang='lat' dir='ltr'><strong>castitatem</strong></span> <span class='ocrx_word' id='word_1_200' title='bbox 686 2352 835 2406; x_wconf 84' lang='lat' dir='ltr'><strong>voverant.</strong></span> <span class='ocrx_word' id='word_1_201' title='bbox 863 2349 936 2409; x_wconf 83' lang='lat' dir='ltr'><strong>Num</strong></span> <span class='ocrx_word' id='word_1_202' title='bbox 959 2364 1006 2407; x_wconf 88' lang='lat' dir='ltr'><strong>eas</strong></span> <span class='ocrx_word' id='word_1_203' title='bbox 1029 2345 1150 2408; x_wconf 87' lang='lat' dir='ltr'><strong>siricius</strong></span> <span class='ocrx_word' id='word_1_204' title='bbox 1173 2345 1352 2424; x_wconf 86' lang='lat' dir='ltr'><strong>apertissime</strong></span> <span class='ocrx_word' id='word_1_205' title='bbox 1371 2343 1467 2404; x_wconf 85' lang='lat' dir='ltr'><strong>irritus</strong></span> 
     </span>
     <span class='ocr_line' id='line_1_25' title="bbox 400 2421 1465 2512; baseline -0.001 -27"><span class='ocrx_word' id='word_1_206' title='bbox 400 2425 527 2505; x_wconf 86' lang='lat' dir='ltr'><strong>judicat,</strong></span> <span class='ocrx_word' id='word_1_207' title='bbox 544 2435 573 2486; x_wconf 89' lang='lat' dir='ltr'><strong>et</strong></span> <span class='ocrx_word' id='word_1_208' title='bbox 595 2429 740 2488; x_wconf 86' lang='lat' dir='ltr'><strong>consentit</strong></span> <span class='ocrx_word' id='word_1_209' title='bbox 760 2431 861 2490; x_wconf 90' lang='lat' dir='ltr'><strong>innoc.</strong></span> <span class='ocrx_word' id='word_1_210' title='bbox 883 2431 955 2512; x_wconf 82' lang='lat' dir='ltr'><strong>lep.</strong></span> <span class='ocrx_word' id='word_1_211' title='bbox 982 2429 1002 2490; x_wconf 83' lang='grc'><strong>9</strong></span> <span class='ocrx_word' id='word_1_212' title='bbox 1020 2425 1061 2490; x_wconf 83' lang='lat' dir='ltr'><strong>ad</strong></span> <span class='ocrx_word' id='word_1_213' title='bbox 1079 2427 1258 2490; x_wconf 83' lang='lat' dir='ltr'><strong>Victricium</strong></span> <span class='ocrx_word' id='word_1_214' title='bbox 1271 2445 1334 2508; x_wconf 82' lang='lat' dir='ltr'><strong>cup.</strong></span> <span class='ocrx_word' id='word_1_215' title='bbox 1358 2426 1394 2486; x_wconf 79' lang='grc'><strong>19</strong></span> <span class='ocrx_word' id='word_1_216' title='bbox 1410 2421 1465 2486; x_wconf 87' lang='lat' dir='ltr'><strong>ml.</strong></span> 
     </span>
     <span class='ocr_line' id='line_1_26' title="bbox 404 2507 1469 2650; baseline -0.003 -80"><span class='ocrx_word' id='word_1_217' title='bbox 404 2509 464 2570; x_wconf 70' lang='lat' dir='ltr'><strong>titt</strong></span> <span class='ocrx_word' id='word_1_218' title='bbox 488 2517 518 2650; x_wconf 52' lang='lat' dir='ltr'><strong>ep</strong></span> <span class='ocrx_word' id='word_1_219' title='bbox 528 2526 604 2592; x_wconf 70' lang='lat' dir='ltr'><strong>rep,</strong></span> <span class='ocrx_word' id='word_1_220' title='bbox 626 2527 714 2589; x_wconf 87' lang='lat' dir='ltr'><strong>quem</strong></span> <span class='ocrx_word' id='word_1_221' title='bbox 735 2513 836 2572; x_wconf 87' lang='lat' dir='ltr'><strong>innoc.</strong></span> <span class='ocrx_word' id='word_1_222' title='bbox 859 2510 956 2572; x_wconf 84' lang='lat' dir='ltr'><strong>lnmm</strong></span> <span class='ocrx_word' id='word_1_223' title='bbox 964 2511 1157 2574; x_wconf 70' lang='lat' dir='ltr'><strong>eumantius</strong></span> <span class='ocrx_word' id='word_1_224' title='bbox 1171 2509 1205 2572; x_wconf 79' lang='lat' dir='ltr'><strong>is</strong></span> <span class='ocrx_word' id='word_1_225' title='bbox 1220 2509 1300 2570; x_wconf 73' lang='lat' dir='ltr'><strong>eots&#39;s</strong></span> <span class='ocrx_word' id='word_1_226' title='bbox 1316 2507 1469 2590; x_wconf 84' lang='lat' dir='ltr'><strong>diligenter</strong></span> 
     </span>
     <span class='ocr_line' id='line_1_27' title="bbox 404 2593 649 2670; baseline -0.004 -19"><span class='ocrx_word' id='word_1_227' title='bbox 404 2609 497 2670; x_wconf 83' lang='lat' dir='ltr'><strong>expen</strong></span> <span class='ocrx_word' id='word_1_228' title='bbox 522 2593 554 2653; x_wconf 83' lang='lat' dir='ltr'><strong>it.</strong></span> <span class='ocrx_word' id='word_1_229' title='bbox 638 2661 649 2667; x_wconf 46' lang='grc'><strong>,</strong></span> 
     </span>
    </p>

    <p class='ocr_par' dir='ltr' id='par_1_3' title="bbox 405 2671 1467 2839">
     <span class='ocr_line' id='line_1_28' title="bbox 445 2671 1467 2754; baseline -0.002 -21"><span class='ocrx_word' id='word_1_230' title='bbox 445 2672 486 2754; x_wconf 98' lang='grc'><strong>(9)</strong></span> <span class='ocrx_word' id='word_1_231' title='bbox 510 2677 582 2754; x_wconf 84' lang='lat' dir='ltr'><strong>Cap.</strong></span> <span class='ocrx_word' id='word_1_232' title='bbox 604 2677 623 2735; x_wconf 77' lang='lat' dir='ltr'><strong>l</strong></span> <span class='ocrx_word' id='word_1_233' title='bbox 644 2681 672 2736; x_wconf 89' lang='lat' dir='ltr'><strong>ct</strong></span> <span class='ocrx_word' id='word_1_234' title='bbox 694 2692 723 2738; x_wconf 82' lang='lat' dir='ltr'><strong>sc</strong></span> <span class='ocrx_word' id='word_1_235' title='bbox 748 2718 754 2732; x_wconf 93' lang='lat'>.</span> <span class='ocrx_word' id='word_1_236' title='bbox 784 2674 845 2753; x_wconf 83' lang='lat' dir='ltr'><strong>Qui</strong></span> <span class='ocrx_word' id='word_1_237' title='bbox 867 2671 966 2736; x_wconf 84' lang='lat' dir='ltr'><strong>cleric.</strong></span> <span class='ocrx_word' id='word_1_238' title='bbox 983 2672 1031 2737; x_wconf 78' lang='lat' dir='ltr'><strong>oet</strong></span> <span class='ocrx_word' id='word_1_239' title='bbox 1049 2693 1152 2737; x_wconf 77' lang='lat' dir='ltr'><strong>uocet.</strong></span> <span class='ocrx_word' id='word_1_240' title='bbox 1178 2678 1267 2738; x_wconf 82' lang='lat' dir='ltr'><strong>conc.</strong></span> <span class='ocrx_word' id='word_1_241' title='bbox 1290 2673 1376 2736; x_wconf 80' lang='lat' dir='ltr'><strong>Trid.</strong></span> <span class='ocrx_word' id='word_1_242' title='bbox 1398 2688 1467 2734; x_wconf 80' lang='lat' dir='ltr'><strong>sess.</strong></span> 
     </span>
     <span class='ocr_line' id='line_1_29' title="bbox 405 2694 1151 2839; baseline 0.003 -23"><span class='ocrx_word' id='word_1_243' title='bbox 405 2758 444 2816; x_wconf 65' lang='lat' dir='ltr'><strong>dd</strong></span> <span class='ocrx_word' id='word_1_244' title='bbox 459 2775 527 2815; x_wconf 83' lang='lat' dir='ltr'><strong>carr.</strong></span> <span class='ocrx_word' id='word_1_245' title='bbox 544 2752 611 2816; x_wconf 75' lang='lat' dir='ltr'><strong>tide</strong></span> <span class='ocrx_word' id='word_1_246' title='bbox 623 2694 767 2838; x_wconf 58' lang='lat' dir='ltr'><strong>menidi</strong></span> <span class='ocrx_word' id='word_1_247' title='bbox 784 2761 857 2839; x_wconf 86' lang='lat' dir='ltr'><strong>Cap.</strong></span> <span class='ocrx_word' id='word_1_248' title='bbox 873 2777 928 2818; x_wconf 79' lang='lat' dir='ltr'><strong>uu.</strong></span> <span class='ocrx_word' id='word_1_249' title='bbox 945 2755 980 2818; x_wconf 86' lang='lat' dir='ltr'><strong>de</strong></span> <span class='ocrx_word' id='word_1_250' title='bbox 996 2759 1060 2818; x_wconf 86' lang='lat' dir='ltr'><strong>Vct.</strong></span> <span class='ocrx_word' id='word_1_251' title='bbox 1075 2757 1108 2818; x_wconf 82' lang='lat' dir='ltr'><strong>in</strong></span> <span class='ocrx_word' id='word_1_252' title='bbox 1119 2759 1151 2818; x_wconf 89' lang='grc'><strong>6.</strong></span> 
     </span>
    </p>

    <p class='ocr_par' dir='ltr' id='par_1_4' title="bbox 445 2835 1427 2921">
     <span class='ocr_line' id='line_1_30' title="bbox 445 2835 1427 2921; baseline -0.002 -23"><span class='ocrx_word' id='word_1_253' title='bbox 445 2835 487 2918; x_wconf 76' lang='grc'><strong>(4)</strong></span> <span class='ocrx_word' id='word_1_254' title='bbox 510 2841 542 2898; x_wconf 83' lang='lat' dir='ltr'><strong>C.</strong></span> <span class='ocrx_word' id='word_1_255' title='bbox 555 2836 769 2901; x_wconf 69' lang='lat' dir='ltr'><strong>adscendere.</strong></span> <span class='ocrx_word' id='word_1_256' title='bbox 785 2838 862 2921; x_wconf 73' lang='lat' dir='ltr'><strong>conj.</strong></span> <span class='ocrx_word' id='word_1_257' title='bbox 878 2839 920 2920; x_wconf 80' lang='lat' dir='ltr'><strong>(tt)</strong></span> <span class='ocrx_word' id='word_1_258' title='bbox 935 2841 1064 2900; x_wconf 75' lang='lat' dir='ltr'><strong>Ecetras.</strong></span> <span class='ocrx_word' id='word_1_259' title='bbox 1079 2857 1134 2902; x_wconf 78' lang='lat' dir='ltr'><strong>uu.</strong></span> <span class='ocrx_word' id='word_1_260' title='bbox 1147 2840 1241 2902; x_wconf 82' lang='lat' dir='ltr'><strong>Joou.</strong></span> <span class='ocrx_word' id='word_1_261' title='bbox 1255 2840 1297 2901; x_wconf 76' lang='grc'><strong>99</strong></span> <span class='ocrx_word' id='word_1_262' title='bbox 1312 2837 1350 2900; x_wconf 87' lang='lat' dir='ltr'><strong>de</strong></span> <span class='ocrx_word' id='word_1_263' title='bbox 1365 2839 1427 2898; x_wconf 84' lang='lat' dir='ltr'><strong>Vct.</strong></span> 
     </span>
    </p>
   </div>
   <div class='ocr_carea' id='block_1_3' title="bbox 452 2981 1469 3086">
    <p class='ocr_par' dir='ltr' id='par_1_5' title="bbox 452 2981 1469 3086">
     <span class='ocr_line' id='line_1_31' title="bbox 452 2981 1469 3086; baseline -0.001 -30"><span class='ocrx_word' id='word_1_264' title='bbox 452 2981 483 3083; x_wconf 82' lang='lat'><strong>§.</strong></span> <span class='ocrx_word' id='word_1_265' title='bbox 512 2983 656 3056; x_wconf 86' lang='lat' dir='ltr'>CXXX.</span> <span class='ocrx_word' id='word_1_266' title='bbox 696 2985 844 3058; x_wconf 86' lang='lat' dir='ltr'><strong>Pertinet</strong></span> <span class='ocrx_word' id='word_1_267' title='bbox 870 2987 968 3058; x_wconf 87' lang='lat' dir='ltr'><strong>etiam</strong></span> <span class='ocrx_word' id='word_1_268' title='bbox 992 2985 1035 3058; x_wconf 88' lang='lat' dir='ltr'><strong>ad</strong></span> <span class='ocrx_word' id='word_1_269' title='bbox 1056 2987 1217 3082; x_wconf 82' lang='lat' dir='ltr'><strong>generalia</strong></span> <span class='ocrx_word' id='word_1_270' title='bbox 1238 2985 1469 3086; x_wconf 83' lang='lat' dir='ltr'><strong>impedimenta</strong></span> 
     </span>
    </p>
   </div>
   <div class='ocr_carea' id='block_1_4' title="bbox 402 3083 1471 3901">
    <p class='ocr_par' dir='ltr' id='par_1_6' title="bbox 402 3083 1471 3772">
     <span class='ocr_line' id='line_1_32' title="bbox 402 3083 1468 3175; baseline 0 -22"><span class='ocrx_word' id='word_1_271' title='bbox 402 3085 647 3155; x_wconf 87' lang='lat' dir='ltr'><strong>matrimonium</strong></span> <span class='ocrx_word' id='word_1_272' title='bbox 668 3099 761 3154; x_wconf 86' lang='lat' dir='ltr'><strong>antea</strong></span> <span class='ocrx_word' id='word_1_273' title='bbox 792 3111 868 3156; x_wconf 93' lang='lat' dir='ltr'><strong>eum</strong></span> <span class='ocrx_word' id='word_1_274' title='bbox 902 3085 960 3156; x_wconf 84' lang='lat' dir='ltr'><strong>eliu</strong></span> <span class='ocrx_word' id='word_1_275' title='bbox 994 3083 1150 3175; x_wconf 88' lang='lat' dir='ltr'><strong>muliere,</strong></span> <span class='ocrx_word' id='word_1_276' title='bbox 1183 3089 1291 3158; x_wconf 83' lang='lat' dir='ltr'><strong>virore</strong></span> <span class='ocrx_word' id='word_1_277' title='bbox 1330 3100 1468 3158; x_wconf 82' lang='lat' dir='ltr'><strong>contrac-</strong></span> 
     </span>
     <span class='ocr_line' id='line_1_33' title="bbox 403 3179 1469 3280; baseline 0.002 -30"><span class='ocrx_word' id='word_1_278' title='bbox 403 3197 494 3270; x_wconf 86' lang='lat' dir='ltr'><strong>tum,</strong></span> <span class='ocrx_word' id='word_1_279' title='bbox 522 3179 612 3278; x_wconf 88' lang='lat' dir='ltr'><strong>quod</strong></span> <span class='ocrx_word' id='word_1_280' title='bbox 650 3181 923 3280; x_wconf 90' lang='lat' dir='ltr'><strong>impedimentum</strong></span> <span class='ocrx_word' id='word_1_281' title='bbox 954 3181 1096 3280; x_wconf 86' lang='lat' dir='ltr'><strong>ligamen</strong></span> <span class='ocrx_word' id='word_1_282' title='bbox 1125 3183 1256 3257; x_wconf 89' lang='lat' dir='ltr'><strong>dieitur.</strong></span> <span class='ocrx_word' id='word_1_283' title='bbox 1299 3183 1385 3256; x_wconf 87' lang='lat' dir='ltr'><strong>Nam</strong></span> <span class='ocrx_word' id='word_1_284' title='bbox 1415 3185 1469 3279; x_wconf 89' lang='lat' dir='ltr'><strong>qni</strong></span> 
     </span>
     <span class='ocr_line' id='line_1_34' title="bbox 404 3278 1471 3378; baseline 0.001 -28"><span class='ocrx_word' id='word_1_285' title='bbox 404 3278 616 3374; x_wconf 85' lang='lat' dir='ltr'><strong>obstringitur</strong></span> <span class='ocrx_word' id='word_1_286' title='bbox 642 3278 769 3352; x_wconf 83' lang='lat' dir='ltr'><strong>vinculo</strong></span> <span class='ocrx_word' id='word_1_287' title='bbox 797 3283 895 3378; x_wconf 90' lang='lat' dir='ltr'><strong>primi</strong></span> <span class='ocrx_word' id='word_1_288' title='bbox 930 3283 1129 3355; x_wconf 87' lang='lat' dir='ltr'><strong>matrimonii</strong></span> <span class='ocrx_word' id='word_1_289' title='bbox 1164 3285 1254 3356; x_wconf 83' lang='lat' dir='ltr'><strong>noris</strong></span> <span class='ocrx_word' id='word_1_290' title='bbox 1279 3309 1314 3356; x_wconf 89' lang='lat' dir='ltr'><strong>se</strong></span> <span class='ocrx_word' id='word_1_291' title='bbox 1352 3283 1471 3378; x_wconf 86' lang='lat' dir='ltr'><strong>nuptiis</strong></span> 
     </span>
     <span class='ocr_line' id='line_1_35' title="bbox 404 3375 1471 3480; baseline 0.002 -32"><span class='ocrx_word' id='word_1_292' title='bbox 404 3375 546 3471; x_wconf 83' lang='lat' dir='ltr'><strong>obligare</strong></span> <span class='ocrx_word' id='word_1_293' title='bbox 568 3402 636 3450; x_wconf 91' lang='lat' dir='ltr'><strong>non</strong></span> <span class='ocrx_word' id='word_1_294' title='bbox 659 3393 785 3475; x_wconf 87' lang='lat' dir='ltr'><strong>potest,</strong></span> <span class='ocrx_word' id='word_1_295' title='bbox 809 3406 885 3450; x_wconf 92' lang='lat' dir='ltr'><strong>cum</strong></span> <span class='ocrx_word' id='word_1_296' title='bbox 911 3377 1022 3452; x_wconf 83' lang='lat' dir='ltr'><strong>divino</strong></span> <span class='ocrx_word' id='word_1_297' title='bbox 1040 3383 1117 3480; x_wconf 87' lang='lat' dir='ltr'><strong>jure</strong></span> <span class='ocrx_word' id='word_1_298' title='bbox 1139 3383 1276 3454; x_wconf 82' lang='lat' dir='ltr'><strong>vetitum</strong></span> <span class='ocrx_word' id='word_1_299' title='bbox 1302 3383 1343 3452; x_wconf 89' lang='lat' dir='ltr'><strong>sit</strong></span> <span class='ocrx_word' id='word_1_300' title='bbox 1363 3378 1471 3476; x_wconf 71' lang='lat' dir='ltr'><strong>plures</strong></span> 
     </span>
     <span class='ocr_line' id='line_1_36' title="bbox 402 3473 1471 3577; baseline 0.004 -31"><span class='ocrx_word' id='word_1_301' title='bbox 402 3473 499 3546; x_wconf 88' lang='lat' dir='ltr'><strong>simul</strong></span> <span class='ocrx_word' id='word_1_302' title='bbox 523 3473 640 3546; x_wconf 86' lang='lat' dir='ltr'><strong>habere</strong></span> <span class='ocrx_word' id='word_1_303' title='bbox 658 3501 774 3548; x_wconf 85' lang='lat' dir='ltr'><strong>uxores</strong></span> <span class='ocrx_word' id='word_1_304' title='bbox 793 3477 869 3574; x_wconf 84' lang='lat'>(1);</span> <span class='ocrx_word' id='word_1_305' title='bbox 898 3478 1038 3576; x_wconf 87' lang='lat' dir='ltr'><strong>ideoque</strong></span> <span class='ocrx_word' id='word_1_306' title='bbox 1058 3478 1147 3577; x_wconf 86' lang='lat' dir='ltr'><strong>apud</strong></span> <span class='ocrx_word' id='word_1_307' title='bbox 1169 3479 1359 3552; x_wconf 83' lang='lat' dir='ltr'><strong>christianos</strong></span> <span class='ocrx_word' id='word_1_308' title='bbox 1376 3501 1471 3550; x_wconf 76' lang='lat' dir='ltr'><strong>noste</strong></span> 
     </span>
     <span class='ocr_line' id='line_1_37' title="bbox 403 3572 1471 3676; baseline -0.002 -30"><span class='ocrx_word' id='word_1_309' title='bbox 403 3577 527 3672; x_wconf 82' lang='lat' dir='ltr'><strong>nuptiae</strong></span> <span class='ocrx_word' id='word_1_310' title='bbox 556 3572 719 3646; x_wconf 88' lang='lat' dir='ltr'><strong>conciliari</strong></span> <span class='ocrx_word' id='word_1_311' title='bbox 740 3600 809 3646; x_wconf 90' lang='lat' dir='ltr'><strong>non</strong></span> <span class='ocrx_word' id='word_1_312' title='bbox 848 3595 977 3668; x_wconf 87' lang='lat' dir='ltr'><strong>essunt,</strong></span> <span class='ocrx_word' id='word_1_313' title='bbox 1007 3579 1067 3648; x_wconf 90' lang='lat' dir='ltr'><strong>nisi</strong></span> <span class='ocrx_word' id='word_1_314' title='bbox 1085 3581 1229 3676; x_wconf 89' lang='lat' dir='ltr'><strong>primum</strong></span> <span class='ocrx_word' id='word_1_315' title='bbox 1258 3577 1302 3650; x_wconf 92' lang='lat' dir='ltr'><strong>de</strong></span> <span class='ocrx_word' id='word_1_316' title='bbox 1326 3578 1471 3674; x_wconf 87' lang='lat' dir='ltr'><strong>conjugis</strong></span> 
     </span>
     <span class='ocr_line' id='line_1_38' title="bbox 404 3601 1078 3772; baseline 0.007 -30"><span class='ocrx_word' id='word_1_317' title='bbox 404 3689 510 3744; x_wconf 89' lang='lat' dir='ltr'><strong>morte</strong></span> <span class='ocrx_word' id='word_1_318' title='bbox 526 3687 631 3742; x_wconf 88' lang='lat' dir='ltr'><strong>certus</strong></span> <span class='ocrx_word' id='word_1_319' title='bbox 649 3675 783 3744; x_wconf 87' lang='lat' dir='ltr'><strong>nuntius</strong></span> <span class='ocrx_word' id='word_1_320' title='bbox 799 3601 913 3746; x_wconf 75' lang='lat' dir='ltr'><strong>aliatus</strong></span> <span class='ocrx_word' id='word_1_321' title='bbox 936 3679 988 3746; x_wconf 88' lang='lat' dir='ltr'><strong>sit.</strong></span> <span class='ocrx_word' id='word_1_322' title='bbox 1009 3675 1078 3772; x_wconf 69' lang='grc'><strong>(9).</strong></span> 
     </span>
    </p>

    <p class='ocr_par' dir='ltr' id='par_1_7' title="bbox 444 3817 1470 3901">
     <span class='ocr_line' id='line_1_39' title="bbox 444 3817 1470 3901; baseline 0.004 -23"><span class='ocrx_word' id='word_1_323' title='bbox 444 3817 486 3898; x_wconf 87' lang='lat' dir='ltr'><strong>(l)</strong></span> <span class='ocrx_word' id='word_1_324' title='bbox 507 3823 593 3882; x_wconf 78' lang='lat' dir='ltr'><strong>conc.</strong></span> <span class='ocrx_word' id='word_1_325' title='bbox 611 3819 696 3882; x_wconf 86' lang='lat' dir='ltr'><strong>Trid.</strong></span> <span class='ocrx_word' id='word_1_326' title='bbox 718 3839 789 3884; x_wconf 70' lang='lat' dir='ltr'><strong>cmc.</strong></span> <span class='ocrx_word' id='word_1_327' title='bbox 809 3824 849 3883; x_wconf 75' lang='lat' dir='ltr'><strong>tt</strong></span> <span class='ocrx_word' id='word_1_328' title='bbox 867 3841 934 3884; x_wconf 79' lang='lat' dir='ltr'><strong>coc.</strong></span> <span class='ocrx_word' id='word_1_329' title='bbox 955 3826 974 3884; x_wconf 85' lang='grc'><strong>9</strong></span> <span class='ocrx_word' id='word_1_330' title='bbox 990 3820 1025 3885; x_wconf 86' lang='lat' dir='ltr'><strong>de</strong></span> <span class='ocrx_word' id='word_1_331' title='bbox 1040 3825 1176 3885; x_wconf 66' lang='lat' dir='ltr'><strong>Sumere</strong></span> <span class='ocrx_word' id='word_1_332' title='bbox 1200 3824 1356 3901; x_wconf 72' lang='lat' dir='ltr'><strong>mettim.;</strong></span> <span class='ocrx_word' id='word_1_333' title='bbox 1368 3829 1397 3885; x_wconf 88' lang='lat' dir='ltr'><strong>et</strong></span> <span class='ocrx_word' id='word_1_334' title='bbox 1411 3821 1470 3883; x_wconf 88' lang='lat' dir='ltr'><strong>hue</strong></span> 
     </span>
    </p>
   </div>
   <div class='ocr_carea' id='block_1_5' title="bbox 406 3901 1111 4070">
    <p class='ocr_par' dir='ltr' id='par_1_8' title="bbox 406 3901 1111 4070">
     <span class='ocr_line' id='line_1_40' title="bbox 406 3901 1111 3988; baseline 0.01 -28"><span class='ocrx_word' id='word_1_335' title='bbox 406 3909 515 3980; x_wconf 87' lang='lat' dir='ltr'><strong>spectat</strong></span> <span class='ocrx_word' id='word_1_336' title='bbox 525 3901 714 3964; x_wconf 88' lang='lat' dir='ltr'><strong>decretalium</strong></span> <span class='ocrx_word' id='word_1_337' title='bbox 725 3903 774 3964; x_wconf 90' lang='lat' dir='ltr'><strong>tit.</strong></span> <span class='ocrx_word' id='word_1_338' title='bbox 790 3902 826 3965; x_wconf 84' lang='lat' dir='ltr'><strong>de</strong></span> <span class='ocrx_word' id='word_1_339' title='bbox 839 3906 956 3988; x_wconf 78' lang='lat' dir='ltr'><strong>Sponsa</strong></span> <span class='ocrx_word' id='word_1_340' title='bbox 969 3902 1111 3968; x_wconf 77' lang='lat' dir='ltr'><strong>duomm.</strong></span> 
     </span>
     <span class='ocr_line' id='line_1_41' title="bbox 444 3981 834 4070; baseline 0.013 -28"><span class='ocrx_word' id='word_1_341' title='bbox 444 3981 486 4065; x_wconf 85' lang='grc'><strong>(9)</strong></span> <span class='ocrx_word' id='word_1_342' title='bbox 508 3985 582 4066; x_wconf 84' lang='lat' dir='ltr'><strong>Cap.</strong></span> <span class='ocrx_word' id='word_1_343' title='bbox 599 3982 834 4070; x_wconf 80' lang='lat' dir='ltr'><strong>ltldeSponsui.</strong></span> 
     </span>
    </p>
   </div>
   <div class='ocr_carea' id='block_1_6' title="bbox 0 0 1574 5168">
    <p class='ocr_par' dir='ltr' id='par_1_9' title="bbox 0 0 1574 5168">
     <span class='ocr_line' id='line_1_42' title="bbox 0 0 1574 5168; baseline 0 2"><span class='ocrx_word' id='word_1_344' title='bbox 0 0 1574 5168; x_wconf 95' lang='lat' dir='ltr'><strong> </strong></span> 
     </span>
    </p>
   </div>
  </div>
 </body>
</html>
