3140 5168
524 446 580 484 ·-’-
606 418 677 498 515
703 468 758 504 -,
891 505 894 512 ⁴

108 581 212 640 Patres
239 577 331 656 ipsos,
358 575 408 656 qui
436 585 537 638 cuncta
562 577 622 636 suis
660 576 787 656 propriis
811 529 1015 658 germanissimo
1034 578 1183 644 vocabulis

107 659 309 740 explicarunt,
337 657 435 719 studio
459 677 493 718 ac
520 657 670 740 diligentia
692 658 850 739 singulari,
873 677 908 722 eo
935 669 1048 723 tantum
1075 662 1137 724 loco
1164 684 1181 726 a
1241 711 1242 714 ,

106 743 259 822 proposito
275 740 439 802 dbcessissc
466 743 698 820 pervertisscque
713 740 845 802 vocabuli
865 741 1124 824 significationem,
1149 756 1182 806 ut
1199 775 1218 823 .'

105 825 239 886 lacerent
253 823 440 901 disputationi
460 822 572 900 locum,
599 831 629 884 et
648 821 736 884 simul
758 823 907 904 integrum
923 825 1124 906 relinquerent
1135 845 1181 888 er·
1292 858 1293 864 ι

105 924 208 968 rorem
221 905 358 981 hutheri,
373 904 456 983 euius
478 911 562 966 erant
575 911 694 966 conatus
716 923 818 968 omnes
840 905 871 966 in
893 907 1114 972 eeclesiasticam
1127 927 1181 988 po-

107 996 260 1064 testatem3
293 987 459 1066 principum
481 989 630 1064 Oratores,
665 986 718 1064 qui
748 987 871 1048 coneilio
889 987 1060 1050 'intererant
1095 1009 1181 1052 cura-

106 1070 240 1148 bantque
262 1069 433 1149 diligenter,
461 1086 499 1128 nc
518 1067 592 1147 quid
605 1067 721 1146 serbis,
748 1077 798 1132 aut
825 1069 908 1132 iactis
925 1087 1030 1134 eorum
1043 1074 1179 1152 potestati

107 1152 334 1227 detraheretur,
349 1151 521 1230 permittere
543 1149 682 1228 voluisse,
707 1151 785 1230 quod
808 1149 872 1212 hac
893 1157 1181 1234 possempossim

107 1243 140 1295 et
154 1235 273 1314 proprio
295 1232 432 1296 vocabulo
452 1232 610 1294 clarissime
632 1231 781 1314 designari
803 1232 959 1313 potuisset,
984 1237 1178 1315 comprehen-

107 1317 232 1378 deretur
256 1315 411 1390 vocabulo,
439 1314 518 1394 quod
541 1321 656 1376 tantum
679 1315 821 1377 violenter
847 1315 996 1378 detortum
1023 1335 1057 1378 ac
1081 1320 1179 1380 minus

108 1399 229 1478 proprie
246 1415 309 1460 eam
323 1397 487 1478 significare
509 1399 643 1476 poterat?
669 1398 732 1460 c.t
761 1415 831 1461 sess.
856 1400 895 1460 lh
912 1393 948 1460 de
971 1395 1027 1541 rel.
1042 1400 1177 1462 matrim.

108 1479 242 1560 synodus
258 1481 341 1540 irrita
354 1481 424 1541 lacit
437 1477 614 1540 clandestina
626 1480 827 1556 matrimonia,
840 1499 905 1559 que
922 1486 985 1540 rata
1018 1499 1080 1543 rma
1090 1483 1179 1544 luisse

107 1562 198 1638 dicit,
219 1587 233 1616 a
245 1561 392 1639 Quamdiu
405 1581 439 1624 ea
452 1561 570 1622 ecclesia
594 1561 750 1646 irritnnnon
768 1562 847 1623 lecit.
867 1587 881 1616 a
905 1565 982 1644 Ergo
998 1563 1179 1626 Tridentinis

107 1644 246 1706 Patribus
266 1644 398 1722 ecclesia,
424 1663 490 1722 quae
524 1642 691 1706 dirimentis
713 1643 932 1706 matrimonium
964 1645 1179 1725 impedimenta

106 1727 275 1802 constituit,
301 1734 346 1788 est
368 1727 431 1807 ipsa
444 1725 589 1802 synodus,
613 1723 670 1788 hoc
684 1735 727 1788 est
744 1735 835 1788 coctus
850 1725 1073 1804 ecclesiasticus,
1096 1727 1179 1808 cujus

106 1809 226 1870 decrem
240 1809 348 1870 lamam
365 1817 427 1886 est,
450 1815 484 1870 ut
501 1807 679 1870 clandestina
701 1808 902 1886 matrimonia,
917 1827 982 1888 quae
1024 1809 1120 1872 ridem
1132 1829 1179 1872 ιι-

106 1887 202 1953 clesaie
223 1888 285 1973 lcpe
306 1890 390 1952 irrita
412 1909 471 1952 non
498 1897 597 1967 erant,
622 1891 678 1952 alia
705 1889 842 1970 deinceps
863 1887 987 1952 ιιιίιιίιι
1004 1827 1068 1973 pm
1095 1893 1179 1954 irrita

106 1973 274 2034 habeantur
286 1980 316 2034 ιι
327 1973 397 2034 sint.
414 1972 523 2036 Eodem
536 1991 623 2034 sensu
637 1974 701 2034 aliis
725 1974 757 2034 ia
767 1974 837 2034 locis
862 1972 987 2034 ecclesiae
1004 1973 1178 2036 vocabulum

106 2055 238 2134 synodus
249 2065 369 2134 usurpat
382 2073 429 2116 ex.
445 2074 491 2136 gr.
507 2074 576 2117 eon.
590 2057 628 2116 lb
640 2071 711 2119 sesa.
722 2057 761 2116 ll
775 2053 810 2116 de
824 2055 952 2130 Ponit,
965 2073 1033 2116 cca.
1051 2059 1090 2118 ta
1103 2075 1176 2120 sees.

106 2139 147 2200 24
169 2136 205 2200 de
218 2138 355 2200 Matrim.
371 2155 442 2200 sesa.
463 2139 501 2198 lb
517 2138 550 2200 ia
568 2134 673 2198 ιιιιιιι.
686 2134 721 2198 de
741 2133 876 2220 Indulp„
899 2135 1088 2216 quibuslocis
1112 2157 1179 2200 om-

105 2219 193 2281 nibus
211 2220 336 2282 cadesim
353 2221 472 2282 nomine
497 2218 702 2300 intelliguntur
727 2221 892 2299 superiores
915 2227 945 2278 ιι
972 2227 1116 2298 pastores,
1146 2224 1177 2284 in

105 2302 214 2380 quibus
238 2303 314 2364 inest
332 2302 454 2384 regendi
479 2319 512 2362 ac
534 2301 670 2380 pascendi
692 2319 760 2364 ores
784 2301 949 2364 auctoritas.
976 2301 1074 2376 Quid?
1098 2307 1178 2368 Nova

105 2384 185 2446 illac
208 2383 321 2464 synodo
340 2386 497 2446 constituta
517 2383 741 2462 impedimenta,
757 2383 815 2444 ille
837 2383 1003 2464 principum
1027 2392 1177 2450 oratorum

105 2485 221 2546 preces,
238 2467 344 2545 illaque
363 2467 402 2529 de
418 2466 467 2528 his
483 2464 700 2544 impmimentis
717 2465 830 2542 studia,
854 2483 919 2544 quae
943 2465 1050 2544 partim
1072 2470 1177 2548 synodi

106 2553 208 2612 Patres
218 2549 391 2628 probarunt,
407 2549 513 2628 partim
524 2547 689 2626 rejecerunt
700 2547 822 2610 arbitrio
832 2565 901 2623 suo,
917 2565 1015 2608 nonne
1026 2549 1179 2614 evidenter

105 2630 267 2693 ostendunt
284 2633 316 2692 in
331 2649 366 2694 eo
389 2631 506 2712 negotio
520 2630 647 2692 ecdesias
658 2633 850 2710 potestatem?
868 2631 969 2709 Neque
987 2626 1032 2690 his
1043 2631 1180 2708 precibus

106 2722 136 2775 et
148 2711 253 2776 officiis
267 2731 329 2774 rem
349 2713 475 2796 egissent
489 2709 654 2796 delegentes
671 2731 738 2773 cum
761 2707 909 2795 dclepcto3
934 2709 1009 2772 nihil
1023 2711 1081 2774 illis
1094 2713 1132 2775 ab
1145 2734 1178 2778 se

105 2795 321 2876 postulantibus
338 2795 468 2876 synodus
488 2813 621 2858 recusare
640 2795 797 2874 potuisset3
821 2811 880 2856 non
893 2801 957 2854 tuto
973 2811 1006 2852 ac
1023 2804 1102 2858 certo
1117 2803 1179 2858 sta·

105 2888 191 2940 tuere
214 2897 281 2939 cors.
305 2879 323 2939 5
345 2886 374 2939 ιι
394 2880 429 2956 l,
456 2875 566 2959 (addita
590 2895 707 2956 quoque
731 2895 815 2956 poena
836 2875 1028 2936 anathematis
1056 2877 1087 2938 in
1111 2896 1176 2958 eos,

106 2961 158 3040 qui
185 2959 218 3020 id
242 2959 394 3041 negarent)
417 2977 477 3021 non
502 2959 694 3020 solnmantea
709 2957 859 3040 potoricse,
885 2955 1038 3019 sedetiam
1058 2959 1089 3020 in
1108 2979 1178 3040 pos-

108 3053 205 3104 terum
222 3043 371 3104 eclesiam
381 3059 468 3124 posse
481 3041 660 3103 matrimonii
683 3041 893 3119 impedimenta
909 3039 1103 3116 constituere;
1117 3061 1176 3106 non

107 3125 170 3204 pari
194 3124 388 3186 anathematis
410 3142 495 3204 prena
515 3124 642 3203 plectere
655 3141 713 3184 coa
732 3125 785 3199 th,
805 3123 855 3200 qui
870 3121 1017 3200 dicerent,
1044 3148 1057 3176 o
1072 3125 1180 3188 Caums

106 3207 408 3268 matrhaoaialcsnon
422 3205 598 3285 speetarcad
621 3204 739 3268 ludices
753 3204 973 3279 ecclesiasticos,
992 3229 1006 3258 ι
1036 3205 1061 3266 si
1086 3205 1118 3268 in
1141 3225 1179 3270 cc

107 3289 226 3370 negotio
246 3289 362 3350 ecclesia
380 3287 513 3370 delegato
534 3296 650 3348 uotum
666 3287 734 3365 jure
757 3294 906 3363 uteretur,
926 3303 985 3346 non
1004 3288 1123 3366 proprio
1147 3299 1178 3352 ιι

107 3390 171 3432 suo.
184 3371 318 3451 Denique
331 3389 397 3432 cum
412 3370 578 3434 Tridentini
601 3373 701 3434 Patres
716 3367 925 3448 impedimenta
936 3366 1066 3430 stabilire
1078 3370 1177 3433 dicant

107 3449 270 3515 Emissicm
283 3463 310 3514 ιι
320 3455 460 3516 Sanctam
473 3449 636 3535 spadum,
648 3451 755 3530 quibus
769 3449 873 3512 iisdem
891 3450 988 3510 verbis
1001 3451 1177 3514 catholicum

109 3535 214 3616 dogma
225 3537 422 3614 constituunt;
437 3543 489 3595 aut
499 3536 530 3596 in
544 3541 685 3614 utroque,
700 3541 751 3594 ιιιι
770 3533 801 3592 in
826 3538 932 3593 neutro
955 3539 1080 3609 potestas
1094 3533 1176 3595 dele-

107 3627 173 3698 gata
195 3618 329 3696 ponenda
352 3625 406 3678 eat.
424 3617 495 3693 Quis
511 3625 609 3677 autem
630 3617 722 3692 dicat,
748 3615 894 3695 synodum
917 3615 1122 3675 aecumenicam
1144 3618 1177 3676 in

108 3699 311 3760 constituendo
338 3697 473 3780 dogmate
497 3705 639 3778 potestate
663 3695 793 3780 delegata
818 3697 972 3779 indigere?
997 3697 1098 3756 Paucis
1113 3697 1177 3758 haee

108 3781 210 3864 attigi,
229 3799 300 3860 quae
319 3783 411 3843 multo
435 3781 526 3842 fusius
548 3787 577 3841 et
599 3781 719 3842 uberius
735 3779 869 3859 explicari
896 3783 1032 3860 possunt,
1059 3778 1110 3839 sed
1134 3780 1176 3842 ita

107 3864 235 3925 instituti
248 3864 306 3924 mei
320 3865 395 3926 ratio
409 3862 582 3944 postulabat.
602 3863 743 3925 Praclare
767 3863 797 3922 in
815 3862 869 3923 hoc
882 3857 1046 3942 argumenti
1069 3877 1177 3940 genere

107 3955 239 4007 versatus
260 3954 305 4006 est
329 3947 372 4008 Cl.
399 3953 499 4008 auctor
521 3945 617 4025 operis
641 3944 712 4006 editi
731 3941 886 4024 Hierapoli
910 3959 990 4002 mono
1010 3941 1104 4020 1786,
1129 3943 1177 4004 cui

109 4029 235 4090 titulus:
256 4025 395 4112 Defensio
413 4027 654 4091 Tridentiaornno
673 4043 820 4087 memnone
838 4024 873 4090 de
896 4020 1022 4086 eclesie
1034 4032 1180 4105 potestate
