3106 5170
811 439 1035 511 -456-

381 591 569 672 Garampius,
591 591 688 669 quiin
793 589 819 650 'o
843 607 947 668 opere,
963 591 1009 650 oui
1023 589 1127 650 titulus
1139 587 1283 651 7777177777
1306 587 1385 651 della
1409 595 1449 654 B.
1548 631 1549 648 .

385 674 496 738 chiara
520 672 554 734 rii
573 671 689 734 nimina·
733 671 785 734 iss.
810 673 912 754 hpap.
931 673 988 734 777
1004 680 1032 734 et
1046 691 1125 755 sep„
1141 691 1208 733 arm
1224 671 1262 732 de
1275 672 1451 750 quotidianae

381 755 609 832 communionis,
628 763 691 815 tum
704 753 741 814 de
763 753 951 816 Eucharistiae
963 754 1017 814 sub
1029 762 1153 832 utraque
1169 755 1264 834 specie
1278 755 1451 833 accipienda

380 859 451 914 usu,
468 839 582 917 copiose
605 846 635 898 et
656 836 795 917 preclare
806 836 947 916 disputat.
963 839 1005 898 hc
1016 837 1200 916 manaimus
1213 833 1333 915 quidem
1348 836 1452 898 habuit

381 921 500 982 ecclesia
527 937 626 982 777777
648 927 769 998 propter
791 937 863 998 7777
881 918 1114 980 communicandi
1134 917 1376 980 consuetudinem
1398 919 1452 980 suh

381 1005 472 1065 altera
495 995 610 1062 tantum
635 1001 730 1080 speeie
752 1019 812 1061 nau
827 1001 920 1062 solum
942 1001 1131 1080 approbaret,
1156 1001 1209 1070 sed
1232 1002 1320 1061 etiam
1343 1000 1451 1062 demeti

381 1083 552 1146 ancoritate
565 1081 712 1153 firmaret,
735 1101 842 1161 easque
865 1092 1000 1144 numerat
1024 1081 1222 1146 catechismus
1236 1086 1322 1145 Rern.
1346 1101 1410 1160 par.
1433 1085 1450 1143 2
1549 1129 1550 1132 ,

381 1187 448 1248 vap·
474 1164 543 1248 48·
562 1167 613 1228 66.
635 1169 728 1228 AEtate
744 1168 775 1227 S.
793 1165 914 1228 Thema
930 1165 1026 1226 adhuc
1047 1165 1079 1226 in
1094 1164 1269 1244 quibusdam
1294 1165 1451 1225 accidentis

381 1247 508 1311 ecclesiis
526 1247 705 1309 consuetudo
727 1247 887 1328 accipiendi
908 1247 962 1308 suh
980 1257 1104 1326 utraque
1126 1248 1222 1328 specie
1242 1245 1451 1308 Eucharistiam

382 1330 599 1412 perseverabat,
625 1331 668 1390 uti
693 1337 773 1410 patet
786 1349 854 1412 par.
870 1333 888 1390 5
903 1349 933 1414 q.
955 1331 996 1390 80
1009 1338 1068 1391 art.
1086 1331 1135 1390 17.
1151 1329 1243 1392 Graeci
1265 1338 1365 1390 umen
1379 1327 1452 1389 hanc

382 1412 623 1474 consuetudinem
646 1413 830 1473 nuncetiam
854 1413 999 1488 retinent,
1025 1421 1113 1491 atque
1135 1429 1199 1472 7777
1225 1410 1451 1492 permittendam

381 1503 559 1556 censuerunt
572 1499 659 1556 Coae.
684 1493 781 1568 Flac,
805 1497 905 1558 taox
928 1495 960 1555 ia
981 1503 1075 1556 accat.
1100 1493 1290 1575 Accepimus,
1313 1501 1343 1554 et
1360 1493 1449 1555 clem.

382 1581 437 1640 vlt
452 1576 485 1637 irs
498 1585 589 1638 coast.
606 1575 789 1638 Proaisiom's
811 1585 936 1652 nostra,
959 1575 1037 1656 apud
1052 1579 1210 1652 Guerram,
1226 1576 1336 1638 Pontii.
1359 1583 1449 1636 oona.

383 1661 523 1739 epitome,
550 1665 572 1718 t.
602 1659 677 1740 ep.
702 1659 772 1718 506.
798 1657 1040 1720 Conlerleonern
1060 1658 1214 1733 Allatium,
1236 1655 1277 1719 ad
1301 1661 1393 1718 77771
1418 1654 1450 1718 dr

381 1739 449 1804 ecci.
474 1737 564 1801 omiti.
586 1747 676 1822 atque
698 1739 806 1799 oriem.
826 1757 984 1816 77777777,
1013 1747 1042 1800 71
1062 1739 1169 1802 Arcad.
1196 1742 1284 1801 Coae.
1307 1737 1401 1801 occid.
1425 1745 1451 1798 et

381 1823 486 1884 crient.
505 1819 525 1884 1.
540 1822 558 1882 5
573 1840 600 1882 a.
617 1821 933 1884 7.11717-17777771777
947 1822 1125 1884 consuetudo
1145 1823 1258 1903 integra
1275 1821 1451 1900 relinquitur
1550 1879 1551 1896 ,

383 1909 482 1966 aBen.
497 1905 565 1965 XIV
580 1902 613 1962 ia
625 1911 718 1964 ranst.
741 1899 850 1964 Allata
862 1912 932 1964 snat
949 1905 988 1965 tt
1001 1901 1027 1986 §.
1044 1905 1083 1966 at
1099 1914 1120 1965 t.
1137 1903 1234 1987 bojas
1244 1899 1318 1966 tau.
1330 1921 1365 1984 p.
1381 1905 1448 1963 785.
1550 1921 1551 1946 t

424 1983 664 2066 (5187777717.
681 2003 751 2046 sess.
769 1986 804 2045 nt
822 2003 889 2074 cap.
905 1989 919 2047 1
938 1983 1168 2047 aeternamm.
1185 1986 1270 2062 Quod
1284 1987 1372 2046 717777
1386 1992 1450 2045 ante

382 2067 521 2129 docuerat
545 2083 611 2146 syn.
640 2067 867 2128 constantiensis
890 2086 961 2130 sesa.
984 2070 1022 2129 75
1049 2067 1128 2146 apud
1151 2068 1241 2129 taen.
1279 2075 1301 2128 t.
1334 2063 1448 2128 17771.

382 2152 454 2212 ate.
469 2153 541 2226 Qua
560 2151 648 2210 atam
660 2157 728 2209 aute
738 2149 817 2210 istud
826 2158 942 2228 tempus
952 2149 1117 2210 diutissime
1127 2148 1448 2211 illamconsuetudinem

381 2227 615 2292 communicandi
642 2229 697 2291 sub
728 2249 785 2292 uua
812 2234 924 2310 specie,
951 2233 988 2293 ab
1013 2233 1131 2294 77717777
1157 2232 1340 2294 obserentem
1362 2231 1449 2290 luisse

381 2322 516 2376 leslalul'.
529 2337 543 2366 a
1551 2363 1552 2368 ,

423 2395 464 2476 (l)
482 2397 569 2456 Cane.
585 2391 691 2474 Agath.
714 2393 848 2455 habitum
867 2399 906 2458 Vl
927 2413 993 2456 saec.
1012 2413 1076 2455 can.
1100 2397 1139 2458 78
1155 2395 1210 2456 col.
1232 2397 1313 2456 l0⁰0
1338 2403 1408 2458 tom.
1431 2395 1448 2454 7

382 2479 448 2538 7711.
467 2476 557 2538 llard.
580 2501 593 2530 a
616 2476 788 2552 Saeculares,
814 2478 927 2556 inquit,
954 2477 1004 2556 qui
1028 2477 1121 2539 Natali
1143 2478 1278 2556 Domini,
1301 2477 1410 2538 Pascha
1422 2483 1449 2535 et

383 2565 553 2622 Pentecoste
575 2575 635 2619 nou
658 2560 951 2628 communicaverint,
980 2559 1113 2620 catholici
1131 2577 1190 2620 nan
1212 2559 1383 2636 credantur,
1400 2576 1449 2618 nac

381 2643 460 2704 inter
473 2640 628 2702 catholicos
640 2639 812 2702 habeantur.
830 2667 843 2696 7
863 2641 970 2703 Eadem
981 2641 1068 2702 habet
1079 2660 1147 2724 syn.
1167 2643 1280 2704 Taren.
1292 2638 1452 2702 hahitull'

382 2744 450 2786 ster.
473 2719 667 2784 7777170771.
694 2724 772 2784 taso
787 2731 808 2782 1.
835 2720 935 2784 leoli.
955 2723 1044 2784 llard.
1063 2725 1145 2786 Falso
1167 2725 1323 2786 Gratianus
1346 2721 1448 2804 Agath.

382 2823 522 2866 canonem
534 2805 655 2865 masilia
668 2805 861 2880 illiberitano,
884 2824 917 2865 77
933 2808 1133 2866 'turonensem
1157 2805 1449 2867 7717777777ὼαί-

381 2887 427 2948 bit
441 2906 508 2948 aaa.
524 2887 573 2948 79.
590 2888 667 2948 7171
685 2885 756 2948 dist.
773 2883 841 2947 ‘lde
861 2905 1007 2963 eoruecr.,·
1021 2907 1089 2948 nam
1104 2887 1167 2950 hac
1185 2887 1341 2968 disciplina
1363 2887 1449 2948 multo

384 2977 452 3050 past
463 2968 570 3029 Eliber.
587 2987 682 3043 coac,
695 2987 727 3028 ac
741 2967 901 3029 Fabianum
913 2971 946 3030 P.
963 2969 1081 3030 inducta
1095 2979 1149 3031 est.

425 3049 466 3132 (h)
482 3053 570 3112 Cone.
581 3050 662 3111 Trid.
679 3067 749 3110 7777.
768 3051 806 3110 75
818 3069 886 3110 eon.
900 3051 918 3111 9
947 3049 982 3112 de
1002 3048 1153 3130 Barchon,
1167 3068 1225 3129 quo
1240 3050 1361 3113 decreto
1384 3069 1449 3112 con-

382 3133 518 3194 linuatus
531 3139 574 3192 eat
588 3149 680 3192 mnan
692 3131 807 3190 concilii
819 3135 952 3198 Lateran.
970 3132 1003 3194 s'n
1017 3152 1083 3214 cap.
1101 3136 1138 3194 75
1151 3132 1187 3196 tie
1198 3151 1277 3214 pan.
1293 3141 1322 3195 et
1336 3133 1447 3195 reuulsa.

385 3215 440 3277 Hie
455 3221 553 3274 autem
570 3231 662 3274 canan
681 3229 782 3273 amnes
797 3215 949 3293 utriusque
969 3233 1053 3275 sexus
1076 3214 1177 3276 fideles
1197 3215 1299 3276 saltem
1320 3216 1449 3276 semaia

385 3315 462 3392 anno
485 3295 604 3390 proprio
627 3293 769 3392 sacerdpti
795 3313 846 3356 sua
871 3303 986 3390 peccata
1008 3296 1156 3394 sentinari,
1180 3305 1209 3358 et
1241 3295 1450 3358 Eucharistiam

385 3377 1451 3540 teletthtllttttttttlththatttlblttltbt

384 3541 507 3602 cumina
534 3541 623 3601 semel
647 3541 678 3600 iu
691 3559 768 3600 anua
781 3543 895 3620 aperire
914 3542 1017 3616 debet,
1041 3553 1070 3603 et
1093 3563 1109 3604 7
1130 3562 1189 3622 qua
1207 3543 1453 3605 sacramentaliter

385 3623 578 3685 absolvendus
600 3631 659 3699 est,
688 3639 749 3682 esse
774 3623 949 3701 parochum,
971 3625 1048 3684 salva
1071 3633 1171 3686 177777
1196 3627 1227 3687 S.
1252 3625 1403 3687 7771717777
1424 3627 1452 3684 in

351 3741 356 3752 ·
384 3716 448 3768 tcto
468 3705 540 3767 arbe
552 3703 730 3776 christiano,
746 3712 775 3765 et
792 3708 991 3786 episcoporum
1012 3707 1042 3767 iu
1060 3709 1120 3769 suis
1134 3707 1307 3768 dioecesibus
1326 3707 1454 3768 auctari-

385 3797 460 3856 tate,
485 3789 576 3867 quiet
600 3805 665 3848 eam
679 3805 813 3848 exercere
827 3789 881 3868 ipsi
893 3797 1027 3869 possum,
1044 3797 1073 3848 et
1083 3791 1147 3850 aliis
1159 3789 1359 3851 sacerdotibus
1371 3807 1453 3850 7777·-

385 3871 507 3932 caudam
521 3869 712 3931 committere.
727 3871 824 3945 Quare
844 3889 903 3930 non
921 3879 1034 3930 nutum
1048 3873 1099 3948 qni
1118 3872 1237 3951 proprio
1247 3871 1391 3950 parocho,
1404 3867 1452 3930 sed

385 3954 537 4029 etiamqul
559 3953 623 4012 aliis
644 3951 841 4013 sacerdotibus
865 3956 928 4014 aS.
953 3957 1037 4014 Pont.
1063 3965 1115 4014 aut
1138 3955 1271 4034 episcopa
1297 3952 1451 4033 delegatis,

385 4051 436 4094 sua
458 4033 636 4096 confitentur
659 4034 793 4116 crimina,
816 4035 942 4096 eeclesiae
966 4044 1110 4115 praecepto
1133 4035 1324 4097 771771777771.
1348 4033 1453 4096 Conler
