3122 5170
811 489 1030 562 ...722-

282 645 287 652 “
382 639 430 704 cd.
445 637 546 702 Paria·
562 639 659 716 loti,
673 643 735 700 tres
752 635 868 720 'Angliae
891 638 1108 702 archidiaconos
1130 640 1330 703 incredibilem
1344 661 1459 722 quarm

383 727 450 787 dom
463 721 595 802 pecuniae
609 722 671 782 rim
684 739 879 798 coacervasse,
898 731 1005 802 praeter
1017 723 1135 784 mobilia
1147 725 1337 803 complurima
1349 727 1457 807 magni

382 805 485 888 pretii,
509 810 540 863 et
558 821 595 864 cx
612 803 648 863 iis
669 802 744 864 duos
765 803 802 864 ab
825 804 960 865 intestato
979 803 1100 882 obiisse,
1123 823 1182 883 quo
1204 807 1312 867 sactum
1330 817 1391 882 est,
1420 817 1458 868 ut

381 905 450 968 opes
464 885 521 946 illae
534 885 572 946 ad
594 885 682 946 laicos
706 886 905 964 pervenirent.
931 910 945 940 c
964 886 1084 948 Obierat
1100 887 1271 962 intestatus,
1290 889 1403 968 inquit,
1423 899 1457 950 et

379 971 465 1052 plura
489 967 581 1028 millia
604 985 767 1028 marcorum
793 985 861 1028 cum
886 968 962 1028 vasis
978 969 1079 1030 multis
1103 971 1266 1050 argenteis,
1293 971 1400 1032 sacculo
1424 981 1456 1032 et

378 1049 566 1115 soecularibus
583 1048 738 1112 infeliciter
755 1047 943 1110 dimiserats
966 1051 1113 1130 Episcopi,
1131 1069 1200 1112 cum
1216 1051 1287 1130 ipsis
1306 1052 1456 1114 deceden-

379 1135 455 1196 tium
469 1132 641 1193 clericorum
663 1131 788 1212 spolium
802 1132 1037 1210 permitteretur,
1053 1149 1129 1212 saepe
1141 1133 1186 1194 rcl
1205 1135 1338 1212 potentia
1358 1136 1456 1214 impe-

379 1217 434 1278 diti
449 1232 537 1276 suurn
555 1231 663 1274 munus
683 1229 819 1275 exercerc
840 1222 1069 1292 conpererant,
1088 1213 1134 1275 vel
1156 1215 1245 1275 ctiam
1265 1217 1359 1295 gratia
1384 1218 1456 1277 freti

379 1299 458 1360 ultro
481 1295 682 1376 negligebant,
705 1303 735 1356 et
758 1313 835 1376 sepe
857 1296 945 1358 ctiam
965 1297 998 1356 in
1021 1297 1164 1376 privatam
1187 1297 1347 1358 utilitatem
1370 1317 1457 1360 suam

380 1377 603 1459 convertebant,
629 1377 775 1456 quidquid
801 1395 838 1438 cx
873 1377 930 1439 boc
949 1377 1041 1458 spolio
1064 1379 1238 1440 clericorum
1271 1389 1456 1458 acceperant.

379 1461 482 1538 Adde,
505 1459 585 1538 quod
607 1459 693 1520 multi
717 1460 842 1539 episcopi
861 1459 981 1534 eodem,
996 1478 1055 1540 quo
1080 1461 1178 1522 ceteri
1196 1461 1316 1538 clerici,
1337 1461 1459 1524 labora·

379 1542 582 1618 marmorio,
605 1541 703 1604 studio
723 1541 859 1604 videlicet
876 1540 990 1604 ditandi
1010 1560 1077 1604 succ
1090 1541 1224 1604 errebus
1235 1543 1457 1621 mdoeiasticis,

379 1643 477 1706 neque
491 1623 567 1685 ullus
581 1631 658 1701 crat,
673 1623 725 1703 qiri
743 1623 781 1684 dc
801 1625 1002 1704 cpiscoporum
1015 1625 1115 1704 spoliis
1127 1642 1193 1686 cam
1206 1635 1324 1706 gereret
1345 1625 1458 1688 solliei-

378 1707 529 1784 tudinem,
545 1725 633 1784 qnam
651 1723 754 1788 gererc
767 1706 930 1786 oportebat.
947 1711 1049 1786 ltaque
1062 1716 1096 1768 ut
1108 1707 1227 1769 frenum
1249 1707 1373 1769 baberet
1385 1727 1458 1769 ara-

379 1791 448 1852 ritia
466 1788 654 1866 clericorum,
672 1807 706 1848 oc
722 1795 799 1850 sarta
821 1797 897 1849 tecto
916 1796 1082 1850 servaretur
1099 1789 1143 1850 vis
1163 1789 1262 1871 legum
1280 1790 1459 1851 ecclesiaed-

380 1889 496 1946 corum,
511 1869 595 1930 sedes
609 1870 772 1950 Apostolica
796 1889 896 1932 curam
910 1871 1035 1950 suscepit
1051 1871 1211 1948 bonorum,
1226 1891 1294 1950 quoe
1307 1872 1347 1933 ad
1367 1873 1458 1933 cleri-

379 1973 445 2016 cum
467 1971 503 2014 ex
519 1952 638 2012 molesia
656 1960 816 2030 venerunt,
835 1961 869 2014 ut
893 1971 927 2013 cc
948 1953 1077 2014 conferat
1094 1953 1203 2032 inpiae
1228 1954 1295 2016 illos
1315 1972 1407 2030 usus,
1425 1955 1458 2015 in

380 2053 453 2116 quos
466 2035 563 2096 clerici
577 2035 711 2095 conierre
724 2034 905 2096 debuissent.
924 2035 1010 2111 Quod
1025 2035 1050 2097 si
1065 2035 1185 2098 ecclesia
1198 2043 1258 2112 ost,
1273 2055 1340 2114 qum
1354 2035 1459 2115 spoliis

381 2118 554 2180 clericorum
578 2115 724 2197 indigent,
749 2136 783 2178 ea
808 2117 892 2179 lacile
910 2117 1036 2178 remittit
1058 2117 1141 2179 sedes
1160 2118 1342 2197 Apostolica,
1367 2127 1402 2178 ut
1424 2119 1457 2180 in

379 2201 459 2262 illius
476 2199 634 2260 utilitatem
652 2207 871 2262 convertantur.
889 2202 932 2262 lta
952 2203 1053 2262 innoc.
1071 2203 1127 2262 llll
1145 2208 1239 2264 conat.
1258 2197 1458 2262 inscrutabili

379 2285 416 2344 81
431 2277 541 2343 muer.
559 2287 581 2340 t.
598 2282 701 2364 tipoq.
724 2281 798 2359 542,
821 2300 910 2360 quam
931 2282 1168 2344 constitutionem
1180 2289 1281 2361 postea
1296 2281 1457 2344 confirma-

378 2371 450 2425 runt
464 2365 535 2426 Ben.
557 2365 627 2424 Xlll
648 2363 682 2424 in
705 2371 797 2425 conat.
816 2362 1007 2425 Sceroaoncti
1024 2361 1214 2446 Apostolotus
1234 2367 1288 2441 iti,
1309 2373 1341 2425 ct
1358 2373 1453 2426 const.

379 2448 551 2508 Romanum
564 2443 644 2506 decet
657 2443 835 2528 Pontificem
852 2448 907 2507 lbi
925 2441 1035 2506 bullar.
1053 2453 1123 2507 tora.
1140 2449 1176 2509 ll
1196 2453 1227 2507 ot
1249 2449 1290 2508 42
1299 2465 1373 2530 pop.
1393 2449 1454 2508 524

378 2537 408 2589 ct
428 2529 502 2604 otiu,
519 2545 552 2586 ac
574 2529 645 2587 lien.
669 2530 740 2590 xiv
753 2535 844 2588 cocat.
866 2523 1036 2589 Poatorolta
1053 2530 1090 2590 57
1106 2536 1177 2590 tom.
1196 2527 1304 2591 stult.
1323 2547 1397 2610 pop.
1414 2531 1453 2590 57

365 2607 423 2672 od.
440 2608 490 2670 cit.
514 2609 545 2668 in
564 2619 656 2687 regno
680 2609 869 2687 Neapolitano
891 2607 1096 2671 decedentium
1109 2611 1312 2690 episcoporum
1326 2629 1361 2671 ac
1377 2629 1455 2689 pres-

376 2691 508 2752 latorunl
524 2688 615 2767 spolia
639 2689 779 2751 concessit
803 2691 948 2768 ecclesiis,
971 2691 1079 2771 quibus
1102 2693 1145 2754 illi
1188 2693 1298 2756 reiecti
1321 2693 1452 2755 lucrant.

378 2777 468 2836 Recte
487 2769 557 2830 binc
572 2769 708 2832 observat
731 2771 884 2834 Thomass.
904 2782 963 2834 oct.
986 2782 1015 2835 ct
1037 2793 1105 2835 noo.
1123 2793 1169 2836 coc
1216 2820 1225 2836 .
1249 2773 1322 2837 diac.
1344 2778 1454 2858 μηδ

377 2853 430 2917 lib.
457 2855 476 2914 ι
499 2871 566 2935 cop.
590 2854 628 2914 57
648 2871 733 2915 oum.
755 2855 791 2932 3,
812 2854 892 2934 quod
916 2855 940 2916 si
964 2855 1107 2916 invidiosa
1128 2865 1198 2918 sunt
1224 2859 1333 2936 spolia,
1357 2859 1454 2919 omnis

377 2937 490 2998 invidia
501 2944 530 2998 et
543 2935 662 2996 infamia
674 2936 850 2998 conlcrcuda
861 2946 915 2997 eat.
937 2962 951 2991 α
966 2940 1000 3000 ln
1011 2937 1206 3000 insatiabilem
1215 2940 1375 3019 quomdam
1388 2959 1454 3001 ara·

375 3019 477 3080 ritiam
496 3017 543 3078 vel
565 3017 834 3097 beneficiariorum,
859 3020 910 3098 qui
934 3037 971 3080 en
993 3019 1148 3099 stipendiis
1169 3022 1202 3082 in
1223 3040 1368 3102 pauperes
1390 3021 1456 3084 dis·

375 3098 533 3182 pergendis
554 3099 696 3178 quosdam
719 3101 775 3164 sibi
799 3101 982 3162 accumulant
1003 3101 1157 3164 thesauros
1195 3104 1379 3182 iniquitatis,
1407 3105 1455 3166 vel

377 3181 663 3342 latibuli
681 3182 1456 3332 ltdltdlttlbttttttl‘ttttt

377 3365 449 3428 pap.
467 3345 528 3407 uba
542 3342 590 3406 ecl.
610 3347 712 3422 Luem,
738 3348 788 3409 ubi
812 3348 900 3408 ctiam
918 3347 1140 3426 animadvertit,
1158 3349 1240 3428 quod
1262 3350 1372 3428 quide
1394 3351 1455 3412 col-

378 3429 524 3490 lectorum
552 3431 755 3508 ulmportuna
776 3429 925 3492 mactione
948 3437 1131 3508 queruntur,
1150 3429 1204 3494 bos
1216 3432 1302 3494 facilc
1318 3433 1457 3494 vitabunt

378 3517 409 3570 ct
424 3510 587 3589 prudenter
608 3518 672 3572 arte
694 3509 850 3589 deludent,
866 3512 916 3590 qui
935 3511 1011 3575 bona
1029 3513 1173 3594 ecelesia,
1197 3533 1265 3594 qum
1278 3523 1454 3595 supersunt,

378 3609 440 3654 non
453 3594 672 3674 congregarint,
687 3593 739 3654 sed
754 3594 785 3656 in
799 3611 941 3674 pauperes
954 3595 1113 3676 crogorint.
1130 3621 1144 3650 u
1185 3669 1193 3690 ι
