3106 5170
540 403 589 417 -
613 319 685 434 ica
708 333 762 420 ῖς

148 507 429 590 (bividelooncm
444 467 1183 578 conturbassetouutotortem.imatus.
1416 479 1420 490 ¹

146 593 194 672 (til
218 593 294 654 Vide
305 593 481 655 martenium
495 589 550 654 loo.
563 591 619 654 cit.
1262 609 1266 619 .
1325 611 1328 620 ,
1382 590 1385 598 ·

158 745 195 848 S.
232 745 362 820 LXXI.
396 745 576 819 Satisfaatio
604 762 653 818 est
679 770 797 844 poeua,
826 773 901 844 quse
924 751 1098 846 poeuitenti
1131 763 1220 824 ar-'
1253 715 1260 783 ἶ
1391 813 1393 820 ,

104 841 210 920 bitrio
255 845 428 918 sacerdotis
463 847 656 944 imponitur.
698 843 763 915 Per
796 846 1060 922 sacramentalem
1095 849 1186 925 abso·
1205 847 1220 860 “’
1234 855 1245 892 ·’

103 948 294 1038 lationem¹
326 945 502 1016 remittitur
550 943 683 1040 quidem
742 941 860 1042 culpa,
912 965 1187 1050 remorenturque
1223 939 1229 948 ⁸

103 1070 221 1144 poenae
246 1045 282 1114 in
302 1043 412 1114 inferis
444 1041 650 1130 constitutae3
681 1039 738 1113 sed
764 1059 875 1113 umen
898 1068 985 1142 saepe
1009 1067 1184 1122 remanent
1199 1036 1218 1096 s'

104 1159 320 1242 peccatorum
341 1141 508 1239 reliquias,
530 1157 583 1229 et,
602 1165 678 1237 quac
694 1140 884 1212 criminibus
907 1141 1064 1235 debetur,
1088 1173 1186 1244 poeua

104 1260 201 1314 certo
226 1255 375 1339 tempore
392 1239 529 1312 definita
553 1237 622 1336 (l).
652 1239 736 1311 Nam
762 1241 869 1310 omnis
894 1243 981 1338 acqui
1003 1246 1085 1316 ratio
1103 1271 1187 1346 pos-

105 1341 216 1429 tulat,
248 1357 287 1410 ut
313 1364 374 1437 pro
400 1337 496 1409 illatis
529 1337 598 1408 Deo
628 1339 754 1436 injuriis
789 1336 913 1436 aliquid
943 1341 1183 1436 persolvamus,

106 1455 140 1510 et
180 1453 398 1511 consentanea
448 1451 496 1508 est
544 1435 671 1510 Divinae
715 1434 897 1508 clementiae
943 1442 1183 1536 compensatio,

107 1563 211 1634 quam
240 1539 309 1634 ipae
338 1534 497 1634 postulat,
528 1549 566 1605 ut
590 1559 628 1604 ea
656 1536 698 1604 sit
732 1535 822 1631 quasi
846 1533 998 1629 frenum,
1017 1563 1099 1634 .quo
1129 1537 1186 1610 di·

105 1633 262 1732 ligentius
305 1636 529 1708 contineamur
564 1633 599 1702 in
635 1630 764 1722 officio,
801 1647 900 1800 atrpue
936 1660 956 1704 a
994 1635 1185 1710 criminibus

106 1759 275 1832 pravaque
302 1731 537 1804 consuetudine
565 1729 789 1801 abstrahamur
825 1731 840 1828 (
866 1734 892 1827 ).
922 1731 1037 1830 ltaque
1069 1759 1185 1806 ueces-

106 1835 189 1903 saria
219 1847 266 1903 est
298 1831 487 1919 satisfactio,
521 1855 580 1926 per
615 1855 716 1927 quam
757 1829 885 1901 eluatur
927 1829 1088 1928 quidquid
1112 1857 1185 1905 soa-

108 1929 202 2002 dinm
242 1945 378 2028 propter
412 1931 535 2026 peccati
574 1927 735 1999 maculam
759 1931 794 1998 in
831 1929 938 1998 anima
976 1925 1115 2023 resedit,
1146 1957 1184 2004 ao

108 2027 273 2099 solvamur
288 2029 393 2126 punis
420 2029 641 2124 temporariis,
666 2025 785 2124 quibus
805 2025 999 2098 tenebamur
1016 2027 1081 2126 (ὅ).

147 2223 191 2308 (l)
213 2227 301 2286 Cone.
318 2223 402 2287 Trid.
416 2221 488 2288 scis.
505 2222 590 2286 ttdo
609 2226 746 2286 Sacram.
757 2225 865 2324 poenit
886 2245 956 2288 cau.
974 2229 1028 2306 li,
1048 2229 1101 2306 ts,
1124 2231 1179 2307 ll,

109 2315 137 2368 ct
151 2310 212 2383 lb,
225 2306 397 2368 Catacbism.
413 2309 499 2368 Rom.
513 2325 582 2388 por.
600 2309 698 2388 trop.
717 2307 775 2390 bs.
790 2309 840 2369 bb.

146 2387 191 2472 (ἢ)
213 2393 301 2453 Cone.
317 2387 399 2452 Trid.
414 2407 484 2452 aeas.
503 2391 541 2450 li
553 2408 621 2471 cop.
637 2391 656 2448 8
671 2385 706 2450 ds
717 2391 854 2452 Sacram.
864 2390 988 2472 ponit.,·
1004 2390 1179 2454 Catccbism.

111 2473 199 2533 Rom.
214 2468 271 2534 loo.
286 2471 335 2534 oit.
348 2469 375 2553 5.
391 2471 431 2531 62
442 2479 471 2532 ot
482 2471 531 2532 66.

147 2553 192 2635 (5)
212 2553 410 2617 catechismus
424 2557 572 2616 Romanus
583 2550 638 2614 loc.
655 2553 705 2614 cit.
718 2551 745 2634 §.
760 2555 811 2614 64.

153 2722 186 2824 §.
222 2723 364 2796 LXXll.
410 2721 486 2794 Hoc
511 2723 681 2794 satisfactio
721 2723 836 2820 passim
868 2721 987 2794 dicitur
1012 2727 1180 2822 poeniten-

107 2823 170 2912 tia,
197 2847 300 2920 caque
315 2821 366 2894 sel
393 2821 520 2919 publica
550 2837 617 2910 est,
643 2845 717 2918 qnae
745 2821 876 2919 publice
911 2835 945 2891 et
979 2846 1088 2894 coram
1130 2851 1180 2898 ec·

108 2919 218 3010 alesia,
251 2920 300 2992 rel
323 2922 466 3019 privata,
547 2945 576 2990 aa
601 2919 683 2991 clam
724 2935 757 2991 et
800 2921 951 3016 privatim
986 2919 1174 2994 absolvitur.

107 3015 255 3090 Mortalia
286 3033 417 3116 peccata
467 2945 575 3116 pilius
630 3017 764 3088 admissa
807 3017 938 3186 publica
985 3021 1179 3117 poeuitentia

108 3115 266 3214 expianda
290 3141 376 3207 esse,
411 3133 561 3188 constans
598 3141 726 3213 semper
756 3119 897 3188 oocesiae
921 3115 1068 3190 doctriua
1095 3119 1178 3211 fuit,

109 3229 143 3283 ut
172 3217 219 3285 ita
250 3213 394 3311 publicae
423 3213 592 3286 offensioni
626 3214 760 3284 satisfiat
776 3215 849 3313 (1).
887 3213 958 3286 'Sed
987 3231 1021 3287 et
1048 3218 1179 3316 publica

110 3335 169 3406 pro
214 3311 412 3408 gravioribus
448 3312 655 3402 criminibus,
690 3311 766 3384 licet
796 3313 947 3403 occultis,
989 3319 1179 3412 poenitentia

84 3501 86 3504 .
110 3407 261 3508 frequens
280 3411 357 3483 olim
383 3426 452 3481 erat
484 3410 558 3508 (2)3
590 3413 798 3508 quinetiam
828 3411 1014 3484 felicissimis
1032 3413 1095 3486 illis
1121 3441 1178 3486 ec·

110 3506 213 3582 clesiae
248 3507 448 3607 temporibus
484 3508 581 3580 multi
603 3525 715 3600 erant,
752 3511 809 3606 qui
847 3509 972 3582 sceleris
1001 3516 1076 3609 puri
1112 3539 1179 3608 pu-

110 3603 226 3679 blicam
246 3611 473 3704 poenitentiam
492 3622 608 3705 sponte
635 3607 864 3704 suscipiebant.

147 3778 190 3862 (ll
211 3783 224 3842 l
245 3778 287 3842 od
310 3781 386 3842 Tim.
408 3783 435 3843 V
452 3800 482 3842 o.
508 3783 568 3858 103
588 3784 674 3844 Conc.
700 3781 785 3844 Trid.
808 3800 879 3845 sess.
902 3785 942 3844 st
962 3778 998 3842 dc
1016 3777 1122 3862 rofi-c.
1144 3785 1174 3843 8.

149 3861 190 3944 (Ξ)
212 3864 488 3941 Frequentissimam
511 3864 599 3925 luisse
628 3864 699 3925 olim
725 3865 870 3942 publicam
903 3862 1097 3940 occultorum,
1126 3881 1177 3925 eo-

111 3961 234 4025 rumque
250 3946 416 4027 grasiorum
434 3947 590 4008 criminum
604 3947 822 4026 penitentiam,
838 3949 916 4007 inter
928 3961 1030 4008 omncs
1046 3953 1174 4032 constat3
