3100 5182
545 410 743 479 ..97-

133 554 277 646 beneficis,
305 581 345 626 ex
370 559 477 652 iisque
496 559 665 651 pensiones
687 556 805 628 hebere
831 559 956 654 possint
986 573 1021 628 et
1040 558 1099 632 toli
1121 563 1178 660 jus

132 652 244 724 hrbesnt
268 653 404 742 utendi,
435 653 565 724 fruendi
594 653 775 725 redditibus
804 681 914 727 rerum
945 655 1178 730 ecelesiastico-

133 777 188 822 run
202 767 232 822 et
246 751 494 823 beneficiorum.

167 917 191 1086 ἱ.
216 920 285 992 Vll.
314 921 395 992 Juru
410 923 625 1018 exemptionis
649 925 684 992 in
706 945 746 994 eo
774 939 851 994 sunt
872 927 997 1020 posits,
1017 941 1056 994 ut
1071 951 1179 1024 nequo

133 1043 165 1112 pu
185 1019 244 1089 liu's
266 1020 359 1115 fungi
385 1019 576 1090 muneribus
612 1019 686 1116 (i),
718 1045 826 1118 neque
853 1021 892 1090 sd
930 1021 1026 1092 laicos
1053 1022 1180 1136 judices

135 1118 219 1187 tenire
241 1116 499 1285 οοιιιζέευωτ,
525 1115 581 1188 sed
609 1115 714 1188 solum
745 1117 956 1190 ecclesiastico
982 1127 1194 1215 magistratui.

135 1212 237 1284 subesse
267 1214 308 1285 de
371 1231 410 1284 nt
437 1213 504 1310 (2).
527 1213 665 1312 Reliqua
690 1215 855 1312 privilegia
880 1241 919 1287 eo
941 1217 1009 1287 iere
1026 1235 1181 1290 vocantur

134 1313 240 1399 omnir,
279 1327 316 1381 ut
345 1315 381 1382 in
405 1313 462 1410 jus
488 1315 591 1383 roonti
617 1338 634 1382 a
664 1312 899 1402 oreditoribus,
924 1316 960 1384 in
993 1313 1028 1383 id
1055 1314 1179 1405 sotum,

134 1407 206 1500 quod
227 1425 271 1478 est
286 1435 384 1506 supra
409 1407 579 1480 decentem
603 1435 717 1481 eorum
737 1413 931 1499 tuitionem,
956 1410 1184 1483 condemnen-

136 1503 255 1599 tur(5)·‚
268 1523 302 1575 ut
323 1507 431 1578 cleriei
458 1504 653 1577 filiifamilias
675 1505 812 1604 plenum
834 1505 976 1578 babeant
999 1505 1185 1580 dominium

136 1599 277 1671 bonorum
301 1603 550 1676 adventitiorum
570 1603 643 1702 (d);
671 1619 708 1675 ut
735 1605 850 1701 quiin
876 1603 1036 1675 clericum
1063 1604 1186 1676 violen-

137 1712 178 1766 tas
199 1723 298 1770 munus
318 1703 430 1799 injecit
453 1705 561 1771 statim
586 1727 700 1800 expers
725 1701 945 1773 ecclesiasticos
975 1706 1186 1776 communio·

137 1795 180 1862 nis
211 1799 266 1867 site
290 1801 589 1870 excommunicatus
620 1799 734 1872 evadat
764 1799 835 1897 (5).

166 1963 200 2043 (t)
218 1967 285 2030 Vide
302 1969 397 2030 oodie.
413 1969 561 2032 Theodos.
580 1979 630 2032 tot.
649 1969 714 2053 sero
731 1971 776 2031 tit.
796 1967 833 2031 de
847 1967 937 2052 episc.
960 1966 1115 2048 steterim,
1134 1971 1184 2032 ubi

136 2044 211 2108 derisi
224 2051 366 2112 immunes
388 2051 601 2112 oonfirmentur
624 2053 662 2114 nb
685 2053 823 2114 omnibus
848 2051 973 2130 publiois
994 2051 1182 2130 muneribus,

135 2135 203 2206 atque
218 2133 252 2192 ab
266 2135 302 2194 iis
315 2134 422 2207 etium,
443 2152 508 2212 quse
531 2133 691 2196 honorifice
710 2133 905 2196 habebuntur.
922 2132 1031 2194 Eodem
1045 2135 1187 2213 probetur

135 2207 311 2274 inmunitrsu
332 2213 459 2276 sordidis
476 2215 665 2290 muneribus,
693 2215 726 2276 iu
754 2215 800 2276 tit.
828 2211 864 2276 de
891 2211 1093 2292 extraordin„
1125 2217 1185 2278 sive

135 2289 225 2352 sordid.
237 2313 368 2372 muner„
386 2303 415 2355 et
431 2296 462 2360 in
481 2295 551 2379 Lep.
571 2299 609 2358 to
623 2293 686 2358 eod.
706 2297 750 2357 tit.
767 2295 885 2356 sordida
899 2295 963 2356 heo
976 2313 1099 2356 munero
1114 2315 1187 2358 enu-

135 2383 269 2437 nentur.
283 2378 428 2456 Idemque
438 2379 581 2438 sancitum
589 2386 633 2438 est
644 2379 675 2438 in
686 2376 1185 2457 oepitulnribusregrrmFronrorum

135 2448 242 2596 tppp.
258 2462 335 2534 iss,
352 2457 435 2542 aqut
448 2456 613 2522 natussum
629 2469 699 2522 tom.
721 2463 734 2521 t
753 2457 808 2522 ut.
827 2459 902 2535 ru,
920 2457 993 2520 etta.
1017 2459 1115 2522 venes.
1132 2479 1184 2520 an.

153 2553 178 2594 'tt
202 2582 209 2596 .

164 2617 198 2698 (t)
218 2621 286 2704 Cup.
304 2625 318 2682 t
336 2619 372 2683 de
382 2621 444 2704 sor.
457 2631 580 2705 cmopet.
594 2631 621 2684 et
631 2631 682 2684 tot.
696 2640 781 2684 eous.
796 2624 828 2682 tt
844 2629 948 2704 quest.
965 2623 995 2682 t.
1008 2621 1085 2682 Vide
1098 2623 1186 2682 etium

134 2701 276 2775 optutum
292 2723 400 2784 regum
412 2707 591 2765 Frenoorum
605 2701 655 2766 tu.
671 2706 689 2765 6
703 2723 770 2785 cup.
787 2703 847 2764 578
860 2712 887 2762 et
903 2703 974 2776 590,
988 2709 1016 2760 et
1027 2697 1076 2761 tit.
1087 2703 1105 2762 7
1118 2722 1186 2783 cop.

136 2779 188 2857 547,
199 2785 266 2862 656,
282 2783 370 2868 apud
384 2783 548 2846 Buluzt'um
559 2795 629 2847 tom.
643 2789 656 2847 t
675 2783 731 2848 eol.
745 2786 818 2864 604,
831 2785 902 2862 606,
920 2784 992 2858 736,
1005 2783 1065 2844 760
1078 2791 1108 2844 et
1119 2783 1188 2844 loeis

134 2859 181 2921 diis
192 2868 400 2944 sumptoribus.

162 2943 197 3026 (t)
217 2949 286 3030 Cup.
304 2945 464 3010 odoardus
475 2947 510 3009 de
523 2945 612 3011 solut.

163 3025 187 3104 [t
217 3029 305 3092 Astis.
321 3027 512 3112 Presbyteros
528 3029 602 3092 Cod.
614 3028 651 3092 de
663 3029 754 3112 episc.
770 3039 798 3092 ot
810 3026 909 3092 etos-tc.

163 3107 187 3186 [5
219 3115 292 3172 Con.
311 3111 428 3195 Siquis
440 3109 584 3173 suadente
599 3130 683 3172 caus.
700 3113 751 3173 tt.
761 3131 796 3193 p.
809 3115 841 3173 d.

168 3271 194 3374 S.
230 3276 310 3349 vul
346 3277 399 3346 td
428 3305 479 3349 res
519 3277 710 3350 clericorum
747 3279 913 3376 pertinent
941 3277 1033 3349 realis
1062 3301 1192 3374 exemp·

137 3371 213 3443 tionis
230 3377 321 3474 jura.
350 3375 529 3472 Propterea
557 3375 748 3447 clericorum
774 3375 881 3466 bonu,
912 3371 1190 3474 quemadmodum

136 3483 160 3535 et
178 3468 257 3542 bons
290 3472 512 3558 ecclesiarum,
541 3474 700 3544 immunia
730 3489 807 3544 sunt
844 3472 886 3542 ab
914 3473 1067 3545 oneribus
1094 3487 1193 3568 utque

137 3587 150 3630 t
178 3570 404 3666 vectigalibus,
441 3597 516 3668 quae
551 3597 569 3641 a
602 3569 690 3642 luicis
723 3573 939 3668 imponuntur
975 3571 1042 3668 (1).
1084 3567 1193 3655 Quum

136 3679 205 3736 reete
239 3695 407 3766 quamque
441 3671 558 3740 merito
591 3667 663 3740 haeo
694 3667 754 3738 sibi
784 3667 890 3739 clerici
920 3669 1086 3765 privilegia
1118 3669 1194 3734 rin-

136 3755 245 3853 disent,
283 3791 353 3838 non
386 3765 484 3836 semel
510 3767 672 3863 principes
700 3765 908 3838 declararunt
939 3792 1042 3862 eaque
1070 3760 1193 3856 proba-

134 3875 198 3928 runt
221 3864 286 3932 suis
307 3864 406 3933 etium
428 3862 554 3958 legibus
582 3877 616 3933 et
641 3863 926 3936 constitutionibus
950 3861 1016 3958 (ἢ).
1047 3857 1195 3951 AEquum

134 3957 207 4024 enin
230 3974 299 4048 est,
326 3985 392 4032 esse
422 3963 457 4030 in
488 3963 615 4032 civitate
638 3963 811 4056 gratiosos,
839 3963 889 4030 uti
915 3973 948 4030 et
970 3953 1195 4121 npud5ethni-

223 4079 300 4126 τοι.
329 4081 352 4127 r.
