3140 5168
808 431 1027 508 -stat-

378 581 451 644 adeo
464 589 497 643 ut
513 582 613 642 multae
635 561 735 642 aarum
756 545 855 660 plebes
878 589 974 644 essem
991 579 1115 654 doeertn
1137 587 1167 641 et
1182 578 1289 640 alieubi
1307 597 1347 640 ae
1370 595 1449 642 usus
1539 617 1540 642 l

378 663 498 742 quidem
509 664 647 726 diaconus
656 663 848 743 reperiretur.
861 665 936 726 linio
945 663 1021 725 male
1033 661 1195 726 remedium
1206 661 1351 724 adhibere
1361 679 1447 741 oper-
1539 657 1540 678 ²

378 745 473 820 tebet,
486 753 516 806 et
530 763 600 808 vero
613 746 748 808 adhiberi
763 747 848 806 iacile
860 753 989 824 poterat,
1003 753 1068 808 tum
1082 745 1107 807 si
1122 745 1154 806 iu
1170 745 1229 806 suis
1243 744 1447 822 reciperentur

377 827 531 908 gradibus,
546 828 597 906 qui
611 847 628 888 a
641 827 794 890 donatistis
806 829 844 889 ad
858 828 1027 890 catholicam
1042 829 1184 888 unitatem
1205 826 1444 898 merebantur,

378 917 441 970 tum
464 909 488 970 si
511 910 664 972 ordinibus
685 911 881 983 donarentur,
904 912 955 989 qui
979 905 1057 990 apud
1079 909 1239 970 donantes
1264 909 1295 969 in
1321 908 1443 968 intentis

376 989 530 1070 baptizati,
549 993 670 1054 rationis
682 1009 738 1054 usu
752 991 868 1073 prediti
882 992 919 1053 sd
932 992 1104 1054 catholicam
1118 991 1268 1052 sedatam
1279 989 1442 1052 redieram.

377 1073 435 1134 Sed
460 1073 614 1135 obstabant
637 1073 752 1136 decreta
777 1073 855 1134 edita
881 1077 912 1135 in
938 1075 1135 1136 transmarino
1155 1072 1293 1150 concilio,
1319 1091 1446 1152 quorum

376 1157 487 1216 mentio
501 1165 545 1216 est
564 1157 594 1216 in
605 1157 718 1235 synodo
732 1157 866 1219 Africana
880 1175 948 1218 con.
972 1159 1011 1219 dd
1032 1155 1111 1237 apud
1126 1153 1273 1218 Pithmum
1292 1152 1359 1216 cod.
1376 1172 1442 1216 run.
1517 1157 1523 1185 ⁸

373 1253 446 1318 pop.
463 1239 523 1298 idi
536 1236 606 1299 adit.
626 1239 727 1300 Poe-is.
745 1239 835 1300 1687.
860 1243 960 1318 ltaque
973 1248 1007 1300 ut
1028 1257 1062 1300 aa
1085 1239 1133 1298 lex
1153 1237 1332 1299 necessitatis
1353 1237 1445 1318 gratia

376 1319 539 1395 laxaretur,
565 1320 652 1382 missa
679 1321 785 1403 legatio
807 1329 851 1382 est
874 1323 912 1382 nd
931 1339 1031 1398 eos,s
1055 1320 1163 1400 quibus
1180 1320 1228 1380 illa
1252 1319 1310 1380 lata
1332 1319 1443 1392 fuerat,

376 1401 461 1460 sicuti
475 1409 554 1482 patet
569 1420 605 1462 cx
619 1402 719 1464 endem
734 1403 846 1484 synodo
860 1403 995 1466 Africana
1009 1400 1065 1464 loc.
1078 1401 1130 1464 cit.
1140 1420 1213 1484 paq.
1231 1403 1302 1462 tte.
1317 1401 1405 1478 Quod
1421 1401 1444 1462 si

375 1482 479 1562 synodi
505 1485 694 1564 particulam
719 1487 921 1564 episcoporum
942 1493 1115 1565 potestatem
1140 1487 1172 1544 in
1193 1501 1226 1544 re
1253 1491 1315 1544 tam
1342 1485 1443 1564 gravi,
1540 1533 1541 1544 ,

376 1571 495 1644 tamque
515 1567 655 1646 episeopis
671 1569 788 1648 propria
804 1575 917 1630 manre
939 1575 1113 1647 potuerunt;
1128 1585 1166 1628 aaa
1183 1565 1338 1626 nunidem
1353 1565 1445 1626 multo
1540 1563 1541 1582 ³

376 1648 468 1728 magis
479 1657 617 1726 prostare
630 1650 739 1730 poterit
752 1668 884 1710 summus
899 1649 1049 1725 Pontifex,
1065 1648 1148 1728 cujus
1162 1666 1221 1708 uon
1236 1645 1367 1708 humano
1379 1647 1445 1728 jure

376 1729 500 1802 sancita,
516 1729 724 1794 sedachristo
736 1733 799 1812 ipso
812 1732 944 1794 instituta
955 1739 1081 1810 potestas
1095 1733 1158 1791 est?
1540 1803 1541 1810 ἵ

416 1809 457 1890 (2)
479 1810 509 1870 Si
523 1813 650 1892 antiquis
663 1815 844 1891 temporibus
858 1813 1064 1893 episcopalium
1075 1813 1243 1874 facultatum
1259 1809 1443 1873 definienda·
1540 1819 1541 1842 ¹

375 1909 442 1952 rum
453 1892 558 1953 modus
571 1913 586 1953 a
598 1895 786 1974 patriarchis,
802 1895 1009 1976 metropolitis,
1025 1895 1203 1976 synodisque
1216 1894 1445 1974 provincialibus

375 1982 453 2034 totus
463 1973 525 2034 iere
545 1977 706 2054 pendebat,
722 1995 782 2038 non
796 1978 904 2039 idcirco
916 1976 1069 2039 Pontificio
1079 1977 1157 2056 juri,
1171 1977 1252 2056 quod
1265 1995 1302 2038 ex
1315 1978 1444 2056 primatu

375 2055 540 2132 descendit,
554 2058 715 2138 quidquam
736 2060 899 2122 detractum
918 2060 1012 2122 videri
1034 2067 1139 2138 potest.
1160 2062 1235 2120 Cum
1250 2061 1331 2120 enim
1349 2059 1447 2120 omnis

375 2138 508 2214 illorum,
524 2157 590 2216 quae
605 2141 725 2204 tandem
747 2160 872 2223 cumque
886 2143 934 2202 illa
955 2149 1044 2218 essct,
1061 2143 1092 2202 in
1113 2141 1260 2220 episcopos
1279 2150 1308 2202 et
1330 2141 1442 2221 episeo-

374 2227 459 2298 patus
469 2219 635 2298 jurisdictio
649 2231 747 2284 tamen
766 2242 801 2284 ex
822 2225 1012 2286 ecclesiastico
1023 2225 1092 2303 jure
1110 2223 1298 2304 procederet3
1313 2224 1442 2302 proiecte

375 2301 520 2381 quidquid
542 2303 739 2366 ecclesiastice
756 2307 948 2368 institutionis
967 2314 1025 2382 est,
1043 2305 1104 2384 juri
1128 2305 1278 2368 ordinario
1294 2323 1326 2365 ac
1338 2304 1443 2365 divino

375 2384 518 2547 primqtqs
530 2385 686 2528 qetmhere
699 2387 775 2448 nihil
788 2389 894 2468 potuit.
909 2388 1033 2451 consule
1047 2387 1185 2449 Ballerin.
1199 2385 1347 2472 dspoliat.
1365 2383 1437 2449 ecel.

375 2485 390 2526 c
434 2509 442 2525 .
509 2509 516 2525 .
557 2509 564 2527 .

391 2483 457 2628 alid)
468 2548 610 2627 Equidem
620 2550 733 2628 nescio,
746 2552 797 2630 qui
810 2559 907 2614 teneat
924 2569 1023 2628 error,
1042 2559 1092 2612 aut
1107 2550 1282 2612 miserabilis
1297 2550 1444 2632 ignoratio

374 2630 436 2690 veri
454 2647 519 2706 eos,
533 2631 584 2710 qui
598 2633 715 2712 propria
736 2643 766 2694 et
786 2635 882 2695 nativa
904 2636 1106 2714 episcoporum
1120 2633 1204 2712 jura,
1218 2653 1236 2694 a
1248 2633 1378 2714 legitima
1398 2653 1443 2694 su·

374 2712 481 2790 periori
497 2721 637 2790 potestate
651 2714 713 2774 tolli
727 2734 760 2775 nc
777 2715 871 2777 minui
884 2735 968 2796 posse
980 2715 1159 2776 inficiantur.
1173 2715 1219 2777 Ab
1233 2716 1303 2796 ipsis
1316 2717 1444 2778 sanleia

374 2792 558 2854 incunabulis
572 2795 799 2858 luculentissima
814 2806 883 2858 sunt
894 2807 1099 2873 monumenta,
1115 2813 1181 2876 qum
1192 2798 1280 2880 longe
1291 2799 1374 2860 aliud
1395 2816 1444 2859 os-
1541 2813 1542 2880 j

374 2875 511 2936 tendunt.
530 2878 663 2957 Episcopi
684 2889 768 2940 erant
781 2879 953 2942 Timotheus
971 2889 999 2942 et
1014 2881 1111 2956 Titus,
1135 2879 1209 2940 alter
1227 2879 1353 2959 Ephesi,
1372 2881 1445 2942 alter·
1541 2885 1542 2896 ¹

374 2959 483 3032 Crete,
505 2957 543 3018 ad
562 2978 635 3038 quos
653 2962 799 3039 apostolus
818 2961 931 3023 litteras
949 2962 1048 3040 dedit,
1067 2971 1098 3023 et
1117 2961 1180 3022 hia
1202 2963 1316 3042 Spiritu
1340 2967 1443 3027 &noto
1541 2963 1542 2966 ’

373 3039 458 3118 positi
474 3049 557 3134 esunt
576 3060 679 3124 regere
693 3044 842 3140 ecclesiam
862 3045 916 3106 Dei
939 3045 970 3105 in
988 3047 1048 3107 suis
1068 3043 1256 3140 dimcesibus,
1282 3052 1313 3105 et
1326 3063 1443 3107 omnem

373 3139 445 3263 itt
455 3131 824 3269 di⁸⁰‘'l‘“‘¹¹⁰‘'dtu
839 3126 1444 3287 dmnffnl‘lidssltull‘dn

373 3285 468 3364 ampla
482 3285 624 3366 episcopis
644 3307 677 3349 ea
692 3288 729 3351 de
742 3309 776 3350 ae
787 3292 854 3352 data
875 3291 1022 3354 achristo
1035 3299 1160 3372 potestas
1174 3291 1284 3368 iuerat,
1300 3299 1333 3352 et
1348 3301 1445 3354 umen

375 3367 481 3429 Paulus
494 3375 588 3429 orout
601 3378 631 3430 et
644 3374 818 3454 constringit
831 3373 907 3434 hanc
917 3383 1105 3452 potestatem,
1121 3373 1197 3434 dicta
1210 3373 1288 3453 lege,
1301 3383 1339 3434 ut
1350 3393 1446 3456 nque

373 3448 497 3530 bigami,
514 3469 610 3530 neque
625 3455 766 3535 neophyti
780 3455 956 3516 ordinentur
971 3459 990 3518 1
1003 3455 1045 3518 od
1061 3456 1137 3518 Tite.
1155 3475 1180 3517 o.
1197 3457 1259 3518 ov.
1277 3459 1314 3530 2,
1337 3459 1376 3535 e,
1393 3459 1442 3520 lt.

371 3532 511 3592 Similiter
520 3533 589 3612 jure
600 3535 700 3598 divino
721 3538 884 3618 presbytcri
902 3539 1042 3620 episcopis
1059 3539 1214 3614 asboennt,
1232 3545 1322 3617 atquc
1341 3539 1376 3601 hi
1394 3559 1446 3602 suo

372 3613 469 3675 lubitu
480 3623 615 3713 poterant
625 3618 764 3681 adversus
775 3621 839 3682 illos
853 3637 917 3682 eam
929 3639 1048 3684 servam
1060 3621 1239 3717 methodum·
1242 3621 1442 3699 judiciorum,

372 3711 555 3840 sttuite
566 3701 1133 3848 ttfflttttttitttlt‘tt
1148 3703 1446 3850 tituletis

372 3860 479 3956 Paulus
492 3863 633 3958 episcopis
644 3865 781 3944 imperat,
794 3804 842 3929 Ile
852 3865 995 3930 moesos
1005 3887 1045 3952 pr
1113 3878 1210 3932 tarum
1220 3829 1446 3933 meminsse

371 3953 533 4021 recipiant,
549 3945 610 4008 essi
622 3945 676 4008 aab
691 3945 819 4026 duoles,
838 3957 892 4011 out
907 3947 1002 4011 cibus
1024 3959 1079 4014 test
1157 3950 1232 4014 iud
1246 3951 1324 4012 liin.
1341 3956 1443 4036 copi

371 4039 446 4084 vers.
466 4029 514 4086 td.
538 4029 622 4090 lditto
636 4037 731 4092 cetera
749 4033 868 4113 similia,
888 4049 956 4112 quse
974 4041 1074 4094 sunta
1098 4035 1187 4096 Paulo
1208 4035 1388 4116 wastituts,
1414 4045 1443 4095 et
