3122 5170
514 449 565 464 -
590 409 662 492 aar
686 453 735 466 -

391 516 590 693 Numerare
623 558 803 654 privaretur
838 557 905 656 (l).
939 555 1064 630 Verum
1090 583 1157 630 non
1182 589 1213 638 ῃ

508 655 727 837 pacandus
762 655 808 728 Ill
851 660 887 726 in
924 653 1062 729 concilio
1092 655 1158 727 La·
1193 709 1202 748 ¹.

561 779 580 834 e
607 753 753 826 tollendo
782 757 903 826 acriore
928 755 1035 828 studio
1062 751 1197 830 labo-,³

13 881 65 985 ἦ,
519 869 583 944 est,
614 867 653 924 ut
683 866 781 924 namo
821 851 901 924 duas
932 853 1028 924 simul
1056 875 1158 949 paro·

12 1005 19 1017 .
58 953 78 1018 ².
483 965 540 1020 aut
585 966 776 1048 personatus
815 949 977 1039 obtineat,
1021 953 1158 1049 ipsoque

3 1017 165 1157 ,²:24le
469 1047 647 1140 beneficio,
692 1051 750 1146 qui
785 1047 925 1120 alterum
960 1051 1030 1120 sine
1065 1051 1156 1122 venia

28 1151 124 1237 ,32
437 1143 574 1244 adeptus
605 1161 654 1218 est
687 1173 725 1220 ac
758 1163 898 1246 utruque
932 1150 1096 1246 privetur,
1131 1150 1157 1217 si

368 1261 392 1313 tl
427 1246 568 1316 retinere
604 1244 671 1342 (a).
703 1245 825 1316 Eadem
858 1271 991 1344 quoque
1028 1248 1153 1317 ratione

330 1373 342 1411 a
359 1345 554 1416 coacervatio
570 1346 666 1415 vetita
679 1358 728 1416 est
745 1343 813 1441 (5).

261 1536 266 1546 .
285 1488 350 1551 5de
360 1487 458 1553 cleric.
473 1509 534 1552 aaa
546 1489 637 1554 resid.
653 1489 695 1574 (ἒ)
710 1495 784 1574 Cap.
800 1488 1000 1555 atterrat.

229 1592 265 1653 p.
280 1573 299 1633 9
311 1571 346 1634 da
360 1591 485 1636 conatae
500 1572 594 1658 preb.

141 1769 169 1812 ,.
208 1715 285 1786 XV.
324 1718 474 1816 Denique
516 1717 701 1792 Tridentini
746 1719 874 1806 Patres¹
904 1717 979 1790 alias
1025 1716 1156 1790 edidere

114 1839 192 1908 rges,
225 1831 263 1885 ut
289 1841 363 1912 quae
392 1817 703 1889 aLateranensibus
729 1815 871 1890 conciliis
909 1816 1039 1887 fuerant
1071 1841 1156 1888 con·

89 1914 219 2002 stituta,
259 1912 431 2010 diligenter
469 1915 729 1988 observarentur.
770 1915 888 2014 Itaque
928 1917 1066 1986 vetitum
1109 1930 1157 1984 est

90 2013 146 2080 uni
178 2010 315 2100 clerico,
347 2015 461 2110 quovis
493 2013 612 2106 titulo,
652 2017 750 2086 etiarn
790 2019 934 2088 ammas
971 2030 1029 2083 aut
1061 2037 1157 2085 com-t

88 2110 243 2198 manda,
286 2109 396 2206 plures
432 2111 529 2183 simul
574 2113 722 2185 conferre
763 2112 909 2185 ecclesias
958 2109 1157 2183 cathedrales

87 2222 144 2278 aut
178 2205 335 2280 beneficia
373 2225 482 2282 curata
521 2227 556 2282 ct
595 2227 723 2304 cetera,
764 2237 839 2309 quae
870 2211 1157 2308 incompatibilia

87 2303 261 2397 dicuntur,
292 2309 438 2407 jussique
476 2325 555 2380 sunt
584 2311 691 2406 primo
728 2307 887 2383 beneficio
929 2305 1063 2398 cadere,
1094 2309 1152 2406 qui

86 2401 225 2476 alterum
265 2423 521 2504 consequuntur.
569 2407 618 2480 Ex
666 2407 797 2506 reliquis
839 2432 916 2481 vero
966 2403 1153 2492 beneficiis,

86 2525 163 2598 quae
187 2505 430 2602 compatibilia
459 2505 615 2598 dicimus,
645 2508 703 2576 uni
734 2506 850 2579 clerico
880 2503 976 2603 plura
1014 2504 1152 2576 conferri

85 2617 240 2696 possunt,
271 2601 403 2700 quando
435 2629 539 2674 unum
560 2607 633 2676 satis
667 2619 827 2696 nonest,
859 2621 897 2675 ut
926 2603 981 2675 ille
1017 2601 1152 2676 honeste

85 2723 122 2770 nc
148 2697 300 2770 decenter
324 2701 488 2799 vivat(l).

125 2871 168 2954 (i)
190 2841 277 2934 cine.
299 2873 382 2935 Trid.
403 2891 475 2937 sesa.
491 2877 510 2936 7
524 2893 590 3018 cap.
603 2877 623 2938 2
637 2883 665 2937 et
675 2879 710 2944 i,
725 2884 834 2938 atussa.
853 2877 892 2938 il
906 2893 973 2958 cap.
992 2877 1029 2936 17
1043 2869 1078 2934 de
1092 2872 1150 2956 ref.

84 2957 183 3018 Exstat
193 2956 280 3016 etiarn
294 2955 331 3017 de
344 2957 551 3035 incompatibili
574 2977 607 3020 us
621 2958 769 3020 benefieiis
784 2958 952 3020 constitutio
967 2959 1051 3019 Joan.
1068 2959 1153 3022 XXII

82 3037 115 3098 in
129 3039 257 3098 Batrav.
279 3033 461 3101 Execrabilis
476 3037 511 3101 dc
534 3037 646 3110 Prab.,
662 3039 700 3101 de
719 3060 776 3120 qua
797 3049 895 3100 aetum
913 3039 969 3100 init
990 3035 1043 3099 ta.
1066 3039 1080 3098 l
1102 3037 1149 3100 tit.

84 3122 185 3182 treet.
199 3123 217 3182 5
229 3139 300 3204 pap.
315 3123 392 3194 28¹,
407 3129 436 3180 et
451 3141 508 3200 qua
525 3124 668 3184 sancitum
679 3131 738 3198 cst,
753 3131 787 3184 ut
800 3120 961 3183 secundum
975 3118 1151 3182 beneficium

83 3210 235 3278 curatum,
257 3203 303 3264 vel
324 3201 481 3264 secundam
504 3203 677 3286 dignitatem
703 3204 862 3284 accipiens,
887 3205 944 3264 nisi
969 3201 1067 3263 statim
1090 3205 1154 3282 pri-

83 3303 167 3345 mum
188 3285 332 3354 dimittat,
357 3293 482 3363 utroque
512 3287 661 3366 privetur,
686 3295 773 3366 atque
796 3287 828 3346 in
848 3295 997 3365 posterum
1022 3303 1038 3345 a
1065 3287 1153 3347 sacris

83 3364 254 3443 ordinibus,
273 3376 336 3428 eta
360 3367 509 3428 beneficiis
527 3369 701 3448 repellatur,
724 3377 813 3448 atque
829 3369 925 3430 ultimi
948 3366 1082 3429 beneficii
1096 3367 1152 3428 col·
1211 3391 1214 3408 ·

82 3448 152 3510 latio
174 3467 287 3510 summo
299 3453 383 3516 Pont.
399 3459 575 3512 reservetur.
591 3455 660 3515 Late
671 3469 704 3513 ca
717 3449 755 3512 dc
772 3469 806 3512 re
818 3449 947 3532 disputat
968 3450 1086 3529 Rigant.
1109 3449 1150 3511 ad

83 3527 180 3612 repul.
197 3535 210 3593 l
229 3530 348 3593 cancell.
363 3530 390 3615 S.
405 3533 490 3614 8per
504 3541 555 3596 tot.

131 3683 161 3786 §.
190 3685 284 3758 XVI.
330 3685 435 3760 Hodie
474 3688 573 3783 igitur
602 3690 640 3760 iis
679 3691 804 3762 utimur
841 3687 984 3784 legibus,
1023 3711 1098 3782 quaa
1129 3711 1147 3756 a

83 3784 177 3856 Trid.
220 3783 346 3883 synodo
385 3791 569 3861 constitute
615 3804 704 3860 sunt.
748 3789 823 3860 Duo
865 3784 1148 3884 incompatibilia

82 3881 259 3973 beneficia,
287 3882 394 3980 qualia
427 3902 505 3958 sunt
535 3889 713 3980 generatim
740 3888 849 3959 omnia
878 3883 952 3981 (l),
980 3907 1054 3982 quae
1084 3879 1147 3952 ba-

82 3980 164 4054 bent
196 4007 307 4053 curam
343 3985 544 4076 animarum,
586 4009 663 4084 quae
703 3985 868 4073 officium,
916 3997 1145 4080 personatum,
