3164 5174
510 515 730 587 -545-

98 679 184 762 atque
214 663 472 762 expeditionibus
515 665 550 734 in
589 661 765 736 Saracenos
807 681 916 736 ortum
957 664 1157 760 habuerunt,

97 779 129 832 et
144 789 217 861 quos
247 767 334 834 inter
355 761 557 834 celeberrimi
594 780 670 832 suut
698 763 824 860 equites
851 763 1158 864 hierosolymitani,

120 863 147 930 oi
177 861 294 934 Rhodo
326 860 411 959 pulsi
448 885 538 932 nunc
572 859 696 930 habent
743 859 905 952 Melitam,
943 887 1016 934 acce
1041 877 1109 934 tam
1143 891 1162 936 a

97 887 200 1032 lamio
229 959 281 1049 V,
303 977 338 1031 et
366 961 401 1028 in
428 983 509 1056 quos
538 960 743 1058 potissimum
773 959 957 1030 Anastasius
985 961 999 1032 l
1057 961 1161 1034 multu

96 1057 223 1128 contulit
236 1057 419 1155 privilegia.

142 1179 171 1280 §.
198 1179 250 1252 lX
273 1179 424 1252 Monachi
452 1179 529 1250 olim
542 1177 718 1250 ordinibus
737 1181 856 1250 initiati
881 1205 949 1252 non
965 1197 1058 1254 erant
1084 1183 1158 1281 (l),

96 1299 127 1352 et
152 1278 220 1350 ideo
256 1281 282 1348 si
320 1281 392 1376 quis
416 1303 528 1350 eorum
576 1279 727 1372 gravioris
768 1279 912 1350 criminis
950 1305 1024 1350 reus
1057 1299 1160 1372 esset,

97 1377 289 1476 plectebatur
329 1402 425 1474 poena
468 1377 827 1466 excommunicationis,
876 1399 945 1447 non
975 1381 1162 1476 suspensio-

98 1481 143 1547 nis
166 1492 218 1546 cut
247 1475 289 1545 de
328 1473 503 1564 adationis,
538 1497 612 1572 quae
638 1471 681 1544 ad
708 1472 842 1545 clericos
865 1473 1075 1570 pertinebunt
1091 1477 1158 1574 (2).

97 1574 157 1646 Sed
193 1577 261 1646 inte
305 1599 361 1644 um
392 1597 508 1644 eorum
547 1571 663 1669 aliquis
702 1572 846 1669 episcopi
889 1569 1049 1647 beneficio
1076 1575 1163 1647 inter

99 1672 218 1744 clericos
248 1671 468 1761 referebatur,
536 1671 691 1742 raesertim
724 1679 764 1738 nt
798 1671 832 1738 in
872 1668 987 1742 sacello
1029 1696 1163 1743 monas·

99 1773 165 1841 terii
196 1795 261 1841 rem
278 1769 419 1842 divinam
446 1695 622 1840 coniceret
650 1767 717 1864 (5).
753 1767 905 1866 Denique
929 1784 1065 1866 propter
1093 1774 1163 1841 uti·

100 1867 213 1938 litatem
241 1867 384 1940 ecclesiae
412 1883 581 1963 receptum
622 1879 691 1958 est,
733 1880 771 1936 ut
802 1865 954 1938 monachi
983 1869 1077 1939 sacris
1103 1871 1163 1940 ini·

100 1969 212 2037 tientur
240 1965 410 2038 ordinibus
446 1965 520 2060 (4),
559 1980 593 2036 et
623 1963 697 2035 ideo
733 1989 823 2035 nunc
866 1967 984 2050 passim
1013 1966 1163 2038 monachi

97 2064 194 2135 cleriei
225 2080 323 2154 sunt,
368 2065 509 2159 exceptis
540 2061 620 2152 iltis,
650 2064 712 2230 ¹:poi
756 2061 925 2133 famulatui
970 2089 1007 2134 ac
1046 2063 1161 2138 vilibus

96 2165 272 2234 ministeriis
290 2178 512 2251 reservantur,
531 2185 647 2258 quosr
683 2185 725 2255 go
741 2161 847 2232 laicos
862 2160 1073 2258 appellamus.

134 2309 173 2390 (1)
192 2306 278 2385 Atta,
295 2309 392 2387 inquit
415 2311 446 2370 S.
470 2307 592 2369 Hieron.
616 2325 663 2388 ep.
681 2309 719 2368 11
736 2325 772 2368 co
798 2311 927 2370 ‚8tom.
944 2311 978 2385 1,
1002 2307 1162 2372 cwcoclro-

93 2400 333 2466 comestorum,
355 2387 418 2452 atta
431 2386 614 2451 clericorum.
631 2388 713 2450 Idem
734 2388 772 2449 ha
811 2399 845 2452 nt
866 2393 896 2452 S.
920 2393 977 2452 Leo
993 2393 1033 2452 11.
1055 2410 1070 2452 e
1096 2395 1160 2456 ,91

93 2493 158 2556 cop.
171 2477 267 2555 tipor.
278 2475 297 2533 1
308 2490 378 2554 opp.
391 2491 462 2554 paq.
477 2473 546 2548 561,
559 2469 630 2532 edit.
643 2471 744 2532 Rome
756 2472 848 2550 1755,
858 2475 945 2534 conc.
955 2471 1026 2534 Chal
1084 2517 1091 2533 .
1106 2477 1159 2552 lv,

95 2559 195 2618 16111
216 2564 243 2616 et
256 2558 276 2616 1
290 2554 369 2634 opud
386 2554 476 2616 Labh.
494 2561 565 2614 tom.
582 2555 602 2614 1
620 2549 679 2646 coh
700 2555 780 2614 1681
800 2563 828 2615 et
848 2571 910 2696 sep.
926 2552 972 2614 etl.
999 2555 1111 2626 Vocet,
1131 2567 1162 2617 et

841 2653 873 2696 co
899 2679 907 2694 .

94 2637 263 2700 Troiianum
282 2639 408 2698 161111
426 2633 481 2698 col.
501 2637 667 2696 1558111111.
688 2636 706 2696 7
727 2633 823 2718 ejusd.
925 2635 976 2696 uhi
995 2635 1162 2699 monachia

61 2721 68 2731 '
94 2721 204 2782 doricis
215 2719 447 2799 distinguuntur.
463 2722 575 2781 Verum
588 2735 636 2778 eos
651 2736 709 2778 uon
723 2736 820 2779 meros
832 2718 919 2778 loioos
931 2716 1036 2792 luisse,
1049 2727 1162 2780 constat

93 2822 127 2864 cx
138 2821 206 2864 ecc.
224 2803 243 2862 5
267 2797 403 2862 chalced.
425 2799 477 2862 uhi
497 2799 633 2861 monaehi
656 2817 739 2879 aeque
759 2819 793 2862 ac
810 2800 924 2876 clerici,
941 2799 1089 2860 secularia
1107 2819 1161 2862 ne·

94 2886 170 2966 gotia
179 2901 315 2945 exercere
329 2881 535 2962 prohihentur.

130 2967 174 3048 [1)
195 2970 283 3029 Cone.
296 2964 433 3027 Chulocd.
446 2961 500 3026 loc.
512 2964 561 3026 eit.
574 2981 642 3024 con.
654 2966 684 3024 1.
704 2989 717 3018 a
733 2965 762 3026 Si
777 2966 859 3043 quis,
873 2964 985 3043 inquit,
999 2971 1160 3043 sequester,

92 3059 121 3110 et
139 3051 313 3110 intercessor
326 3047 398 3108 adeo
416 3047 552 3128 turpibus
570 3055 599 3106 ct
613 3046 731 3106 nefariis
745 3047 835 3108 lucris
853 3045 1004 3128 apparuit,
1022 3046 1071 3108 hic
1088 3065 1161 3126 quo-

90 3149 166 3211 que,
183 3131 207 3192 si
221 3131 260 3191 sit
271 3129 392 3208 quidem
404 3129 543 3204 clericus,
559 3129 678 3206 proprio
691 3127 785 3208 gradu
798 3129 934 3192 excidat:
955 3129 980 3190 si
1003 3130 1040 3190 sit
1062 3138 1161 3190 autem

92 3215 201 3288 laicus,
215 3213 261 3272 sel
276 3211 451 3287 monachus,
468 3209 740 3271 anathematizetur.
756 3235 769 3264 s

134 3295 177 3377 (5)
198 3293 352 3355 hlonachos
374 3295 492 3354 clericos
516 3301 678 3352 memorent
701 3293 852 3352 Cassianus
875 3289 975 3386 collat.
1003 3294 1022 3353 5
1046 3313 1113 3375 cop.
1145 3297 1157 3356 1

91 3369 1164 3554 1111111111111111111111111111

89 3537 880 3706 11111711..1111“111,1111111111
891 3541 953 3682 tt
969 3547 1040 3681 ut·
1054 3545 1161 3683 111

90 3704 143 3767 cd.
158 3705 262 3766 Moser.
282 3705 381 3765 Venet.
405 3704 502 3778 1719;
517 3706 548 3764 S.
569 3701 675 3782 Epiph.
692 3721 792 3784 expos.
815 3699 871 3784 fid.
892 3721 977 3763 num.
998 3705 1033 3763 11
1056 3711 1126 3762 tom.
1144 3707 1158 3766 1

90 3807 168 3870 paq.
190 3789 285 3864 1101,
307 3783 354 3846 ecl.
378 3785 501 3846 Patavii
521 3783 624 3846 Poris.
646 3787 742 3861 1611;
768 3786 899 3847 Zosimus
917 3785 949 3844 in
962 3787 1075 3844 Decret.
1091 3802 1159 3866 cap.

91 3869 175 3949 apud
190 3867 338 3930 Pithoeum
351 3865 414 3928 eod.
431 3885 538 3929 conon.
558 3863 658 3928 eccles.
674 3870 760 3929 Itorrr.
775 3885 846 3948 pap.
868 3865 1042 3928 1111111111.
1063 3865 1161 3944 1687;

93 3969 180 4012 conc.
198 3950 364 4031 Agathense
382 3969 451 4011 con.
472 3951 509 4009 17
530 3945 584 4010 eol.
606 3950 665 4008 516
690 3959 759 4010 tom.
786 3951 820 4024 5,
838 3957 868 4008 et
889 3946 1035 4009 ilerdense
1059 3965 1126 4010 cun.
1144 3953 1163 4011 5

92 4029 153 4096 col.
171 4034 226 4093 751
249 4041 319 4094 tom.
338 4033 356 4092 5
370 4032 448 4110 opud
463 4030 621 4093 Lahbeum.
639 4031 805 4092 Praesertim
817 4049 884 4090 cum
900 4029 1109 4090 monasterium
1123 4033 1164 4092 ita

92 4116 201 4176 aberat
224 4115 261 4175 oh
290 4113 444 4194 episcopali
479 4121 530 4176 aut
553 4111 710 4192 parochiali
735 4113 867 4190 ecclesia,
901 4119 935 4172 ut
968 4111 1102 4174 monachi
1127 4116 1165 4176 ad

201 4221 276 4268 τοι.
305 4221 329 4267 1.
1008 4192 1064 4264 15.
