3142 5188
563 453 612 466 -
637 411 708 482 ott
732 397 783 468 ⁴-

137 556 186 620 cd.
203 558 269 635 cit,
288 557 378 638 idque
395 557 482 619 ctiam
499 557 655 620 observant
673 562 788 622 Fratres
799 559 946 622 Ballerinii
966 558 998 620 in
1013 559 1130 621 Zenon.
1147 556 1168 620 ἱ.
1189 561 1208 620 2

91 664 94 676 ·
138 651 177 702 tr.
195 642 228 702 5¹
241 659 314 724 pop.
340 643 396 702 nol
422 648 491 701 tom.
512 643 526 702 l
544 639 614 702 edit.
630 643 710 723 disq.
731 641 820 704 Viod.
850 646 922 704 Saec.
942 649 1041 714 tamen
1060 643 1099 702 Vl
1129 640 1208 701 intra

138 723 288 785 ecclesiam
303 722 470 802 baptisteria
483 723 619 784 constitui
634 723 769 802 cepisse,
787 743 823 783 ex
841 725 929 806 Greg.
945 723 1108 787 Turonensi
1126 721 1211 784 docet

138 803 333 869 Durantusdc
347 804 399 866 rit.
416 801 483 866 cccl.
500 801 578 866 litt
599 823 626 866 c.
640 805 691 866 te.

179 885 221 967 (ᾖ)
243 891 338 966 Atque
354 887 410 948 boc
426 886 546 966 quidem
560 885 735 948 diaconicon
748 905 893 970 acapnum
910 895 988 961 erat,
1010 886 1048 948 de
1066 905 1124 965 quo
1141 887 1211 948 vide

137 973 186 1032 Du
205 971 303 1050 cange
321 969 353 1030 io
369 967 485 1045 Gloss.‚·
507 987 576 1030 nam
602 967 682 1048 quod
699 969 851 1030 dicebatur
869 967 1040 1032 diaconicon
1064 969 1208 1046 Remotis,

137 1051 171 1112 id
187 1060 251 1112 erat
267 1053 345 1112 intra
359 1051 523 1128 ecclesiam,
546 1069 639 1130 eoque
658 1051 772 1113 diaconi
790 1071 841 1129 ea,
860 1071 926 1132 qun
946 1059 1029 1112 erant
1046 1051 1083 1112 nd
1100 1070 1210 1113 sacram

137 1133 289 1214 liturgiam
321 1135 497 1202 necessaria,
520 1152 556 1195 cx
584 1133 732 1196 diaconico
761 1153 868 1214 magno
896 1131 1082 1212 deferebant,
1112 1142 1147 1194 ut
1173 1133 1210 1194 ad

137 1233 245 1277 manus
255 1223 361 1291 essent,
374 1225 475 1277 auctor
487 1211 593 1278 Gbron.
607 1213 693 1278 Alco.
707 1235 779 1299 pop.
795 1220 855 1278 590
869 1214 915 1278 cd.
933 1215 1034 1277 Poris.

179 1297 223 1378 (ὅ)
244 1294 476 1379 Poatopitoriom
489 1297 617 1379 generali
630 1299 748 1360 nomine
759 1307 931 1379 usurpatum
946 1294 1211 1376 comprehendebat

139 1379 228 1440 stiam
247 1379 418 1442 diaconicon
439 1389 468 1442 ct
492 1377 760 1464 Gozopbyiocinm,
773 1381 918 1442 -videlicet
933 1381 1029 1442 locum
1053 1377 1153 1455 illum,
1178 1379 1210 1440 in

139 1479 199 1539 quo
210 1462 394 1540 ponebantur
404 1463 504 1542 populi
517 1464 694 1540 oblationes,
709 1481 775 1541 quac
792 1482 880 1543 super
894 1463 985 1523 altare
997 1459 1140 1540 ponende
1151 1477 1210 1522 non

140 1551 236 1620 erant,
249 1545 300 1604 sed
311 1545 408 1623 potius
418 1545 543 1625 episcopi
556 1546 677 1606 domum
688 1546 840 1608 mittendae
848 1545 1067 1625 judicabantur.
1270 1551 1273 1560 ’

181 1623 223 1708 (l)
244 1619 385 1688 Memorat
395 1627 583 1707 Pnstophoria
597 1634 697 1688 auctor
710 1627 810 1690 donst.
825 1631 927 1710 dpost.
943 1623 995 1688 bb.
1011 1628 1030 1686 ἓ
1045 1642 1070 1684 c.
1088 1623 1126 1684 57
1136 1641 1208 1705 pop.

140 1707 202 1769 ibi
216 1705 287 1770 edit.
302 1707 371 1788 cit,
385 1727 444 1788 quo
454 1727 489 1770 er
503 1711 565 1771 loco
579 1707 785 1792 intelligimus,
802 1729 836 1772 ea
854 1711 944 1772 luisse
956 1710 1018 1770 loca
1032 1725 1069 1768 coc
1082 1712 1213 1788 atraque

140 1789 268 1851 ecclesias
280 1799 367 1874 porte
384 1809 487 1854 wotos
502 1791 661 1855 Orientem.
677 1795 742 1872 lpse
759 1799 860 1854 auctor
873 1791 1009 1872 deinceps
1023 1787 1073 1851 lib.
1095 1789 1114 1847 8
1128 1805 1154 1848 c.
1172 1789 1211 1848 tn

137 1889 211 1954 pop.
224 1875 284 1935 409
303 1891 405 1934 eorum
423 1873 553 1936 locorum
573 1893 659 1936 usum
681 1871 819 1954 explicat,
839 1893 905 1935 cum
929 1873 999 1935 illuc
1023 1867 1213 1935 Eucharistiae

140 1953 289 2032 reliquias,
303 1963 368 2035 post
379 1957 511 2019 omnium
525 1957 777 2034 communionem,
791 1955 899 2018 deterri
911 1955 1007 2035 jubet.

195 2035 225 2118 b)
245 2038 370 2100 Consule
388 2037 608 2102 schelstratium
621 2038 654 2100 in
667 2056 748 2100 emto.
762 2036 897 2101 domet.
934 2055 983 2120 oo.
1002 2035 1073 2098 186.

195 2119 225 2200 6)
245 2123 290 2181 Ite
312 2121 423 2182 cunctis
439 2121 632 2184 exterioribus
657 2121 845 2200 antiquarum
928 2121 1054 2181 esiacum
1080 2113 1213 2198 pertibus

141 2199 201 2261 lete
220 2199 371 2282 disputant
385 2205 438 2265 ltin
460 2205 540 2266 bam.
560 2205 635 2287 erip.
654 2199 754 2266 eccles.
770 2199 823 2265 loc.
846 2204 937 2265 8c.7
960 2209 981 2264 t.
996 2203 1013 2263 5
1024 2217 1099 2284 paq.
1114 2199 1213 2260 atto

141 2301 204 2368 seq.
219 2283 271 2346 cit.
287 2283 346 2364 cd,
363 2289 426 2350 etS
455 2287 556 2369 sagius
568 2286 664 2371 antiq.
680 2283 784 2348 cbrist-
800 2283 857 2350 loc.
871 2287 891 2348 2
905 2305 933 2348 c.
951 2287 982 2348 5.

531 2855 746 2944 sterio
783 2857 825 2966 ι.

351 3079 387 3144 llo
411 3079 583 3146 lonsoundis
611 3087 636 3144 ct
655 3077 848 3145 fleoucllicndis
870 3075 994 3143 taleriis.

591 3263 762 3278 m

145 3407 209 3461 xlll.
222 3407 375 3461 consecratio
386 3407 541 3460 ecclesiarum
552 3406 640 3474 eteius
716 3403 802 3456 xvlll.
816 3403 929 3457 Ecclesia
937 3405 1085 3458 consecratio
1093 3405 1124 3456 ad
1137 3405 1212 3473 episc.

213 3475 308 3543 antiqui
321 3475 392 3526 ritus.
794 3470 911 3522 tinctile
922 3487 972 3524 non
988 3471 1107 3522 iteranda.

146 3541 220 3594 xvlt
233 3541 312 3606 llitm,
325 3540 367 3614 qui
376 3556 443 3593 nunc
452 3539 571 3594 obtinent.
715 3537 747 3588 xl
772 3574 778 3588 .
791 3537 899 3590 Ecclesia
914 3538 1004 3614 violata
1016 3547 1059 3588 aut
1070 3535 1173 3604 polluta

716 3603 769 3656 llll.
781 3603 817 3656 lla
828 3603 1008 3657 reconcibnnda
1017 3613 1061 3656 est.

603 3745 633 3849 p.
659 3745 751 3818 xvi.

197 3897 380 3972 AEnurrcura
411 3897 560 3970 ecclesia.
593 3911 630 3968 ut
672 3899 819 3993 primum
849 3897 923 3971 fieri
959 3909 1087 3992 potest,
1135 3918 1211 3968 con-

146 4017 290 4073 secratur
317 3998 368 4069 rel
397 3997 509 4068 saltem
543 3993 763 4083 benedicitur,
800 4020 878 4066 nam
899 4017 989 4064 secus
1021 3994 1056 4064 in
1083 4017 1120 4066 ea
1141 4017 1212 4065 rem
