3122 5178
527 451 723 522 -55,

116 597 145 657 ab
155 601 253 660 toanne
271 597 446 660 Scholastica
465 599 571 677 repetit
588 602 637 662 Fr.
656 599 774 662 Florem
787 595 842 660 loc.
866 597 917 659 eit.
937 616 1011 680 pop.
1028 599 1078 660 50.
1105 601 1157 660 llic

116 681 184 740 etiam
194 681 307 742 loannis
323 680 492 742 Scholastici
506 684 699 743 ,Vomoconon
711 691 755 742 est
770 681 847 760 apud
857 679 993 742 Voellum
1007 688 1037 740 et
1051 683 1155 744 instel-

115 761 163 822 lnm
174 759 308 824 Bibliotit.
317 763 386 844 jur.
402 781 522 840 conon„
537 771 607 823 lom.
624 765 643 824 2
652 783 724 846 pop.
740 765 799 824 695
815 771 843 824 el
855 782 916 846 aeq.

145 843 180 924 (i)
198 845 328 925 synodus
349 845 426 920 hee,
446 864 511 923 que
523 845 620 905 latinis
635 845 858 906 conciliabulum
876 853 937 921 est,
953 845 1091 907 Trullana
1103 865 1155 926 ap·

115 925 232 1003 pellatur,
245 927 323 1004 quod
346 927 444 986 habita
460 927 517 988 luit
534 927 564 986 in
578 929 679 988 Troilo
700 929 798 1007 palatii
824 927 1151 1006 Constantinopolitani3

115 1007 204 1068 dicitnr
219 1017 312 1069 antem
328 1009 508 1084 Quinisexta,
522 1009 600 1087 quod
611 1009 673 1088 ejus
690 1009 830 1071 moles
846 1008 932 1070 edilis
946 1007 984 1068 de
1003 1009 1155 1088 disciplina

115 1091 249 1150 unontltus
262 1091 357 1151 videri
371 1091 478 1150 vellent
489 1091 664 1169 supplevisse
678 1091 767 1167 illud,
781 1091 860 1170 quod
873 1093 900 1152 V
912 1099 942 1151 et
953 1093 993 1152 Vl
1007 1093 1156 1172 generales

115 1173 201 1248 sprudi
220 1193 277 1232 non
301 1173 506 1252 prestiterant.
528 1177 656 1234 Romana
677 1175 794 1236 eeclesia
812 1191 860 1234 eos
882 1181 997 1232 mutum
1022 1173 1156 1252 probavit

117 1251 187 1330 hujus
195 1255 302 1314 concilii
310 1273 446 1330 canones,
456 1253 507 1333 qui
519 1254 592 1314 uniit
604 1255 756 1332 haberent,
768 1255 847 1334 quod
861 1255 1060 1334 superioribus
1070 1275 1158 1336 syno-

116 1333 151 1393 dis
157 1335 330 1414 probatisque
341 1336 471 1398 moribus
479 1335 698 1408 adversaretur,
711 1339 794 1400 sicuti
808 1336 986 1398 iiumberlus
1001 1338 1156 1398 cardinalis

115 1417 335 1500 episcopusSilvae
344 1417 642 1494 candidae,Leonile
653 1421 763 1501 legatus
774 1419 852 1498 apud
862 1421 976 1482 Grecos
986 1417 1154 1480 declaravit.

116 1499 242 1578 iutegratn
249 1501 321 1560 hanc
331 1503 459 1562 Grmcam
467 1501 664 1562 collectionem
675 1521 742 1562 cum
753 1500 869 1560 scholiis
885 1503 1004 1562 Zonarta
1019 1509 1049 1562 et
1066 1501 1158 1562 Balsa-

116 1581 201 1639 monis
209 1581 351 1642 hominum
362 1581 612 1644 schimatimrum
627 1583 731 1644 Oxonii
744 1581 840 1660 edidit
851 1581 1023 1642 Guillelmus
1035 1586 1160 1644 Bevere-

119 1659 177 1739 gius
187 1679 230 1722 an.
246 1665 330 1724 toti.
463 1723 471 1736 ,

155 1739 192 1824 (ὅ)
202 1747 240 1806 lic
250 1745 436 1808 hisomnibus
444 1747 660 1808 collectionibus
674 1753 763 1828 agunt
773 1750 899 1810 ioannes
913 1745 1018 1824 Doujat
1027 1755 1155 1828 ρωποι.

119 1839 210 1885 canoa.
220 1825 264 1888 tt.
282 1831 379 1923 deep.
396 1831 455 1889 θοι
470 1848 550 1912 aeq„
573 1839 602 1890 et
615 1829 734 1908 loseph.
758 1831 866 1890 Anton.
883 1831 999 1890 Brunus
1012 1827 1158 1890 Introdu-

114 1903 186 1966 stone
195 1906 251 1970 allo
266 1909 526 1992 Giurasprudeuzo
540 1911 704 1988 cononica,
717 1930 787 1994 por.
804 1914 903 1992 lcap.
921 1912 932 1970 l
965 1907 991 1992 3.
1010 1913 1070 1974 det
1081 1930 1141 1996 aeq.
1149 1935 1161 1988 ‚-

114 1996 138 2046 et
150 1987 190 2050 hc
201 2011 312 2071 quoquc
326 1993 478 2072 descripte
487 2003 556 2055 sunt
566 2013 583 2054 a
593 1997 608 2056 J
612 1993 714 2054 uslello
725 2001 755 2054 et
767 1993 869 2056 Voello
879 1955 989 2054 sititor
1012 2035 1020 2054 .
1037 2012 1158 2072 conon„

114 2075 172 2131 tora
186 2073 281 2158 ηας.
298 2076 358 2136 oto
374 2081 476 2159 etseq.

150 2248 177 2350 3.
195 2251 296 2324 tvtt.
320 2253 430 2325 Serius
447 2257 484 2326 in
507 2255 606 2326 latim
629 2242 759 2328 ccclesia
774 2281 937 2328 canonum
956 2253 1160 2328 collectiones

110 2347 238 2421 adhiberi
272 2367 455 2448 ooeperunt.
487 2353 533 2424 Ea
560 2356 648 2424 enim
682 2369 756 2424 nnte
792 2354 959 2426 Nicaenem
996 2351 1161 2452 synodum

110 2471 165 2518 nou
194 2448 258 2521 aliis
295 2476 351 2521 usa
382 2450 511 2523 ridetur
537 2451 675 2548 regulis,
716 2477 814 2550 quam
844 2451 948 2522 Sectis
985 2449 1161 2548 Scriptnris

108 2559 135 2614 et
158 2547 349 2636 tradition03
384 2551 429 2619 ita
459 2565 498 2620 ut
531 2565 599 2622 toto
635 2551 702 2622 icco
734 2549 901 2647 disciplina
940 2549 1084 2622 moribus
1129 2565 1162 2619 ct

107 2645 332 2718 consuetudine
354 2650 466 2743 magis,
484 2675 583 2745 quam
594 2651 670 2748 jure
689 2651 809 2746 scripto
833 2647 996 2746 plerisque
1012 2650 1047 2718 in
1067 2647 1162 2718 rebus

106 2761 271 2836 regeretur.
300 2744 365 2816 Sed
386 2762 462 2842 post
484 2745 628 2817 habitam
647 2746 817 2820 Nicoenam
836 2745 1000 2845 synodum
1024 2747 1094 2842 ejus
1107 2769 1164 2816 ca·

107 2861 194 2912 nones
222 2843 329 2914 latine
358 2842 477 2914 redditi
505 2861 601 2934 sunt,
631 2861 730 2941 atquc
758 2846 795 2914 iia
827 2843 927 2914 latina
956 2841 1087 2914 ecelesia
1116 2843 1164 2912 uti

106 2942 191 3034 eoepit
216 2967 286 3012 una
315 2965 391 3012 eum
422 2939 664 3014 sardicensibus
692 2941 759 3040 (l).

138 3135 175 3217 (l)
189 3140 371 3221 insignisset
379 3139 459 3202 locus
470 3142 631 3204 innocentii
643 3144 668 3216 l,
680 3140 714 3202 in
726 3140 811 3222 epist.
826 3141 844 3202 t
858 3137 898 3200 od
911 3135 1001 3216 cor„
1017 3146 1045 3200 et
1055 3135 1165 3233 Popal.

107 3217 463 3303 Constantinopolileaum
476 3224 554 3302 apud
564 3223 764 3286 Constantium
774 3223 859 3305 epist.
874 3223 1000 3283 Itonion.
1010 3217 1163 3302 Pontafio„

106 3305 165 3360 wan.
180 3302 262 3366 loni.
275 3305 351 3380 799,
361 3303 513 3383 ubiinquit
525 3328 532 3364 ε
544 3303 931 3384 Quodoutemodcanonum
937 3301 1167 3363 obseruationem

105 3383 209 3460 attinet,
220 3383 298 3447 solia
309 3383 368 3448 illia
371 3385 547 3482 parendum
558 3405 617 3450 esse
629 3385 766 3462 dicimos,
778 3386 832 3482 poi
841 3387 874 3446 N
875 3381 1167 3468 iooecedefiuitiauot5

104 3463 376 3542 annumerare
391 3477 419 3529 et
467 3487 584 3530 noscere
599 3467 681 3530 dedet
694 3465 815 3530 scelesto
829 3463 984 3528 catholico.
1002 3469 1066 3546 ipse
1080 3469 1167 3527 inno·

105 3548 205 3608 tentius
219 3548 255 3609 in
269 3549 356 3630 epist.
378 3553 430 3611 do
469 3547 662 3632 Theophilum
679 3547 920 3611 Alexandrinum
935 3547 1013 3628 apud
1032 3547 1168 3608 eumdem

105 3627 300 3691 Constantium
314 3629 369 3692 ool.
388 3633 461 3708 790,
478 3633 566 3692 habet
579 3631 659 3693 haec:
680 3634 725 3692 Tu
737 3631 844 3714 ipitur,
858 3628 1011 3712 aijttdioio
1026 3627 1165 3711 confidis,

104 3707 402 3795 ostudsyoodnm
410 3759 419 3788 ,
428 3713 665 3798 queaeoondem
673 3711 825 3775 Christum
835 3710 928 3796 suerit
941 3709 1021 3772 elidi
1033 3709 1170 3802 expositas

106 3791 358 3856 trininotiouibun
369 3793 550 3858 sublatius
558 3789 1083 3870 Niooeoiooneiliiconoaibualolium
1089 3809 1169 3850 enom

102 3889 237 3934 cononem
249 3877 388 3937 llontooa
401 3896 461 3938 nou
475 3876 606 3938 admittit
616 3874 757 3958 ecelesia),
772 3875 960 3938 secerdotum
974 3870 1090 3934 iubebis
1101 3887 1168 3931 eon·

103 3953 287 4018 indictionis
294 3963 533 4038 expertorucnm
540 3963 670 4022 Niceenos
680 3977 804 4020 canones
815 3956 1000 4020 innocentius
1011 3959 1164 4029 memorat,

101 4031 234 4120 intelligit
261 4041 351 4100 etiam
380 4041 564 4104 sardicenses
589 4041 727 4122 quonium
755 4040 810 4102 hoe
837 4037 992 4101 consilinm
1019 4043 1167 4114 tamquam
