3100 5182
708 370 713 378 ’
792 381 1011 454 -168-

367 529 532 618 officium,
573 544 610 598 ut
648 545 832 626 praeessent-
858 529 935 601 locis
970 529 1082 616 sacris,
1124 525 1186 598 boc
1226 543 1273 596 est
1314 526 1437 618 titulis,

367 653 448 724 quos
482 624 517 696 S.
554 626 716 698 Evaristus
751 627 902 698 Pontifex
938 629 973 696 in
1006 627 1099 696 variis
1130 625 1219 696 urbis
1252 625 1440 719 regionibus

366 726 577 798 constituerat
605 725 677 823 (l),
704 727 857 822 quoniam
892 727 991 795 nimia
1023 723 1135 821 populi
1169 721 1346 794 multitudo
1377 751 1441 821 per

351 848 472 898 ,unum
503 823 571 918 regi
598 839 632 893 et
665 825 771 894 curari
798 823 932 894 difficile
960 837 1107 920 poteret,
1140 819 1279 919 ideoque
1309 835 1343 892 et
1366 822 1440 894 aliis
1525 881 1526 920 ,

366 945 449 1015 opus
481 937 549 991 erat
583 921 742 1011 ecclesiis,
777 924 812 992 in
844 921 962 1020 quibus
996 919 1163 992 christiani
1203 921 1456 1012 convenirent,
1525 921 1526 1000 J

367 1033 406 1087 ut
450 1043 554 1090 sacros
602 1035 735 1116 agerent
776 1037 973 1110 conventus,
1018 1035 1116 1116 atque
1156 1044 1174 1087 a
1218 1015 1440 1089 sacerdotibus

252 1117 255 1124 '
367 1132 566 1186 sacramenta
597 1120 805 1215 perciperent
835 1117 901 1213 (ἢ).
935 1115 1001 1188 Sed
1028 1115 1119 1214 qnod
1150 1117 1192 1206 ii,
1224 1133 1345 1212 praeter
1373 1115 1440 1190 hoc

367 1215 475 1310 ipsum
514 1211 679 1306 officium,
723 1219 820 1287 etiam
863 1213 1018 1288 Pontifici
1064 1240 1162 1312 opem
1206 1213 1353 1284 serebant
1403 1219 1439 1286 in

367 1315 528 1406 regimine
562 1313 702 1387 ecclesiae
739 1318 916 1404 unirersae,
953 1313 1034 1383 dum
1075 1329 1187 1384 contra
1212 1310 1329 1410 reliqui
1360 1338 1440 1382 ear-

343 1403 490 1481 'dinales
523 1413 651 1482 t'antum
686 1439 798 1483 curem
826 1437 901 1483 cum
929 1414 1079 1510 episcopo
1108 1410 1264 1505 gerebant
1289 1409 1439 1506 peculia-
1526 1457 1527 1504 ξ

367 1510 410 1577 ris
447 1507 591 1581 ecelesiae
629 1533 715 1599 suae,
749 1526 837 1582 certe
864 1510 961 1608 presb
987 1511 1062 1580 teris
1095 1508 1294 1606 reliquarum
1326 1507 1438 1580 eccle-

368 1609 487 1676 siarum
507 1633 605 1704 quam
621 1610 761 1678 maxime
780 1625 935 1704 praestare
953 1537 1149 1678 debuerunt.
1171 1605 1256 1676 Hinc
1276 1603 1438 1701 dignitate

368 1719 445 1774 sunt
466 1704 598 1774 antelati
633 1707 709 1800 ipsis
744 1707 903 1804 episcopis
931 1705 1006 1802 (5),
1037 1708 1072 1774 in
1102 1730 1196 1800 quos,
1230 1729 1328 1774 vacua
1358 1703 1438 1775 sede

367 1801 565 1896 Apostolica,
597 1804 822 1873 auctoritatem
844 1818 1060 1875 exercuerunt
1081 1802 1148 1898 (4),
1172 1801 1252 1894 binc]
1268 1827 1334 1872 non
1362 1819 1438 1872 tan-

369 1913 461 1987 tum,
498 1915 535 1968 ut
563 1903 681 1988 ceteri,
713 1926 835 1972 nomen
866 1918 1061 1998 acceperunt
1091 1901 1132 1970 ab
1164 1897 1318 1988 ecclesiis,
1351 1903 1437 1996 qui—

368 1993 429 2064 bus
456 2013 549 2068 erant
574 1999 818 2087 incardinati,
850 1999 907 2070 sed
935 2003 1051 2088 etiam,
1084 1999 1183 2096 idque
1206 1999 1433 2093 potissimum,
1527 2004 1528 2062 ἕ

368 2091 409 2162 ab
433 2092 562 2165 ecclesia
595 2095 761 2186 Romana„
794 2100 846 2168 oni
874 2114 966 2169 erant
993 2097 1134 2187 addicti,
1164 2121 1299 2192 quaeque
1325 2097 1438 2168 cordo
1527 2133 1528 2140 ¹

368 2206 435 2280 est,
468 2209 684 2290 centrumque
716 2211 750 2265 et
789 2213 888 2292 caput
925 2199 1072 2267 omnium
1113 2194 1315 2266 ecelesiarum
1353 2193 1433 2289 (5),

368 2288 446 2358 hine
483 2289 618 2362 demum
653 2320 743 2364 nunc
779 2310 896 2366 ceterae
932 2293 999 2365 fere
1038 2293 1176 2365 ecclesiae
1220 2291 1439 2363 deseruerunt

367 2385 430 2458 boc
459 2413 595 2480 nomen,
623 2415 690 2488 quo
715 2391 901 2486 designatur
922 2392 1118 2488 amplissima
1140 2391 1280 2486 dignitas
1303 2415 1433 2478 eornm,

367 2509 405 2554 ex
435 2485 553 2582 quibus
582 2491 701 2560 summi
728 2488 894 2562 Pontificis
919 2507 1049 2562 senatus
1071 2489 1223 2562 efficitur.

408 2731 450 2812 (l)
472 2733 659 2814 Conler',¹qui
678 2755 711 2796 ea
730 2735 767 2796 de
788 2755 821 2798 re
835 2738 962 2818 graviter
980 2741 1150 2820 copioseque
1172 2737 1317 2817 disputat,
1337 2736 1438 2796 cordi-

368 2814 463 2873 nalem
476 2815 626 2877 Nicolaum
640 2819 837 2879 Antonellium
852 2819 886 2880 in
898 2820 1015 2883 desert.
1031 2822 1067 2884 de
1084 2818 1206 2898 struto,
1219 2837 1293 2904 quos
1303 2820 1336 2879 S.
1351 2821 1439 2879 an·

367 2893 459 2988 risisse
471 2897 799 2983 Rorncniepresbyteras
812 2899 977 2979 detritum
992 2911 1022 2964 et
1034 2905 1103 2965 vide
1121 2905 1209 2965 etiarn
1223 2905 1269 2964 1Ιο.
1286 2899 1439 2962 tuamor

368 2979 459 3035 Bertu
487 2976 524 3036 de
548 2979 650 3038 eodem
673 2992 846 3062 argumento
864 2983 1096 3047 dissertationem
1117 2985 1164 3048 da’
1183 2981 1260 3046 etot·
1282 2980 1441 3044 dtatrabuti

368 3054 409 3152 dp
433 3057 465 3116 S.
485 3059 626 3122 Boariato
650 3063 737 3144 Papa
760 3065 794 3125 oi
815 3067 898 3126 Petri
921 3067 954 3128 di
966 3069 1073 3143 Romo,
1097 3087 1162 3148 que
1182 3068 1277 3146 prima
1296 3075 1339 3126 eet
1357 3067 1440 3126 inter

368 3137 584 3203 dissertationes
610 3143 719 3205 italicas
742 3147 874 3207 collectas
899 3167 914 3208 s
942 3151 1093 3212 Francisoo
1124 3149 1251 3212 Antonio
1283 3147 1437 3222 mentia,

369 3227 438 3280 torn.
454 3223 473 3280 6
482 3241 553 3305 pap.
573 3228 584 3285 t
603 3243 695 3309 seqq,
711 3226 782 3288 edit.
797 3231 882 3290 Rom.
901 3231 990 3291 ttot.

409 3300 450 3382 (ἢ)
465 3306 588 3366 Romani
612 3309 777 3370 cardinales
790 3311 821 3370 iu
837 3313 897 3372 suis
919 3313 1012 3373 titulis
1025 3331 1084 3373 non
1098 3321 1212 3374 motum
1226 3309 1440 3373 sacer-dotalem

368 3392 539 3460 potestatem
553 3391 737 3468 exercebant,
764 3411 867 3453 verum
891 3394 979 3454 etiem
992 3395 1124 3473 quaedam
1139 3395 1279 3476 gerebant
1292 3408 1439 3464 munera,

368 3482 434 3542 quae
456 3473 527 3528 tunc
546 3470 584 3529 ab
606 3473 746 3551 episeopis
768 3475 960 3554 gerebantur,
987 3477 1030 3536 uti
1053 3479 1213 3538 rectissime
1227 3471 1443 3536 animadvertit

368 3547 522 3610 cardinalis
534 3553 714 3614 Antonellius
727 3552 790 3616 loco
804 3575 872 3618 aton
886 3556 1024 3619 inducto.

408 3629 450 3712 (5)
478 3632 554 3694 Vide
577 3635 733 3697 indicatam
758 3637 989 3702 dissertationem
1016 3641 1109 3702 Caroli
1138 3640 1281 3714 Bromati,
1310 3645 1340 3697 et
1363 3637 1444 3703 vide

368 3731 507 3804 canonem
532 3715 645 3776 concilii
656 3719 779 3779 Romani
798 3739 865 3780 eoo.
884 3720 986 3783 teet.
1004 3724 1059 3797 ta,
1075 3739 1110 3782 ex
1132 3741 1190 3800 quo
1214 3729 1311 3801 patet,
1333 3719 1444 3797 plures

368 3795 456 3855 luisse
467 3797 628 3876 episcopos,
643 3801 694 3877 qui
713 3803 851 3862 Romane
865 3804 991 3865 ecclesie
1010 3803 1169 3865 cardinales
1183 3803 1247 3864 fieri
1259 3801 1441 3881 cupiebant,

366 3876 438 3938 adeo
449 3887 482 3938 ut
496 3887 595 3940 contra
610 3881 687 3958 ipsos
700 3899 815 3960 poenam
829 3885 1061 3947 etiom'indioere
1075 3887 1247 3965 oportuerit.

409 3959 451 4042 (t)
467 3963 562 4024 Vacua
584 3963 653 4024 sede
668 3965 829 4044 Apostolica
849 3975 969 4047 propter
993 3969 1107 4030 obitum
1127 3967 1245 4030 Fabiani
1270 3963 1442 4045 Pontificio,
