3122 5178
497 427 691 498 -75..

65 581 119 640 tice
135 579 298 659 discipline
314 593 436 652 nervos,
455 577 504 656 jus
523 595 632 638 novum
650 577 809 654 indictum,
825 575 994 658 perturbato
1009 578 1121 658 episco-

64 681 162 740 porum
178 671 210 722 et
229 660 451 740 provincialium
476 660 664 720 conciliorum
680 659 762 737 juro,
785 677 947 739 novumque
969 661 999 722 in
1019 659 1119 720 sedem

63 743 245 822 Apostolicsm
256 741 389 802 collatum
399 749 580 820 potcstotem.
594 742 665 817 Quis
677 759 735 802 non
748 741 899 822 intelligit,
909 761 997 822 quum
1012 742 1119 820 injusto

63 825 242 904 morehensio
251 825 301 900 sit,
313 842 381 884 cnm
396 823 523 886 Isidorus
536 823 595 884 suis
606 823 800 884 decretalibus
810 825 1064 903 comprehenderit
1071 823 1120 903 jus

64 907 95 966 ab
112 908 174 968 aliis
187 907 396 982 constitutum,
426 905 551 984 suljom
570 923 630 966 sue
651 907 743 966 etatis
764 925 847 968 more
865 915 894 968 et
912 907 1122 968 consuetudine

64 993 225 1068 receptum?
245 991 344 1064 Quare
362 1006 514 1067 perperam
538 995 566 1049 et
588 987 685 1048 minus
709 996 787 1048 recte
803 989 979 1050 &solurius
1001 1007 1120 1066 eorum,

63 1089 179 1148 quornm
194 1088 274 1130 nuno
290 1071 411 1130 memini
427 1069 609 1147 aliorumque
621 1069 692 1130 vesti
726 1071 750 1132 is
764 1071 899 1132 insistens
909 1071 939 1132 in
952 1069 1122 1132 Institutio-

64 1151 140 1213 nilmo
153 1152 401 1227 Iurisconsulti,
417 1171 488 1230 quus
502 1170 561 1212 non
572 1152 672 1212 multis
683 1089 722 1212 aii
732 1151 800 1213 hinc
813 1154 897 1213 nnnis
910 1153 1028 1232 Nenpoli
1038 1153 1121 1214 evul-

64 1237 150 1314 gnrit,
165 1236 197 1294 in
207 1231 370 1317 proleqom.
387 1253 454 1316 cap.
469 1236 502 1309 6,
516 1235 556 1294 itn
570 1234 694 1312 pertitus
708 1243 751 1294 est
766 1253 828 1294 rem
842 1236 1025 1311 cononicam,
1040 1243 1074 1296 ut
1084 1235 1121 1296 nb

63 1317 214 1378 isidoriano
227 1315 395 1376 collectione
408 1315 475 1376 novi
488 1315 563 1394 juris
574 1315 692 1376 initium
704 1324 826 1394 repetat.
841 1317 871 1378 Si
887 1335 994 1378 novum
1006 1335 1065 1378 uon
1077 1327 1121 1378 est

60 1398 103 1474 jus
112 1398 320 1473 lsidorinnum,
332 1398 405 1476 qnid
419 1397 467 1458 illu
482 1399 637 1476 partitione
651 1397 778 1476 ineptius
789 1398 846 1458 dici
862 1397 992 1478 fingique
1009 1403 1122 1477 potest?

63 1483 134 1540 l'ern
143 1481 233 1540 totius
243 1480 410 1558 reipartitio
422 1478 580 1561 est,utjns
591 1479 751 1562 antiquum
763 1479 1121 1554 conficiuntcollcctiones,

61 1581 124 1639 qnae
133 1579 216 1620 nune
225 1561 373 1639 sutiquntae
384 1571 469 1636 sunt,
482 1580 591 1622 uocum
601 1560 800 1638 collectiones,
812 1560 919 1640 quibus
931 1561 961 1620 in
976 1561 1081 1622 scholis
1093 1571 1123 1622 et

60 1645 91 1702 in
106 1643 172 1702 loro
187 1643 309 1718 utimur,
326 1643 519 1704 nouissimum
536 1643 712 1704 recentiores
729 1643 807 1725 leges
823 1643 1034 1720 ecclesiasticos,
1056 1663 1122 1723 qum

60 1733 127 1802 post
141 1724 206 1784 illas
216 1723 302 1784 editas
313 1725 494 1786 collectiones
506 1725 690 1804 prodierunt.
718 1727 722 1736 '

107 1841 138 1942 ς.
169 1840 302 1913 LXXll.
330 1843 445 1913 Plnrss
469 1843 589 1914 deinde
612 1857 757 1940 sequutae
789 1859 866 1912 snnt
898 1841 1119 1933 collectiones,

63 1967 194 2038 quarum
222 1966 289 2012 non
322 1942 436 2012 eadem
463 1941 634 2013 methodus
667 1943 814 2012 omnium
848 1940 921 2011 snit.
958 1939 1122 2036 Principio

63 2039 202 2111 collectio
220 2042 360 2109 occurrit
377 2065 453 2110 cum
470 2039 566 2110 titulo
588 2041 774 2113 canonum
787 2039 1097 2111 Poenitento'olium
1106 2093 1120 2127 ,

62 2141 147 2236 eujm
174 2141 317 2207 incertus
342 2156 390 2208 est
414 2155 543 2227 auctor,
570 2163 710 2236 qnaeque
733 2139 859 2207 tametsi
884 2133 972 2206 illam
998 2161 1066 2232 prae
1088 2163 1121 2206 se

63 2237 139 2306 serat
160 2237 421 2332 inscriptionem,
440 2252 548 2310 tomen
565 2263 635 2308 rem
652 2252 753 2308 totam
769 2233 1011 2306 ecclesiasticum
1028 2259 1122 2304 eorn-

63 2333 212 2430 plectitnr
232 2335 297 2429 (l).
327 2331 414 2405 Sunt
437 2337 534 2404 etium
561 2351 742 2406 memoratu
774 2333 883 2429 digne
916 2331 1121 2406 collectiones

63 2433 231 2527 Reginonis
253 2432 403 2503 monachi
423 2431 644 2522 Benedictini,
673 2435 729 2528 qni
757 2456 838 2528 opus
859 2429 962 2500 edidit
983 2431 1025 2502 nle
1047 2431 1121 2502 Eo·
1152 2479 1155 2488 -

62 2531 247 2602 nleeinrticn
284 2531 475 2629 disciplina
519 2543 553 2600 et
593 2533 773 2626 Reliytmw
809 2529 1006 2601 christiano
1044 2527 1120 2624 (2),-

64 2625 236 2698 Bnrchnrdi
274 2627 543 2718 Wormatiensis,
577 2631 668 2727 cnjus
701 2629 735 2696 iu
765 2625 913 2697 munibus
951 2625 1122 2696 hominnm

62 2741 200 2796 venatur
234 2751 407 2824 munuum
432 2727 647 2798 decretorum
679 2728 840 2796 uolumen
868 2725 943 2822 (5),·
976 2721 1121 2793 Ansclmi

63 2821 229 2912 Lucensis,
276 2827 328 2895 cni
371 2823 525 2914 tribuitur
563 2825 768 2896 authentico
815 2835 847 2893 et
883 2823 1123 2920 compendioso

63 2923 203 2994 collectio
231 2921 474 3019 Requlnrum,
504 2935 537 2994 et
569 2927 826 2994 sententiarum
859 2921 922 2992 SS.
963 2921 1122 2994 Putrem

63 3031 91 3087 et
115 3021 396 3092 authornbilium
419 3023 666 3108 conclamem,
690 3047 727 3090 so
750 3035 904 3116 praetereo
928 3017 1120 3116 opusculum

63 3139 94 3184 er
117 3117 268 3214 pluribus
291 3116 351 3190 SS.
380 3115 519 3188 Putruni
542 3119 693 3216 operibus
717 3133 904 3214 excerptum
926 3117 1002 3214 (4),
1033 3115 1122 3186 deni-

64 3241 120 3308 que
152 3215 259 3285 lvonis
289 3215 512 3307 carnotensis,
539 3219 596 3314 qni
622 3231 656 3285 et
680 3215 928 3314 Enoerptiomcc
952 3217 1122 3287 eccleciae-

66 3318 215 3386 ticonem
241 3315 448 3412 requlnmcm
472 3331 505 3384 et
521 3319 773 3412 pannomiam,
797 3311 847 3382 vel
864 3319 1122 3411 pmtnormo'nm

63 3411 216 3505 evulgavit
233 3411 299 3507 (5).
318 3409 404 3482 Sunt
420 3427 454 3482 et
470 3412 541 3501 ulii,
562 3415 724 3510 quisnam
742 3415 776 3482 in
793 3409 981 3507 colligendis
993 3413 1122 3482 cunoni·

63 3503 116 3577 bns
149 3535 284 3606 operum
323 3509 534 3607 studiumque
569 3525 768 3607 posuerunt,
807 3507 863 3580 sed
896 3507 937 3579 de
971 3509 1121 3580 omnibus

61 3603 162 3677 dicere
184 3607 321 3702 longum
349 3623 452 3697 essct,
485 3609 610 3708 etjam
636 3633 695 3679 nos
728 3607 826 3678 adse
857 3623 972 3679 vocent
1003 3607 1122 3680 collec-

58 3705 180 3792 tiones,
208 3705 328 3804 quibus
364 3731 475 3795 nunc,
502 3695 685 3803 'antiquatis
720 3703 964 3796 vetustioribus,
1005 3730 1121 3801 corpus

52 3801 133 3896 juris
167 3806 309 3874 cononici
332 3803 516 3876 conficitur.

93 3935 135 4016 (l)
158 3938 292 4000 Codicum
314 3938 413 4014 hunc,
438 3955 526 4015 quem
548 3937 668 4016 pridem⁴
685 3955 773 4000 msnu
795 3939 934 4017 scriptum
957 3937 1121 4014 inspexerat

56 4017 178 4080 losnncs
191 4021 341 4098 lloriuus,
360 4021 474 4099 primus
489 4019 519 4080 in
534 4019 628 4081 lucem
643 4021 740 4082 emisit
758 4023 847 4082 Lucos
861 4018 1003 4107 d'ilchery
1017 4012 1118 4098 spicit.

150 4126 225 4174 run.
253 4127 277 4174 1.
998 4097 1021 4166 4
