3164 5174
529 367 748 439 ...289-

121 517 225 590 vinculo
260 517 447 613 regularum
477 517 687 592 cancellarios.
718 519 841 591 Verum
859 535 895 590 ut
924 523 959 592 in
985 521 1049 592 suis
1083 523 1171 594 titu-

120 617 151 686 lis
170 634 259 713 atque
283 615 523 714 episcopatibus
552 613 779 690 iuburbicariis
809 619 956 690 conferre
978 621 987 688 i
1027 623 1038 688 i
1063 619 1169 690 bene·

120 713 176 787 licia
202 716 343 812 possint,
369 717 406 785 in
440 717 528 786 ouria
553 715 699 789 Romana
718 719 911 788 commorari
942 717 1065 790 dcent
1094 717 1166 815 (ὅ),
1259 729 1261 733 ’

121 816 252 909 quoniam
283 814 433 885 absentes
472 835 510 884 oo
540 813 611 886 'ure
639 829 771 904 carent,
808 817 870 886 nisi
900 814 982 886 illud
1015 815 1171 912 peculiari

122 910 258 983 basico
282 914 402 982 summi
431 839 599 983 Pontiiicie
630 915 875 1010 impetraverint
899 914 966 1010 (4).
1000 913 1039 984 ln
1068 913 1173 986 tribus

123 1025 213 1080 ratem
238 1009 380 1081 basilicis
400 1012 502 1082 sandi
530 1009 664 1082 Josnnis
688 1012 930 1102 Lateranensis,
953 1015 1055 1084 suncti
1081 1013 1173 1084 Petri

121 1107 148 1176 in
161 1106 326 1198 Vafioano,
344 1121 379 1179 ct
404 1124 524 1180 sancte
544 1109 654 1182 Marito
677 1113 827 1210 majoris,
876 1135 925 1181 uae
955 1114 1041 1182 inter
1064 1110 1173 1182 cerdi-

123 1203 226 1276 nalium
247 1205 360 1278 titulos
378 1207 514 1306 minime
535 1225 766 1300 recensentur,
792 1137 972 1281 osriinales
989 1209 1173 1308 archipres-

121 1300 211 1400 byteri
242 1307 367 1376 minora
398 1305 574 1377 conferunt
608 1305 785 1398 beneficia,
819 1309 945 1378 etiamsi
975 1307 1124 1379 absentes
1155 1335 1173 1377 a

121 1403 196 1472 curia
210 1405 412 1500 reperiantur
428 1403 496 1501 (5).

157 1585 196 1666 (ll
214 1588 369 1665 lodultuor,
393 1589 473 1667 quod
493 1591 617 1672 singulis
640 1589 838 1654 cardinalibus
864 1609 1014 1652 asummo
1035 1589 1176 1652 Pontilicc

123 1667 181 1728 dari
199 1669 277 1746 solet,
291 1671 349 1731 late
364 1671 489 1752 explicet
507 1673 661 1756 {ligantias
674 1671 716 1736 od
733 1671 829 1757 repul.
852 1675 871 1734 8
889 1669 1011 1736 cancell.
1031 1670 1057 1758 §.
1081 1673 1095 1732 l
1112 1671 1175 1754 scre

187 1757 232 1811 tot.

123 1769 196 1912 mii)
214 1835 397 1915 Excipiuotur
418 1835 542 1916 majores
564 1835 720 1918 dignitates
741 1838 773 1898 in
797 1835 1032 1913 cathedralibus,
1048 1843 1079 1896 et
1092 1837 1175 1915 prin-

418 1918 1176 2081 concitatiores*oar

122 2077 222 2158 ligant
240 2080 279 2144 od
292 2079 388 2165 repul.
407 2085 421 2144 l
442 2079 565 2146 cuoccll.
584 2081 610 2164 §.
631 2086 754 2146 taam.
775 2085 814 2146 lb
832 2091 861 2146 ct
879 2101 959 2168 sep,
978 2079 1021 2144 od
1039 2077 1133 2164 requi.
1157 2085 1176 2144 l

121 2157 143 2238 3.
159 2164 171 2221 l
188 2182 265 2226 oum.
283 2166 322 2226 58
334 2173 362 2226 et
371 2163 399 2246 3.
415 2165 529 2228 doum.
546 2167 586 2226 rt
601 2171 630 2226 ct
641 2183 703 2248 seq.

153 2241 190 2322 (5)
210 2245 283 2308 Vide
305 2247 424 2326 Rigant.
442 2245 483 2308 cd
498 2243 592 2332 repul.
618 2249 637 2308 8
656 2241 779 2308 cancell.
801 2243 829 2330 3.
851 2247 864 2308 l
891 2267 976 2310 oum.
996 2246 1036 2310 sl
1054 2253 1082 2306 et
1098 2263 1173 2329 sep,

120 2329 142 2382 et
154 2345 231 2388 oum.
249 2331 309 2390 tlt
328 2337 357 2389 et
371 2347 450 2412 sep,
470 2329 520 2389 ubi
539 2327 718 2404 ostenditur,
732 2347 798 2408 quoe
811 2331 929 2408 proprie
947 2329 1027 2390 curia
1047 2331 1176 2389 Romana

120 2406 164 2480 sit,
183 2410 211 2470 in
230 2430 287 2489 qua
312 2410 469 2471 cardinalis
489 2411 661 2473 commorari
689 2409 792 2486 debet,
808 2419 841 2470 ut
856 2411 996 2474 beneficia
1025 2409 1173 2484 conferat,

119 2505 172 2565 que
181 2491 209 2550 in
219 2511 271 2554 suo
282 2493 386 2568 titulo,
401 2502 453 2553 aut
465 2493 630 2572 episcopatu
644 2493 847 2554 suburbicaria
858 2513 947 2554 vacua
961 2493 1048 2552 liunt.

136 2570 186 2661 1(4)
205 2573 346 2650 Quaedam
372 2574 461 2654 hujus
484 2577 600 2656 gennis
626 2575 758 2654 exempla
782 2583 918 2636 numerat
945 2573 1098 2655 {ligantias
1117 2569 1173 2632 loc.

120 2659 160 2710 ot.
174 2673 253 2716 cam.
272 2659 346 2718 ltu.

150 2734 187 2816 (i)
206 2739 282 2799 Vide
305 2739 341 2800 lti
379 2745 424 2798 nt.
445 2735 499 2800 loc.
521 2741 603 2800 citat.
624 2759 708 2801 num.
731 2740 769 2800 57
788 2745 816 2800 ot
841 2755 900 2820 seq.
926 2739 1037 2798 Verum
1062 2735 1176 2798 collatio

117 2815 246 2880 minorum
261 2821 340 2881 bene
362 2821 475 2880 ciorum
491 2821 521 2881 in
542 2821 637 2884 tribus
652 2821 735 2882 urbis
762 2819 889 2882 Basilicis
912 2820 1040 2900 pertinet
1069 2819 1174 2891 etiam,

119 2898 152 2958 uti
176 2899 321 2978 diximus,
346 2900 383 2961 ad
405 2902 545 2982 capituls3
571 2922 629 2983 qua
651 2904 688 2965 de
710 2920 744 2964 re
767 2901 912 2964 vidcndus
937 2903 999 2982 ipsc
1024 2900 1176 2982 lligsntius

117 2973 161 3040 loc.
173 2983 219 3043 cit.
236 3003 325 3047 nom.
342 2986 380 3045 ts
393 3001 456 3068 seq.

153 3158 180 3259 §-
216 3163 330 3236 XLV.
373 3163 533 3255 Collatio,
571 3167 636 3236 sire
677 3164 719 3236 ab
759 3167 910 3263 episcopo
938 3162 1017 3253 liat,
1052 3165 1116 3233 sive
1156 3189 1174 3233 u

117 3281 227 3334 summo
264 3261 430 3335 Pontifice
470 3266 534 3334 sive
578 3263 619 3333 ab
651 3265 720 3362 ejus
750 3262 856 3357 legato
894 3279 951 3333 ant
998 3261 1172 3351 cardinali,

117 3380 172 3426 non
205 3363 277 3430 vira
318 3386 416 3452 voce,
450 3361 506 3431 aad
548 3363 667 3458 scripto
694 3362 766 3433 fieri
807 3360 916 3433 debet.
943 3359 1095 3431 Pontifex
1118 3359 1174 3430 dut

116 3449 301 3549 diplomata,
342 3479 429 3556 quae*
446 3458 547 3530 bullae
579 3458 753 3550 dicuntur,
794 3484 936 3628 ‹ppaeque
964 3484 982 3527 a
1024 3457 1173 3554 pluribus

116 3549 233 3628 dotariae
273 3573 310 3628 et
349 3557 546 3629 cancellarie
589 3559 743 3629 ministris
784 3559 1006 3653 osigncntur.
1053 3556 1174 3626 Earum

113 3647 173 3723 alite
197 3653 357 3726 dicuntur
390 3661 432 3727 irc
458 3657 578 3750 sorum
608 3661 786 3753 protc'osa,
816 3655 886 3726 alise
908 3660 949 3726 cic
973 3655 1093 3749 fornm
1115 3654 1174 3724 da·-

112 3773 234 3840 yoom,
265 3753 340 3825 alise
367 3753 500 3824 demum
538 3759 577 3825 io
608 3755 726 3848 formo
757 3757 1008 3826 commissor-io.
1040 3749 1174 3820 Litterae

113 3849 146 3914 in
162 3850 283 3942 form
304 3857 463 3950 pretiosa
486 3850 606 3922 dantur
622 3851 663 3922 sd
680 3851 853 3941 clericum,
882 3853 939 3948 qui
956 3851 1005 3920 sui
1031 3849 1173 3942 episcopi

115 3943 245 4019 exhibito
268 3951 457 4021 testimonio
489 3947 683 4022 beneficium
721 3949 883 4039 obtinuit,
922 3971 1050 4112 eroque¹
1058 3969 1172 4112 5veram

202 4070 282 4117 τοι.
317 4073 340 4118 1.
