3122 5178
568 443 763 512 -65-

120 591 298 654 vocobulum
311 591 504 670 usurpabant.
531 592 608 668 Quin
627 593 714 654 etism
731 601 760 654 et
784 593 988 674 chorepiscopi
1004 611 1072 654 cum
1087 591 1190 654 eodem

122 675 287 735 utebantur
300 675 435 750 nomine,
451 673 598 735 addebant
620 684 649 736 et
667 675 839 756 dignitatem
853 695 950 752 susm,
967 693 1020 754 per
1033 693 1120 754 quom
1135 675 1197 738 dis-

121 755 352 836 tinguebantur,
367 757 410 818 uti
425 775 461 816 ex
481 756 600 836 epistole
625 757 756 839 Thegnni
778 757 981 838 chorepiscopi
996 763 999 770 “
1014 757 1195 819 Trevirensis

120 839 157 899 nd
174 841 338 899 liudonem
352 839 414 916 ipse
425 837 541 898 Blnseus
559 839 697 900 ostendit.
713 843 825 904 Nomen
845 839 901 901 hoc
919 842 1014 920 potius
1036 837 1194 904 lllouscho·

121 939 194 980 rum
210 921 363 998 proprium
376 927 454 994 eret,
471 923 538 980 etsi
562 929 674 981 certum
687 929 762 982 esset
777 921 922 984 isidorum
944 921 1040 1001 potius
1054 923 1196 982 Peccato-

123 1001 180 1078 ris,
194 1019 284 1080 quem
295 1001 473 1063 Mercatore
484 1007 590 1064 nomen
604 1021 664 1080 pres
674 1023 706 1065 se
715 1004 828 1078 tulisse,
854 1003 923 1064 inde
935 1003 1019 1064 educi
1031 1003 1194 1083 conjecturs
1326 1033 1330 1042 ·
1358 993 1365 1010 ⁸

122 1084 484 1163 possst,quod1sidoros
506 1083 662 1154 llonochus
682 1087 728 1146 vel
752 1087 917 1161 luerit„vel
939 1085 1064 1146 voluerit
1087 1085 1192 1146 videri.

124 1165 185 1227 Sed
209 1167 384 1245 perdifficile
403 1165 493 1228 estid
513 1167 713 1228 ostenderced
730 1169 899 1244 veritatem
923 1167 1020 1246 potius
1033 1167 1093 1245 ipss
1103 1156 1206 1242 rstic,'

123 1249 305 1324 quaeorrmis
327 1251 389 1310 iere
403 1249 434 1310 in
453 1267 487 1308 ec
507 1257 552 1309 est
566 1249 675 1328 posits,
696 1257 729 1309 ut
752 1251 892 1329 episcopis
908 1249 1145 1323 consulet,‘etsb
1158 1249 1194 1310 iis

123 1339 225 1390 ment
234 1333 440 1403 eccrrsstinnes,
452 1331 578 1408 uliqunm
593 1329 772 1409 probabilem
785 1331 871 1393 effert
885 1331 1092 1409 coniecturum,
1105 1349 1195 1410 prop·

124 1419 173 1471 ter
185 1431 276 1488 quem
289 1431 321 1474 cu
334 1413 464 1474 collectio
477 1413 561 1472 elicui
575 1413 699 1492 episcopi
715 1414 871 1474 tribuendo
888 1412 1032 1472 videntur.

169 1491 217 1572 (ἢ)
238 1495 390 1555 Recentius
412 1503 650 1570 monumentum,
663 1495 744 1572 quod
765 1495 925 1556 lsidorinnu
939 1493 1107 1555 collectione
1119 1511 1195 1554 com·

125 1573 339 1652 prehenditur,
353 1585 396 1636 est
417 1577 572 1636 concilium
595 1577 757 1638 Porisiense
768 1577 838 1636 anni
860 1577 937 1651 8293
958 1593 1048 1654 quere
1061 1583 1129 1635 unte
1142 1573 1197 1636 hoe

126 1663 255 1732 tempus
268 1657 314 1717 illo
327 1658 468 1719 editnnon
490 1659 616 1718 videtur.
645 1661 720 1720 Sunt
735 1659 786 1737 qui
802 1677 866 1718 com
889 1658 982 1718 serios
1002 1655 1143 1736 prodiisse
1153 1675 1196 1716 sn

128 1736 301 1813 bitrentur,
323 1741 459 1801 nimirum
480 1742 555 1801 circs
568 1749 700 1818 ternpus,
715 1759 774 1820 quo
792 1739 965 1802 Benedictus
977 1739 1072 1801 Lenito
1084 1738 1197 1818 cupitu-

126 1817 244 1878 lnrium
257 1820 343 1882 libros
355 1823 501 1904 vulgavit,
521 1821 577 1883 hoc
597 1829 641 1885 est
654 1823 729 1883 ciros
750 1841 860 1884 snnum
885 1823 963 1896 ets,
979 1829 1009 1882 et
1023 1820 1089 1880 idco
1102 1821 1197 1900 prims

125 1900 272 1962 iubarum
284 1904 469 1965 decretalium
482 1905 592 1965 mentio
616 1912 660 1964 eet
671 1905 701 1964 in
719 1905 830 1984 synodo
847 1905 989 1968 cerisiaco
1001 1899 1085 1984 opud
1098 1900 1196 1964 Bolu-

126 1982 215 2044 cosm
236 1983 271 2044 in
294 1984 459 2068 Copdulnr.
485 1989 555 2068 ilep.
569 1989 693 2062 Fraus„
716 1995 786 2046 tom.
809 1983 897 2052 ficol.
924 1987 974 2062 62,
1002 1983 1074 2046 edit.
1094 1985 1192 2045 Venet.

125 2085 180 2126 css.
198 2066 289 2128 1⁷73.
315 2068 442 2130 videndi
463 2077 533 2129 sunt
551 2068 657 2128 tratres
682 2068 829 2130 llollerinii
853 2069 886 2128 io
908 2067 959 2128 cit.
979 2063 1106 2148 append.
1124 2083 1192 2148 opp.

126 2149 160 2208 S.
189 2148 298 2210 Leones
313 2169 385 2230 por.
411 2153 441 2227 ὅ,
456 2169 524 2232 cop.
538 2153 557 2212 6
573 2147 599 2230 §-
613 2151 633 2210 i
645 2162 716 2232 pop.
733 2151 792 2211 222
812 2168 908 2293 senff
934 2149 1052 2212 &nolus
1080 2147 1195 2210 llloscus

126 2238 287 2290 comment.
306 2231 356 2293 cit.
381 2230 416 2294 de
429 2229 540 2294 collect.
556 2249 706 2292 meorum
728 2231 841 2294 Isidori
886 2229 1043 2304 erector-inp
1065 2230 1196 2291 chusrin

126 2310 356 2388 medion,
377 2323 448 2376 tom.
475 2317 495 2375 2
518 2312 635 2375 desert.
661 2313 765 2396 osup.
792 2315 811 2375 5
837 2331 913 2410 sep-‚-
935 2313 979 2376 Cl.
1001 2311 1141 2374 Arevclus
1162 2309 1196 2373 in

127 2411 202 2474 opp.
215 2395 249 2454 S.
278 2393 392 2458 Isidori
415 2391 602 2479 Hispalensis
625 2402 696 2456 tom.
719 2397 755 2473 2,-
769 2393 930 2458 Isidoroou.
957 2413 1025 2478 por.
1043 2395 1143 2474 dccp.
1156 2394 1191 2457 ot

124 2473 153 2554 S.
166 2477 190 2535 i
202 2494 276 2558 pup.
292 2479 352 2538 202
368 2497 441 2562 seq,
457 2476 529 2540 edit.
551 2479 651 2538 ticum
673 2479 762 2539 1797.
776 2479 879 2542 Nullus
901 2477 987 2556 plene
1004 2475 1196 2538 videturesse

126 2556 285 2618 dubtondt
300 2560 391 2636 locus,
408 2561 481 2639 quin
504 2560 568 2622 hec
580 2557 709 2620 collectio
725 2561 853 2640 primum
866 2559 1024 2640 moguntie
1036 2556 1194 2636 prodierit,

126 2646 158 2698 et
168 2639 266 2700 uocis
276 2641 346 2702 viris
358 2643 506 2721 plerisque
522 2658 691 2723 persuesum
710 2649 754 2703 est
768 2642 830 2720 ejus
841 2649 988 2702 auctorem
1003 2639 1091 2702 inisse
1104 2637 1197 2702 homi·

127 2739 201 2780 nem
223 2723 537 2802 Germanolirsncum,
551 2740 619 2785 cum
638 2723 816 2785 Frnncorum
838 2721 956 2804 regibus
970 2740 1007 2782 ex
1021 2719 1111 2781 vetui
1127 2723 1196 2782 Gel-

126 2802 237 2863 lisrum
251 2803 445 2885 descriptione
459 2805 613 2869 Germanis
633 2805 838 2886 subjiceretur.
863 2804 921 2866 Sed
975 2803 1000 2863 is
1020 2802 1070 2864 hic
1089 2801 1195 2880 inerit,

129 2885 280 2946 inemtum
294 2895 348 2948 est.
362 2889 406 2951 Cl.
423 2889 542 2950 &nolus
563 2889 600 2949 de
613 2885 641 2946 ln
654 2891 744 2950 semo
766 2885 928 2950 Sontnnder
970 2903 996 2946 c.
1010 2884 1059 2946 cit.
1073 2899 1145 2965 pap.
1159 2887 1198 2948 69

128 2965 155 3048 3.
170 2970 191 3028 o
206 2976 301 3046 putat,
327 2988 362 3030 ex
377 2989 445 3030 vers
459 2971 562 3032 isidori
577 2967 752 3050 llispolensis
765 2968 933 3031 collectione
946 2985 1029 3028 suom
1042 2963 1199 3030 coniecisse

128 3049 279 3110 isidorum
302 3054 507 3130 ltercetorcm,
532 3071 602 3114 vers
624 3052 673 3113 ills
698 3057 834 3132 corrupte
866 3057 896 3110 et
922 3049 1088 3130 deprnvots,
1115 3047 1200 3112 oddi-

130 3131 229 3210 tisque
253 3135 451 3194 monumentis
471 3153 529 3196 non
551 3133 608 3194 illis
621 3133 740 3214 quid·
766 3133 852 3213 plene
874 3131 1036 3209 loisis,sed
1054 3128 1126 3192 inlso
1147 3133 1199 3194 od·

131 3214 249 3292 scriptis
264 3215 465 3294 Pontificibus,
487 3235 612 3295 quorum
634 3233 736 3276 revere
748 3233 807 3277 nou
825 3223 912 3291 sunt3
928 3213 1016 3292 idque
1027 3233 1043 3274 u
1056 3211 1200 3294 Riculpho

130 3295 304 3375 linguntino
320 3298 464 3378 episeopo,
479 3299 524 3360 rel
547 3299 609 3378 ejus
627 3297 798 3359 auctoritate
812 3299 920 3358 iustum
939 3296 1095 3358 existimet.
1110 3297 1199 3375 liqui-

132 3375 203 3436 dem
223 3395 283 3437 non
297 3378 415 3454 dubito,
438 3382 510 3458 quin
522 3379 632 3442 fundus
656 3379 743 3457 hujus
769 3379 944 3440 collectionis
965 3377 1055 3438 luerit
1068 3397 1135 3442 voro
1147 3423 1155 3454 ,
1169 3387 1200 3439 et

132 3457 229 3518 omnis
240 3459 374 3522 falsitatis
387 3481 490 3542 expers
511 3463 641 3525 collectio
655 3461 758 3523 lsidori
771 3459 962 3540 Hispalensis,
986 3479 1073 3538 quam
1088 3465 1199 3524 liencu-

134 3548 192 3616 tor,
213 3557 265 3601 seu
277 3545 413 3604 Pecmtor
432 3544 552 3605 loeduvit
572 3553 615 3606 tot
635 3543 714 3604 islsis
735 3544 946 3618 monumentis,
959 3543 1038 3602 unde
1052 3562 1125 3604 nove
1139 3541 1200 3602 ool-

133 3619 218 3683 lcetio
236 3625 311 3685 iectu
326 3633 380 3685 est.
396 3625 454 3688 Sed
467 3643 570 3705 opusc
593 3625 738 3705 llionlpho
748 3625 898 3686 conditum
922 3631 1009 3703 etque
1031 3627 1197 3708 vulgatum,

134 3704 324 3766 vehementer
338 3725 422 3787 nego.
439 3711 467 3770 ls
490 3708 569 3769 enim
589 3727 625 3769 ex
646 3708 700 3768 hoc
713 3709 772 3768 vito
797 3706 932 3788 migravit
943 3725 991 3766 un.
1007 3708 1085 3783 tlt,
1099 3715 1199 3766 contro

136 3789 167 3846 in
181 3789 340 3850 isidoriana
360 3789 528 3851 collectione
548 3789 677 3872 epistole
691 3789 824 3868 quendum
839 3785 925 3866 sunt,
954 3789 997 3847 uti
1013 3788 1122 3850 Urboni
1138 3789 1149 3846 l
1171 3793 1201 3846 et

136 3871 253 3932 ioannis
270 3875 326 3946 lll,
338 3871 444 3950 quibus
455 3871 582 3933 isidorus
593 3873 716 3932 inscruit
729 3871 765 3931 od
787 3871 910 3932 verbum
922 3871 1078 3931 sententies
1090 3869 1200 3944 aliquot

136 3953 248 4014 concilii
264 3955 434 4014 Porisiensis
447 3953 538 4014 habiti
552 3974 600 4016 nn.
617 3955 693 4030 8293
708 3953 786 4012 unde
798 3953 1005 4032 intelligimus,
1022 3949 1199 4028 Rieulphum

136 4034 223 4116 linitus
236 4035 414 4097 collectionis
427 4045 574 4098 auctorem
589 4037 691 4098 heberi
705 4053 763 4097 non
774 4053 867 4114 posse.
876 4035 906 4098 Si
919 4033 950 4094 in
959 4051 992 4094 re
1004 4039 1063 4093 tsm
1077 4029 1199 4092 obscuro
