3142 5188
832 519 881 534 -
906 475 1054 548 586-

453 627 483 728 S.
517 626 577 700 VI.
610 626 677 700 Sed
699 626 842 726 reliquos
869 623 938 700 dies
961 624 1058 697 festos
1081 626 1224 720 integros
1239 623 1309 694 Deo
1335 637 1369 694 et
1392 621 1473 694 reli·

320 735 323 742 '
404 727 492 822 gioni
520 728 665 798 tribuere
691 741 842 825 oportet,
869 750 972 824 enque
1007 739 1073 815 ert,
1104 747 1180 822 que
1217 721 1338 794 dicitur
1373 721 1473 793 lesto-

404 849 478 894 rum
508 823 736 916 sunetifieotio,
768 850 845 924 quae
877 827 912 896 in
933 849 973 896 eo
1002 838 1051 894 est
1078 824 1198 920 posite,
1229 835 1365 892 utnon
1397 835 1472 892 un-

404 937 476 992 tum
503 940 703 996 sacrosancto
734 923 840 996 Missae
869 921 1026 994 sacrificio
1055 935 1231 1020 presentes
1258 921 1379 1008 simus,
1420 919 1472 990 sed

405 1024 503 1092 etiam
528 1021 616 1094 diem
639 1025 676 1092 in
697 1021 813 1094 divinis
834 1020 1004 1110 laudibus,
1028 1023 1062 1090 in
1117 1019 1263 1110 reeibus,
1296 1021 1333 1088 iu
1362 1023 1470 1090 ceteris

404 1118 568 1215 religionis
593 1123 708 1192 officiis
738 1122 951 1216 transigemus
983 1119 1049 1216 (l).
1077 1046 1209 1190 bustum
1238 1117 1326 1188 enim
1356 1133 1405 1187 est
1439 1145 1472 1190 ee

404 1221 523 1290 rationi
555 1235 831 1308 eonsentoneum,
866 1217 955 1316 quod
982 1219 1072 1288 rroui
1104 1217 1238 1315 reliquis
1266 1217 1351 1286 euris
1380 1233 1473 1314 atque

406 1319 565 1412 negotiis,
607 1335 712 1390 oertos
735 1316 894 1414 quosdam
922 1317 991 1389 dies
1034 1315 1229 1404 babeamus,
1273 1339 1356 1412 quos
1394 1331 1473 1387 totos

407 1413 521 1489 divino
544 1415 647 1488 cultui
667 1415 868 1507 tribuemus,
901 1415 1074 1512 Deumque
1101 1411 1343 1503 immortalem,
1365 1439 1384 1483 n
1411 1439 1472 1512 quo

407 1534 534 1586 summu
570 1531 605 1586 et
626 1513 878 1586 innumerabilia
917 1514 1076 1586 beneficia
1101 1515 1302 1610 nooepinrus,
1339 1537 1473 1610 eognos-

407 1635 534 1703 osmus,
568 1611 710 1685 uolumus
738 1637 775 1684 ne
802 1639 1009 1686 veneremur.
1043 1609 1078 1682 Si
1109 1613 1198 1682 enim
1231 1611 1380 1710 jussisset
1421 1636 1475 1682 uos

408 1710 554 1805 quotidie
599 1711 763 1808 religionis
809 1711 934 1782 oultum
974 1711 1033 1782 sibi
1065 1709 1230 1800 tribuere,
1266 1735 1379 1782 nonne
1420 1735 1475 1806 pro

406 1809 606 1900 innumeris,
643 1809 762 1908 quibus
793 1811 835 1880 ub
866 1835 905 1882 eo
935 1807 1092 1882 oumuluti
1128 1833 1258 1898 sumus,
1292 1807 1474 1895 benefieiis,

408 1909 499 1978 omni
521 1932 584 2004 ope
610 1923 644 1978 et
667 1933 763 2006 opere
791 1911 871 1979 eniti
903 1935 962 1981 noo
987 1923 1174 2006 oporteret,
1206 1923 1244 1976 ut
1271 1911 1300 1978 ei
1327 1927 1477 2005 prompto

408 2003 569 2104 alacrique
592 2008 702 2077 animo
726 2007 937 2104 pareremus?
963 2007 1060 2080 Nune
1088 2029 1165 2078 rero
1191 2009 1302 2102 poueis
1332 2005 1373 2075 sd
1413 2009 1477 2104 ejus

410 2103 534 2173 cultum
567 2105 722 2175 institutis
761 2103 895 2194 diebus,
925 2131 993 2178 non
1028 2103 1177 2176 sooordeo
1205 2121 1239 2174 et
1284 2104 1476 2200 negligente

409 2224 468 2270 nos
495 2227 561 2274 esse
582 2219 712 2299 oportet
738 2205 775 2273 in
802 2203 864 2275 hoo
898 2202 1007 2276 officio
1031 2202 1266 2300 persolvendo,
1300 2203 1389 2300 quod
1415 2205 1476 2273 sine

409 2301 592 2391 gravissima
606 2301 702 2400 eulpu
721 2305 970 2398 pretermittere
990 2328 1059 2374 non
1074 2327 1247 2398 possumus
1265 2301 1334 2399 (2).

452 2497 494 2580 (l)
509 2497 627 2562 Coteeb.
640 2502 726 2562 Rom.
739 2519 812 2583 por.
825 2501 843 2561 3
855 2518 947 2582 pree.
965 2502 1021 2562 5ο.
1035 2502 1055 2562 l
1067 2499 1094 2582 S.
1107 2501 1160 2564 25.
1173 2498 1215 2580 (ἢ)
1229 2497 1306 2564 ruit.
1322 2497 1350 2581 S.
1364 2499 1418 2562 26.

415 2677 1157 2870 orl‹liotiVIslinllaqblirisliuriiieballislinilriilrib}tl
1171 2680 1477 2868 οἳῑωαίζοοιὶῗὶῗζεῃζ

416 2903 492 2974 quae
524 2881 669 2948 animum
693 2875 803 2949 olleo
835 2877 1046 2969 abstrahunt,
1082 2903 1223 2976 quaeque
1250 2877 1479 2976 impedimento

417 2993 511 3064 suut,
539 2977 715 3074 quominus
754 2977 814 3074 ipsi
842 2974 884 3046 od
919 2975 1065 3048 eeclesias
1092 2979 1287 3048 conveniant
1328 2977 1480 3074 rebusque

416 3073 580 3169 religionis
611 3077 758 3146 animum
793 3071 985 3174 adjungent.
1027 3075 1113 3145 Hine
1148 3077 1247 3146 vetite
1278 3091 1359 3146 sunt
1394 3100 1480 3173 open

417 3171 564 3260 servilio,
599 3197 674 3269 quae
707 3171 787 3244 olim
813 3173 901 3269 epod
934 3173 1097 3244 Romanos
1123 3175 1305 3270 praesertim
1338 3199 1356 3243 n
1394 3176 1481 3244 serris

420 3271 637 3366 gerebantur,
661 3285 695 3340 et
722 3269 796 3342 ideo
825 3269 949 3341 servilia
979 3270 1134 3342 dicuntur
1156 3270 1223 3368 (l).
1248 3270 1407 3343 Similiter
1430 3297 1483 3344 ne-
1567 3263 1568 3270 ἵ

421 3371 466 3439 fas
511 3384 559 3440 est
596 3395 692 3464 egere
721 3385 881 3440 mercatus
929 3395 1039 3440 rerum
1081 3367 1259 3458 venalium,
1317 3395 1483 3468 numquam

422 3465 579 3538 nundine
601 3465 700 3564 longo
732 3494 790 3540 usu
820 3482 958 3563 recepte
994 3493 1071 3538 eum
1111 3471 1205 3539 certis
1238 3395 1366 3563 legibus
1406 3465 1484 3540 tole-

423 3581 538 3636 rentur
565 3565 643 3662 (2);
668 3580 702 3636 et
732 3565 822 3636 nefas
856 3565 1021 3664 judicialia
1055 3582 1124 3638 neta
1161 3591 1331 3657 ereroere,
1358 3591 1433 3664 que
1463 3567 1485 3635 si

424 3679 511 3759 gesto
552 3664 674 3736 suerint
703 3663 755 3736 die
779 3663 879 3754 sesto,
921 3665 1009 3734 irritu
1034 3680 1112 3734 sunt
1140 3664 1207 3764 (5).
1242 3663 1391 3760 Urgente
1418 3687 1485 3735 vero

425 3765 632 3853 necessitate,
680 3761 780 3833 veluti
803 3765 828 3832 si
863 3761 969 3858 fruges
996 3763 1121 3858 ingenti
1166 3761 1311 3860 periculo
1345 3763 1485 3846 subsint,
1565 3743 1566 3808 l

426 3877 481 3931 aut
509 3861 662 3957 preclaro
689 3863 730 3932 sit
752 3863 873 3932 occasio
905 3859 1070 3956 piscandi,
1103 3887 1178 3960 quae
1209 3861 1271 3934 ulio
1301 3859 1355 3932 die
1384 3859 1486 3934 heberi

427 3983 495 4028 non
536 3961 657 4055 possit,
690 3961 858 4058 episcopus
884 3958 1028 4030 metendi
1056 3977 1090 4032 et
1125 3959 1268 4057 piscandi
1294 3959 1412 4032 tribuit
1443 3957 1486 4028 lr-

428 4056 581 4128 eultutem
599 4059 666 4157 (4).
