3164 5174
564 465 842 552 ..ana-..¹

142 641 217 688 eum
240 641 338 688 omna
359 615 501 686 amiserit
513 615 570 712 jus
592 617 628 684 in
645 611 820 704 beneficio,
871 638 913 685 uc
938 639 972 684 se
996 613 1155 687 abdicavit
1171 635 1204 690 et

141 713 232 813 quud
261 717 411 787 nonnisi
428 737 510 784 nova
525 713 702 802 electione,
733 727 789 783 aut
818 737 856 784 cc
900 714 988 785 tione
1014 733 1204 812 recuperem

142 811 327 910 potest(5).
962 891 966 896 ,

179 959 222 1042 (Ι)
245 957 336 1024 Clam.
350 981 404 1023 un.
418 958 454 1022 dc
466 961 538 1022 lien.
554 959 595 1042 (Ξ)
612 963 685 1042 Cap.
699 961 717 1020 5
730 957 765 1022 de
779 925 851 1020 lien
866 957 907 1042 (5)
924 933 996 1044 Cap.
1011 959 1105 1022 laud.

516 1567 726 1656 storto
759 1567 820 1654 ll.

559 1791 594 1856 lle
615 1791 789 1856 lunslaticne.

137 2167 193 2218 111.
205 2166 380 2218 Tnnslaticnis
390 2165 508 2220 definitio.
708 2165 770 2218 xlv.
781 2165 956 2233 Episcnpcmm
967 2165 1137 2217 translationes
1149 2166 1202 2216 sina

137 2233 205 2286 1111.
215 2233 395 2286 Tnnalatinnas
410 2233 463 2286 sias
475 2235 541 2300 lauta
556 2249 629 2288 tauta
728 2229 871 2284 auantiae
881 2233 907 2284 S.
919 2233 992 2284 Punt.
1004 2231 1056 2284 fleri
1067 2243 1200 2299 nequeunt.

207 2299 294 2350 tetitae.
708 2297 759 2348 XV.
768 2297 842 2350 lustae
854 2297 1020 2350 translationis
1031 2313 1118 2350 cauaae.

606 2441 636 2542 a.
665 2441 743 2514 xn.

190 2616 390 2688 Tunetunc
403 2631 451 2688 cst
476 2615 593 2688 modus
614 2615 713 2706 alten,
741 2641 807 2714 quo
823 2615 988 2686 voluntate
1013 2627 1122 2684 nostra
1142 2613 1205 2684 be·

137 2713 296 2786 aeficium
338 2717 526 2786 amittimus.
572 2715 735 2788 Definitur
766 2711 965 2784 ecclesiastici
1003 2711 1205 2808 magistratus

138 2813 182 2884 de
198 2813 313 2884 unuin
328 2811 422 2883 aliam
438 2811 600 2884 ecclesiam
617 2811 698 2883 sacta
713 2811 862 2883 mutatio.

189 2909 221 3012 ς.
249 2909 348 2982 XllI.
387 2911 618 3008 Episcopcrum
647 2911 889 2998 translationes,
920 2907 1010 3004 quasi
1041 2906 1205 3003 spirituale

139 3008 358 3098 adulterium,
386 3009 573 3106 improbant
599 3011 724 3106 antiqui
750 3031 888 3079 canones
904 3005 979 3100 (1);
999 3001 1056 3075 sed
1077 3003 1140 3076 hoc
1162 3007 1206 3076 ita

139 3105 394 3202 intelligendum
416 3125 477 3197 est,
499 3109 560 3178 nisi
577 3107 665 3204 justa
693 3105 775 3176 adsit
786 3131 878 3176 eausa
893 3101 965 3200 (2);
984 3118 1018 3172 et
1043 3103 1087 3172 ita
1102 3117 1208 3174 statu-

139 3221 218 3277 tum
231 3205 294 3276 luit
307 3206 342 3274 in
357 3204 483 3305 synodo
495 3204 641 3277 Romana
661 3203 771 3274 habita
783 3203 824 3274 ab
844 3203 970 3274 loanne
984 3198 1052 3290 lx,
1081 3202 1117 3270 in
1143 3227 1206 3298 qua

138 3302 302 3375 vindicata
314 3318 362 3372 est
373 3305 526 3375 memoria
536 3303 679 3374 Fut-mosi
688 3302 869 3390 Pontificio,
883 3301 939 3398 qui
951 3297 1063 3369 relicto
1079 3300 1207 3465 asiaco-

140 3418 223 3498 pntu
246 3401 416 3473 Portuensi
438 3401 621 3474 Romanum
647 3415 825 3498 acceperat.
849 3398 964 3494 Neque
980 3397 1068 3468 enim
1111 3411 1207 3467 esunt

139 3497 289 3596 exempla
316 3502 539 3596 episcopcrum
570 3503 689 3598 pietate
721 3514 755 3570 et
790 3497 936 3570 doctrina
961 3497 1203 3592 praestantium,

139 3599 200 3696 qui
223 3597 267 3670 ob
297 3597 471 3669 utilitatem
496 3615 553 3668 ant
584 3600 805 3670 necessitatem
821 3592 962 3668 ecclesie
987 3597 1207 3692 episcopatum

136 3711 333 3786 mutarunt,
360 3698 445 3768 etin
472 3699 538 3794 ipsu
562 3696 695 3770 Nicaena
716 3695 841 3796 synodo
864 3689 1055 3766 Eustachius
1083 3691 1205 3760 Berteae

137 3795 311 3892 episcopus
323 3793 365 3864 ad
380 3793 498 3866 sedem*
504 3793 738 3868 Antiochenam
753 3793 927 3866 translatus
946 3807 995 3863 est
1011 3789 1079 3886 (ὅ).

179 3968 225 4050 (1)
247 3971 357 4032 Concil.
379 3971 526 4032 Nieaenum
548 3991 616 4033 cca.
644 3973 680 4033 tt
703 3969 759 4033 ccl.
779 3972 817 4032 59
840 3977 910 4030 aaa.
937 3970 968 4044 2,
991 3959 1205 4026 Antiochenam

133 4071 207 4112 can.
222 4055 258 4113 21
274 4049 329 4114 col.
344 4053 402 4114 tat
415 4053 465 4114 cit.
479 4062 548 4115 turn.
562 4059 592 4134 2,
606 4055 775 4116 sardicense
785 4071 852 4114 aaa.
867 4055 880 4114 1
896 4057 924 4112 ct
936 4053 954 4112 2
965 4043 1019 4109 col.
1034 4046 1092 4107 658
1105 4051 1202 4126 etseq.
