3100 5182
482 435 700 508 -177-

79 585 191 656 tendunt,
203 587 250 666 jus
271 584 515 666 patriarchicum,
532 585 612 664 quod
633 585 780 654 hebebant
802 584 928 666 episcopi
952 587 1119 664 Romanus,

76 669 274 744 Alexandrinus,
287 667 525 742 Anthiochenus,
545 677 612 728 ante
626 669 781 730 concilium
801 669 951 732 Nieaeoum
966 669 1056 728 fuisse
1070 669 1117 728 in-

76 751 193 810 stitutum.
219 751 366 813 Nimirum
389 757 449 809 tres
471 749 557 810 hosca
575 749 674 826 sodes,
697 769 757 812 non
783 757 896 810 matum
920 749 1000 828 quod
1021 755 1121 810 essent

77 830 152 893 iocata
173 834 200 892 in
226 831 409 911 principibus
441 832 564 893 Romani
589 831 704 912 imperii
729 831 912 905 civitatibus,
937 831 989 891 sed
1014 831 1120 908 etiam,

77 912 144 991 idque
162 915 354 993 potissimum,
370 913 449 992 quod
473 933 489 973 a
508 917 546 974 D.
566 916 653 974 Petro
673 915 817 996 originem
841 921 1024 993 repeterent,
1040 931 1120 974 sem·

77 1013 116 1072 pcr
132 997 246 1057 ecclesiae
264 1003 360 1074 patres
382 994 529 1075 precipuo
550 995 677 1073 quodam
701 996 813 1057 honore
831 1005 899 1056 sunt
920 1003 1123 1074 prosequutre.

77 1079 131 1150 Qua
146 1097 206 1139 cnm
228 1079 305 1138 ratio
329 1079 367 1138 sit
383 1076 568 1156 patriarchici
583 1077 658 1156 juris
680 1079 775 1140 trihus
794 1078 852 1138 illis
880 1076 998 1138 sedibus
1025 1075 1124 1153 affixi,

79 1157 140 1218 hand
157 1178 256 1220 unca
284 1177 352 1221 vcro
375 1159 513 1220 aberrare
535 1157 689 1236 ridentur,
716 1161 766 1240 qui
791 1161 823 1222 in
857 1178 971 1220 summa
994 1159 1125 1238 primam

78 1238 125 1315 ejus
144 1243 281 1322 originem
301 1241 339 1302 ah
366 1241 436 1320 ipsis
462 1241 598 1320 apostolis
624 1261 657 1302 re
677 1249 773 1304 etunt.
802 1239 878 1304 Vide
897 1241 1123 1304 Thomassinum

82 1321 130 1382 l'ct.
145 1331 245 1384 ctnoo.
267 1321 367 1385 eccles.
393 1319 510 1405 discipl.
558 1343 604 1384 or.
626 1261 705 1385 lhh.
724 1327 738 1386 4
756 1343 822 1406 cap.
852 1325 870 1384 7
892 1332 921 1384 et
946 1325 965 1382 8
988 1329 1059 1384 tom.
1088 1325 1123 1406 t,

78 1411 100 1462 et
117 1406 155 1464 lo.
169 1406 324 1466 Antonium
338 1403 510 1466 Bianohium
561 1401 603 1465 tta
621 1407 757 1468 Postestd
775 1413 803 1466 ct
820 1401 899 1466 delle
913 1402 1026 1486 policia
1046 1401 1128 1464 dello

80 1481 255 1548 cheaulini
275 1505 342 1570 cop.
359 1489 374 1548 i
392 1505 468 1630 pop.
484 1490 504 1548 4
521 1494 550 1548 ct
563 1505 625 1570 aeq.
642 1493 713 1546 torn.
727 1491 758 1548 4.
782 1485 847 1548 Scio
861 1487 998 1564 equidem
1016 1493 1125 1563 quanta
1161 1541 1163 1546 .

81 1573 105 1624 ct
122 1585 198 1644 quam
264 1569 306 1630 ris
330 1569 369 1629 sit
413 1587 430 1629 e
457 1576 537 1630 sexto
562 1569 612 1630 illo
637 1586 749 1630 canone
777 1568 890 1628 cdncilii
915 1567 1024 1630 Nioaeni
1049 1567 1129 1627 inter

82 1647 196 1709 eruditos
233 1651 374 1729 ispntatio.
396 1653 469 1712 Sunt
494 1650 590 1726 enim,
614 1651 718 1728 quiea
745 1657 859 1712 tontum
877 1649 997 1729 dejure
1018 1656 1132 1710 metro-

83 1727 197 1805 politico,
219 1750 273 1792 non
293 1751 363 1794 vero
387 1731 510 1812 dejure
536 1731 731 1812 patriarchico
758 1732 944 1794 ecclesiarum
973 1735 1127 1807 Romame,

83 1809 276 1890 Alexandrina,
291 1815 481 1878 Antiochense
502 1823 599 1875 actum
620 1813 711 1876 inisse
737 1813 916 1890 defendunt,
945 1821 1032 1892 atquc
1054 1811 1131 1874 hanc

82 1895 229 1956 sententium
243 1897 399 1958 norissima
415 1897 547 1974 sequitur
562 1897 731 1958 Dominicus
747 1896 922 1960 cavallarius
935 1896 1037 1956 Irutit.
1055 1899 1127 1956 dur.

83 1976 176 2036 Conon.
199 1996 268 2060 par.
295 1981 310 2040 4
338 1997 403 2060 cap.
433 1981 472 2039 10
499 1976 525 2060 S.
554 1979 567 2038 l
596 1976 629 2038 in
649 1985 729 2056 not,
749 1985 782 2040 ut
800 1977 906 2038 exinde
925 1977 1039 2038 efficere
1063 1979 1130 2057 quis

79 2058 167 2132 possit,
181 2061 296 2121 lticaeno
314 2061 435 2121 concilio
459 2061 652 2120 recentiorem
675 2079 736 2122 csse
754 2059 982 2140 patriarchatum
1001 2058 1129 2122 ecclesiae

81 2137 249 2202 Romanuin
275 2143 463 2204 Occidentem
482 2143 662 2202 universum.
689 2141 765 2218 Sed,
788 2143 829 2203 uti
851 2149 917 2222 post
938 2143 1130 2204 sirmondum

79 2220 261 2284 animadvertit
277 2227 381 2285 Petrus
396 2223 433 2286 de
445 2227 540 2286 Marcu
559 2219 694 2285 concord.
716 2223 862 2286 aocudot.
879 2233 906 2286 et
920 2221 1025 2306 inrpcr.
1043 2222 1092 2286 tid.
1111 2227 1126 2285 i

79 2318 136 2383 cop.
158 2306 174 2363 5
193 2302 216 2384 5.
242 2307 280 2382 7,
307 2305 496 2368 Alexandrini
524 2313 554 2368 et
576 2305 750 2368 Antiocheni
777 2306 976 2387 episcoporum
1001 2307 1069 2386 jura
1097 2305 1130 2366 in

78 2384 179 2446 concilio
194 2387 313 2448 Niooeno
331 2387 522 2468 patriarchica
547 2395 627 2448 certe
651 2387 790 2465 inerunt,
818 2406 877 2448 non
904 2387 1127 2468 metropolitica.

78 2467 135 2524 Naro
155 2469 350 2530 Alexandrino
378 2470 511 2550 episcopo
538 2477 663 2548 potestas
693 2469 862 2530 conceditur
886 2488 945 2530 non
973 2471 1068 2531 solum
1095 2471 1128 2531 in

77 2549 220 2628 Egyptum,
241 2549 298 2612 scd
317 2551 404 2612 ctiam
423 2553 453 2612 in
474 2551 655 2630 Pentapolim
679 2561 709 2612 et
734 2551 873 2632 Lydiam3
899 2559 928 2612 et
946 2552 1128 2614 Antiocheno

78 2631 188 2712 episcopo
206 2633 243 2694 ab
265 2633 369 2694 eadem
382 2633 494 2713 synodo
512 2653 571 2694 non
594 2634 697 2712 unius,
718 2633 873 2694 alteriusve
888 2633 1060 2712 provinciae,
1077 2633 1130 2694 sod

78 2713 150 2773 otius
174 2715 331 2776 diaeceseos
356 2715 526 2791 orientalis,
555 2714 611 2776 hoc
634 2721 678 2776 est
702 2715 917 2794 provinciarum
943 2715 1129 2791 quindecim,

77 2810 128 2868 qua
151 2799 270 2859 Oriente
297 2797 536 2872 continebantur,
563 2796 845 2858 administrationem
881 2795 969 2856 iuisse
993 2797 1131 2858 commis·

77 2891 124 2934 sam
136 2875 236 2940 diserte
246 2878 372 2940 tradant
384 2881 577 2960 Hieronymus
585 2875 636 2940 lib.
650 2885 745 2940 contr.
759 2879 851 2940 loon.
864 2875 1125 2962 Hierosolymiton.

77 2974 127 3038 cop.
143 2961 178 3020 57
196 2969 270 3023 tom.
301 2957 387 3022 icol.
409 2961 485 3036 447,
507 2959 579 3022 edit.
606 2957 752 3022 Velleraii
780 2961 915 3034 Veronae,
933 2968 962 3020 ct
986 2963 1130 3023 Innocen-

78 3037 120 3099 tius
138 3045 149 3102 1
165 3044 250 3124 epist.
282 3043 322 3104 tt
341 3041 381 3104 ad
405 3040 612 3104 Alexandrum
633 3039 805 3104 Andmhen.
830 3041 908 3121 apud
929 3045 1130 3106 Constantium

77 3117 116 3180 col.
139 3126 207 3186 851.
230 3130 312 3204 Ergo
331 3125 520 3203 patriarchica
540 3125 627 3185 etiam
651 3143 713 3186 esse
736 3124 902 3185 debuerunt
922 3124 989 3203 jura
1002 3126 1129 3187 ecclesia

77 3203 211 3283 Romanae,
233 3207 275 3268 ad
297 3225 422 3285 quorum
446 3207 612 3286 exemplum
631 3205 680 3266 illa
701 3215 916 3286 componuntur
940 3207 1130 3284 patriarchica

75 3281 125 3358 jura
157 3291 362 3369 episcoporum
397 3288 585 3351 alexandrini
618 3296 648 3348 et
683 3287 872 3364 Antiocheni,
900 3287 943 3346 uti
971 3289 1130 3350 ostendunt
1204 3309 1209 3324 ·

76 3371 172 3432 aaronis
185 3371 280 3431 verba
297 3392 305 3430 :
329 3369 577 3454 Quandoquidem
597 3375 625 3430 ct
643 3367 776 3452 episcopo
792 3371 927 3431 Rouana
940 3367 992 3431 hoc
1006 3379 1048 3432 cat
1061 3389 1131 3432 con·
1160 3401 1166 3416 =

76 3457 182 3512 uotum.
208 3453 341 3515 Difficile
362 3460 406 3512 est
430 3461 527 3512 antem
542 3469 611 3512 sano
636 3451 749 3512 homini
773 3451 910 3528 suadere,
929 3453 1009 3530 quod
1029 3455 1131 3514 Caral-

76 3525 145 3594 luius
178 3543 268 3614 putet
308 3535 518 3614 Hieronymum
547 3541 577 3593 et
613 3533 831 3610 Innocentium,
867 3535 918 3612 qui
945 3553 1004 3595 non
1029 3536 1131 3617 procul

76 3621 142 3675 anta
167 3618 335 3678 uberante
359 3617 480 3677 concilio
507 3613 640 3692 itieaeno,
675 3617 784 3694 quique
805 3617 866 3678 rim
898 3615 960 3694 ejus
987 3635 1132 3679 canonum

74 3689 190 3772 ignorare
212 3718 277 3760 non
302 3705 450 3777 poterant,
475 3714 586 3759 errasse
609 3706 669 3759 tam
695 3699 840 3778 graviter,
859 3705 894 3758 nt
913 3699 1015 3774 aliam,
1043 3717 1132 3776 quam

73 3793 125 3851 qua
136 3790 347 3852 essetecum,
362 3782 478 3843 Niceno
492 3779 595 3842 canoni
616 3781 789 3841 sententiam
806 3779 1015 3842 adscriberent.
1032 3781 1132 3855 Quid?

73 3857 130 3920 Cum
152 3871 252 3923 uotum
279 3862 317 3922 de
329 3862 526 3941 patriarchatu
547 3862 864 3942 Constantinopolitano
881 3871 942 3937 eat,
965 3861 1037 3942 quid
1051 3861 1132 3922 aliud

70 3939 194 4004 adversus
215 3962 291 4006 eum
311 3952 508 4024 opposuerunt
531 3946 653 4006 Romani
681 3943 853 4020 Pontifices,
878 3961 966 4024 quam
991 3959 1132 4004 canonem

71 4022 225 4103 nicanum,
265 4026 319 4104 qui
356 4035 469 4088 tantuna
502 4027 686 4088 eodosiarura
725 4028 880 4102 Romanae,
911 4023 1130 4106 Alexandriae,

155 4132 235 4179 ron.
269 4131 294 4178 r.
586 4139 588 4143 ·
994 4103 1029 4176 8.
