3122 5170
548 490 770 562 ..755-

142 646 208 706 Trr.
270 645 322 706 Vl.
345 645 389 703 De
406 639 526 720 jejuniis
529 683 1084 704 ...........
1129 645 1188 704 tot

162 759 203 770 —
257 729 324 788 vll.
347 729 391 786 De
410 723 499 784 rebus
521 724 627 802 sacris,
645 730 675 783 et
697 723 827 803 primurn
850 722 888 784 de
908 724 979 785 eool.
1024 767 1033 786 .
1078 769 1085 786 .
1131 727 1190 786 1199

143 811 227 872 Sucr.
300 811 326 870 l.
349 809 394 868 De
413 805 615 866 consecrandis
626 813 656 866 et
665 805 886 868 reconciliandis
897 807 1033 868 eeclesiis.
1079 851 1087 867 .
1131 809 1192 870 617

160 925 202 944 ‹-
282 893 320 952 ll.
343 891 387 950 De
408 887 595 948 immunitate
608 885 794 949 ecelesiarum
808 929 1086 950 ......
1131 891 1187 952 tul

162 1007 202 1017 -
268 975 320 1033 111.
343 973 387 1032 De
408 969 524 1048 ospellis
535 977 565 1030 et
575 969 710 1031 oratoriis
751 1012 1085 1032 .......
1130 973 1190 1034 659

161 1089 202 1100 -
265 1057 316 1116 tv.
339 1057 384 1116 De
404 1052 492 1112 saeris
505 1051 650 1128 vestibus,
664 1051 756 1130 vasis,
771 1051 876 1113 ceteris
889 1051 927 1114 ad
942 1052 1090 1116 ecelesiam

406 1134 623 1214 pertinentibus
647 1176 1087 1196 .........
1130 1135 1191 1198 654

143 1225 208 1284 Τιτ.
235 1219 316 1280 vlll.
338 1219 382 1278 De
401 1216 534 1294 reliquiis
544 1223 574 1277 et
587 1216 775 1278 veneratione
788 1222 879 1278 sanet.
915 1260 923 1276 .
970 1260 978 1277 .
1024 1261 1031 1276 .
1077 1262 1085 1277 .
1130 1219 1190 1278 616

162 1335 203 1348 -
260 1303 314 1362 lll.
337 1302 381 1360 lle
401 1297 558 1377 sepulturis
590 1339 1085 1359 ..........
1130 1301 1191 1360 644

162 1418 202 1428 -
274 1385 313 1444 Χ.
337 1385 382 1443 De
401 1381 585 1441 monasteriis
589 1422 1085 1442 ..........
1129 1383 1191 1443 otte

162 1499 202 1510 -
263 1467 317 1526 lll.
339 1466 384 1524 De
403 1462 567 1524 seminariis
580 1461 753 1523 elericorum
757 1504 1086 1524 .......
1131 1465 1191 1526 ote

162 1581 203 1592 -
250 1549 318 1608 xtl.
339 1547 383 1607 De
403 1543 595 1622 hospitalibus
599 1585 1087 1605 ..........
1130 1547 1191 1608 665

160 1664 201 1675 -
236 1631 317 1691 Χ111.
340 1629 384 1688 De
404 1625 494 1686 rebus
507 1624 718 1706 temporalibus
733 1623 860 1689 ecelesiae¹
861 1669 1086 1688 .....
1129 1629 1190 1689 666

160 1745 201 1756 -
237 1713 319 1774 XIV.
340 1711 384 1770 De
403 1707 570 1787 praebendis
580 1717 609 1768 et
618 1706 767 1769 benefieiis
770 1751 1085 1770 .......
1130 1711 1191 1770 670

142 1797 226 1856 Sser.
294 1794 320 1854 l.
341 1793 385 1852 De
405 1792 494 1852 vetita
511 1789 681 1852 beneficior.
695 1787 885 1852 multitudine
916 1833 924 1850 .
970 1833 978 1850 .
1024 1833 1032 1850 .
1077 1833 1085 1850 .
1130 1792 1190 1854 676

161 1909 202 1920 -
278 1876 317 1936 tl.
339 1875 384 1934 De
403 1873 615 1955 conjungendis
627 1891 661 1933 ao
671 1871 976 1936 dividendisbenel..
1022 1915 1030 1932 .
1076 1917 1084 1933 .
1128 1875 1189 1935 679

161 1989 203 2002 -
264 1958 317 2018 lll.
339 1959 384 2017 De
404 1955 584 2018 sommendis
602 1953 811 2016 beneficiorum
814 1997 1083 2016 ......
1128 1957 1188 2017 688

162 2071 203 2084 -
264 2040 317 2100 1v.
340 2041 384 2099 De
403 2037 592 2116 pensionibus
606 2037 805 2099 ecelesiasticis
808 2079 1084 2098 ......
1128 2039 1189 2099 688

161 2153 202 2166 -
274 2121 313 2181 V.
336 2124 381 2181 De
400 2119 585 2199 adipisoensla
601 2117 729 2180 benolio.
744 2121 933 2198 possessione.
971 2162 979 2178 .
1024 2161 1031 2176 .
1077 2164 1085 2180 .
1130 2121 1186 2184 691

141 2205 208 2266 Τιτ.
245 2204 312 2264 XV.
334 2207 379 2264 lle
401 2202 547 2280 sensibus,
557 2201 755 2264 exactionibus
769 2209 799 2264 et
822 2199 1085 2284 procurationibus.
1129 2203 1189 2263 694

162 2317 203 2328 -
233 2285 313 2346 XVl.
336 2287 380 2346 De
401 2284 521 2344 decimis
535 2325 1084 2345 ...........
1128 2287 1185 2346 701

161 2399 202 2412 -
220 2367 313 2428 XVll.
336 2371 380 2429 lle
400 2365 553 2446 primitiis,
579 2363 791 2436 oblationibus,
819 2365 980 2444 ceterisque
1011 2371 1087 2425 tem-

405 2447 554 2528 poralibus
592 2448 676 2509 bonis
715 2447 802 2508 olerio
805 2489 1085 2508 ......
1128 2447 1189 2508 710

163 2531 311 2592 -Χ7111.
332 2533 377 2592 De
396 2528 692 2608 peoulioclerioorum
695 2572 1081 2592 ........
1126 2532 1186 2591 719

162 2611 202 2654 -’
228 2613 310 2674 xlx.
333 2615 377 2674 De
397 2612 485 2673 rebus
499 2611 599 2674 eccles.
619 2631 679 2673 nou
694 2609 856 2675 alienandis
859 2655 1082 2673 .....
1126 2611 1186 2674 788

161 2727 201 2739 -
239 2696 307 2756 XX.
329 2697 374 2757 De
396 2695 541 2758 bonorum
556 2694 814 2758 ecelesiasticorum
832 2693 1030 2758 immunitate.
1075 2739 1083 2756 .
1127 2695 1187 2756 788
