3142 5188
811 443 1034 514 ..530-

385 594 441 659 ool.
466 598 524 658 716
544 591 575 655 d.
601 593 703 654 tom.b
723 611 803 654 cone.
819 593 926 654 Conier
940 594 1029 653 etiam
1047 609 1128 653 conc.
1146 593 1240 654 Tolet.
1259 595 1327 656 Xlll
1340 613 1412 655 cort.
1440 597 1461 656 11

384 677 439 742 col.
461 678 540 739 1175
563 683 635 736 tom.
660 676 678 736 7
699 693 782 736 eone.
802 679 847 736 De
869 674 959 754 hujus
976 675 1042 736 iesti
1064 674 1233 736 celebritate
1252 675 1342 737 multa
1366 676 1462 738 hahet

384 760 466 822 card.
491 759 633 822 namatus
651 777 762 840 appar.
785 753 826 817 nd
844 755 970 818 annales
993 758 1071 818 eirea
1088 755 1146 840 fin.
1175 777 1260 818 naen.
1282 759 1323 820 15
1342 777 1377 839 p.
1395 761 1461 820 175

384 841 431 904 ed.
460 843 565 917 luere,
585 849 615 899 et
636 841 729 900 multa
746 840 836 900 etiam
853 843 903 901 Fr.
924 843 964 902 ll.
990 840 1189 902 Florentinius
1207 841 1239 900 in
1260 841 1460 903 vetustissimo

384 942 437 986 suo
462 919 675 1006 otortyrolaqio
693 939 789 982 exerc.
817 924 837 981 ⁸2
858 941 931 1018 paq.
951 923 1009 984 195
1032 931 1093 983 ets
1130 967 1152 998 .,
1172 923 1224 1000 qui
1242 931 1272 982 et
1290 941 1326 1003 p.
1348 925 1406 986 201
1434 933 1462 986 et

383 1007 445 1068 228
459 1005 497 1066 de
519 1004 698 1084 Epiphania,
716 1021 767 1064 seu
783 1005 965 1083 aprraritroue
979 1005 1097 1066 Domini
1122 1004 1259 1083 oqrritur,
1275 1013 1363 1083 atque
1378 1005 1460 1066 hunc

382 1089 463 1149 diem
482 1095 547 1148 tum
568 1087 600 1146 in
613 1085 764 1162 orientali,
779 1094 844 1146 turn
865 1087 897 1147 in
914 1087 1086 1148 occidentali
1105 1087 1224 1148 ecelesia
1248 1104 1366 1166 semper
1380 1088 1459 1149 ecle-

383 1171 547 1232 bernmrnu
561 1169 651 1229 luisse
667 1169 860 1230 demonstrat.

424 1251 466 1334 (5)
485 1255 648 1331 Martyrum
669 1250 868 1312 solemnitates
894 1251 1110 1330 untiquiaeimrs
1127 1269 1191 1314 esse
1208 1259 1239 1312 et
1256 1251 1320 1330 jam
1337 1270 1405 1312 sea.
1432 1255 1458 1316 ll

382 1343 514 1414 receptas
533 1340 656 1394 constat.
676 1336 742 1396 lam
760 1333 840 1394 enim
854 1351 887 1394 ea
901 1343 987 1394 etate
1005 1338 1036 1396 S.
1056 1334 1208 1414 Polycarpi
1236 1335 1380 1394 maneria
1397 1335 1459 1396 im-

383 1418 443 1478 tive
458 1415 609 1478 colebatur
632 1414 753 1496 ejusque
772 1416 864 1476 lestus
887 1415 951 1476 dies
964 1415 1121 1497 agebatur,
1136 1417 1180 1477 uti
1199 1423 1280 1495 patet
1297 1434 1333 1476 cr
1351 1419 1403 1478 Sm

382 1499 519 1560 nensium
536 1497 657 1577 epistola
674 1497 710 1558 ad
728 1495 968 1560 Philomelienses
985 1499 1065 1578 apud
1085 1498 1192 1560 Euseb.
1209 1499 1290 1559 llist.
1308 1495 1378 1558 ceci.
1438 1501 1457 1560 1

383 1601 451 1664 cup.
468 1583 506 1643 15
518 1599 591 1664 pay.
612 1581 668 1640 171
685 1578 733 1640 ed.
748 1577 891 1640 Gontahr.
913 1582 1004 1642 ltro.
1018 1583 1181 1642 hiemarent
1198 1581 1287 1642 etiam
1304 1579 1359 1640 has
1376 1599 1458 1640 mar-

383 1671 484 1744 tyrum
512 1661 709 1723 solemnitates
726 1662 850 1724 Tertull.
868 1660 904 1724 dt
926 1664 1032 1724 Ceron.
1052 1659 1142 1724 mitta
1164 1683 1233 1746 cop.
1262 1665 1372 1744 ὅρῳ.
1397 1666 1456 1725 101

383 1745 430 1806 cd.
447 1745 551 1806 Puris.
569 1746 663 1820 1675,
680 1753 710 1804 et
721 1747 809 1824 Cypr.
826 1761 873 1826 ep.
891 1746 931 1806 51
941 1763 1014 1828 paq.
1029 1747 1088 1814 18,
1102 1753 1191 1824 atque
1210 1747 1399 1828 1115711119.
1419 1748 1452 1806 51

383 1825 431 1888 ed.
458 1827 560 1888 Poris.
583 1829 663 1888 1666
681 1827 801 1886 mandat
819 1828 897 1887 clero
915 1845 983 1900 suo,
1007 1836 1039 1887 ut
1059 1827 1216 1908 diligenter
1235 1835 1357 1888 notetur
1376 1827 1453 1903 dies,

381 1927 440 1988 qua
455 1917 600 1989 martyres
614 1927 650 1969 er
664 1908 718 1969 hac
733 1909 791 1970 vita
803 1911 932 1990 migrant
946 1909 1063 1989 sibique
1080 1909 1277 1992 significetur,
1301 1936 1315 1964 1
1338 1913 1394 1985 111,
1410 1911 1455 1970 in-

381 1992 464 2069 quit,
480 1991 667 2052 celebrentur
680 1991 760 2052 nica
780 1991 865 2052 nohis
885 1991 1046 2053 oblationes
1060 2001 1090 2052 at
1109 1993 1249 2052 sacrificia
1267 1991 1308 2052 oh
1328 2009 1454 2052 comme·

382 2073 558 2134 murationes
569 2091 682 2133 eorunr.
696 2099 708 2126 1
727 2077 770 2135 De
783 2073 837 2134 hac
849 2083 1012 2152 martyrum
1024 2075 1212 2135 veneratione
1224 2075 1453 2152 loquituretiam

383 2159 459 2236 Aug.
475 2154 510 2216 dc
527 2152 725 2216 6111111111.
744 2157 841 2237 drop.
859 2157 898 2215 27
914 2163 985 2216 torn.
1003 2157 1021 2215 7
1035 2175 1121 2216 num.
1138 2161 1151 2218 1
1170 2153 1225 2218 col.
1241 2157 1301 2217 217
1315 2165 1344 2216 ct
1357 2165 1448 2216 cano.

382 2239 532 2298 Faustum
546 2233 682 2298 Manich.
701 2235 752 2298 lib.
769 2240 846 2298 101.
862 2239 896 2299 11
916 2235 971 2298 col.
987 2240 1064 2298 1517
1079 2247 1150 2298 tom.
1167 2236 1245 2301 Sed.
1267 2241 1340 2299 Ven.
1357 2241 1451 2312 1755,·

382 2320 433 2380 uhi
454 2320 563 2380 refutet
578 2319 806 2380 manicheorum
829 2320 1002 2394 calumnias,
1026 2321 1077 2398 qui
1102 2339 1161 2380 nou
1183 2320 1362 2380 verebantur
1379 2320 1448 2380 salso

381 2421 516 2462 accusare
540 2401 713 2476 catholicos,
733 2401 813 2480 quod
835 2410 967 2462 mortuos
989 2401 1157 2462 adurerent.
1183 2403 1270 2479 Quod
1293 2411 1386 2462 autem
1409 2401 1447 2460 de

381 2483 562 2564 martyribus
577 2484 658 2561 dico,
678 2484 757 2544 idern
772 2484 860 2544 etiarn
875 2483 912 2544 de
929 2483 1066 2562 apostolis
1080 2485 1192 2544 dictum
1216 2485 1297 2558 volo,
1313 2503 1376 2544 eam
1396 2501 1446 2543 ea-

382 2585 449 2626 rum
463 2566 661 2627 solemnitates
674 2565 712 2626 ab
726 2566 843 2626 ecclesia
857 2565 1091 2642 celebrarentur,
1107 2567 1291 2644 potissimum
1305 2565 1380 2645 quod
1395 2583 1447 2645 pro

380 2649 498 2712 Christo
516 2649 691 2728 martyrium
708 2649 905 2726 pertulissent.
924 2651 956 2708 ln
968 2647 1014 2708 his
1028 2649 1261 2709 solemnitatibus
1279 2649 1449 2730 legebantur

380 2732 529 2810 passiones
550 2741 731 2811 martyrum,
757 2749 884 2808 quorum
899 2730 962 2790 dies
976 2731 1067 2790 festus
1080 2731 1235 2812 agebatur,
1249 2749 1333 2792 conc.
1351 2731 1446 2794 Carth.

381 2810 625 2876 11111117111.
643 2815 740 2874 9681.
758 2816 771 2874 1
790 2810 858 2874 coll.
877 2813 985 2882 llard.‚
1007 2821 1096 2891 atquc
1116 2813 1249 2874 hulortc
1262 2833 1294 2874 ea
1317 2815 1356 2874 dc
1369 2831 1448 2874 caum

381 2896 468 2956 dictre
482 2903 551 2956 suut
565 2891 707 2978 leocadae.
723 2895 804 2974 quod
827 2895 944 2974 publice
963 2895 993 2954 iu
1015 2895 1135 2956 ecclesia
1156 2897 1338 2975 legerentur.
1360 2897 1449 2958 nabe

381 2977 490 3038 bantur
508 2977 596 3038 etiam
611 2979 641 3036 in
656 2995 758 3037 eorum
772 2976 890 3037 laudem
904 2977 1065 3053 orationes,
1086 2995 1210 3055 quarum
1229 2987 1366 3038 sementa
1383 2987 1449 3039 sunt

381 3060 511 3138 exempla
528 3057 606 3138 apud
622 3057 745 3138 Chrys,
763 3059 869 3136 hasil,
888 3061 1043 3134 Neriene,
1065 3063 1205 3139 Nyssen.‚
1223 3063 1313 3141 Aug,
1331 3061 1446 3132 Ambe..

382 3145 486 3216 heom,
508 3139 643 3220 Chrysol.
663 3149 751 3220 atque
765 3141 844 3202 alios.
873 3142 962 3202 Paulo
981 3142 1075 3201 serius
1089 3142 1230 3202 institute
1243 3151 1314 3202 sunt
1339 3147 1449 3204 oenias-

381 3241 481 3284 sorum
503 3223 719 3298 solemnitates,
741 3231 828 3301 atque
847 3223 918 3283 hina
932 3223 1017 3284 initio
1039 3223 1107 3283 salis
1129 3225 1309 3303 martyribus
1337 3227 1450 3304 publice

382 3305 484 3367 dicatae
496 3305 623 3366 ecclesie
633 3313 714 3379 sunt,
723 3311 753 3364 ct
767 3305 799 3366 in
810 3305 918 3367 diurno
932 3305 1105 3366 Pontificum
1119 3305 1151 3365 in
1164 3305 1289 3367 formula
1300 3309 1451 3386 petitionis

380 3387 571 3449 dedicationis
584 3387 712 3447 ecclesie
725 3405 792 3468 cap.
809 3389 864 3463 51,
878 3389 933 3462 51,
950 3389 1005 3463 59,
1020 3389 1075 3462 tr,
1091 3389 1230 3468 martyris
1243 3397 1377 3466 tantum,
1393 3411 1451 3453 non

381 3471 553 3532 confessoris
563 3469 674 3528 mentio
685 3475 739 3529 est.
752 3473 785 3530 ln
797 3469 911 3530 oriente
922 3473 962 3532 111
978 3470 1083 3530 seculo
1097 3471 1276 3532 hilarionem
1290 3475 1450 3535 celebrasse

383 3553 462 3614 diem
479 3551 593 3613 martiis
606 3551 741 3628 Antonii,
763 3551 866 3612 scribit
880 3552 960 3613 llice.
977 3551 1011 3611 in
1024 3552 1077 3613 uit.
1092 3550 1195 3614 Hilcr.
1207 3572 1275 3635 cop.
1291 3559 1333 3616 50
1347 3565 1418 3618 tom.
1432 3560 1450 3618 1

380 3633 486 3696 11151
507 3633 552 3696 ed.
572 3632 678 3697 Veron.
695 3633 757 3710 eit,
775 3641 804 3692 et
824 3635 1034 3696 §acuminat
1054 3631 1123 3696 cccl.
1148 3633 1169 3695 1.
1187 3637 1206 3695 5
1229 3655 1255 3696 c.
1273 3641 1312 3699 11
1335 3657 1370 3720 p.
1392 3643 1451 3702 111

379 3715 426 3778 ed.
445 3715 586 3778 Cantobr.
603 3717 697 3794 1710,
712 3723 842 3776 narrata
863 3717 1016 3778 Palaestina
1032 3717 1150 3778 ecdesia
1164 3719 1339 3781 celebratam
1361 3722 1451 3783 luisse

379 3799 593 3859 solemnitatem
615 3797 747 3876 plurium
761 3799 973 3872 confessorum,
995 3799 1136 3860 nimirum
1161 3801 1320 3863 Hilarionis
1336 3807 1448 3880 Gazaei,

380 3881 491 3942 Aurelii
515 3879 711 3954 Anthedonii,
733 3879 880 3941 Alexionis
899 3889 929 3941 et
946 3881 1081 3942 aliorum.
1106 3883 1222 3944 Primus
1240 3887 1271 3943 in
1290 3887 1450 3946 Occidente

378 3979 413 4022 ex
426 3963 639 4023 consessoribus
650 3961 767 4041 publico
781 3963 860 4022 cultu
872 3962 1010 4023 honorari
1022 3965 1108 4042 erepit
1119 3968 1149 4026 S.
1163 3967 1306 4027 ursinus
1319 3971 1447 4036 Turon..

377 4043 428 4124 qui
452 4044 526 4106 obiit
548 4063 596 4106 an.
623 4047 699 4125 tor,
714 4054 801 4126 atque
815 4043 894 4106 bunc
905 4045 1018 4107 cultum
1033 4047 1171 4126 probarit
1190 4066 1271 4110 conc.
1289 4053 1403 4111 Turon.
1421 4053 1446 4112 11
