3134 5144
476 387 480 398 '
611 419 613 424 ·
711 381 803 434 ¹-
831 377 900 448 188
926 419 975 432 -

333 527 459 590 uttam.
476 501 552 588 tide
565 485 761 588 ercamrao
782 497 809 607 ς.
826 527 865 588 tc
886 522 1228 606 terremtatem
1250 525 1311 588 ru.
1330 525 1398 602 ru,

334 619 364 670 et
377 609 444 670 vide
461 608 505 672 Cl.
523 609 654 671 Blsscum
668 606 704 670 de
715 603 833 672 Colleet.
850 625 958 669 eonor.
974 605 1086 670 Ioidor.
1103 609 1266 670 Mercator.
1291 625 1360 690 cop.
1380 610 1399 668 9

209 733 211 744 ‚
331 702 404 774 pop.
421 692 460 752 95
472 697 502 751 et
513 709 587 774 seq„
605 690 656 752 ubi
677 697 737 752 toto
753 688 817 752 hac
834 689 956 752 materie
976 687 1068 752 solide
1087 695 1117 750 et
1141 690 1258 752 erudite
1271 697 1402 770 pertrec-

334 781 424 936 tetpp.
438 853 547 916 Concil.
564 811 700 916 trident..
714 869 785 916 seso.
800 853 840 914 ot
851 871 919 935 cop.
934 853 953 914 5
966 849 1003 914 de
1014 849 1134 936 reform.

241 971 245 980 ·
352 937 405 1016 ’(5
439 939 511 1018 Cep.
528 938 542 998 l
557 933 592 998 de
605 933 718 998 cereto.
734 935 769 996 tn
779 937 810 997 6.

375 1019 406 1098 (t
439 1019 548 1081 Concil.
564 1017 699 1080 Trident.
714 1034 786 1080 eece.
799 1018 839 1080 tt
851 1034 918 1098 cop.
937 1019 955 1078 5
970 1014 1006 1079 de
1021 1013 1164 1099 reform.,·
1184 1016 1318 1080 Urbanus
1333 1021 1402 1082 tttt

337 1101 436 1162 corut.
448 1099 570 1183 Expooi
578 1097 661 1166 roto
676 1101 736 1163 570
750 1108 820 1162 tom.
838 1101 940 1182 fiper.
957 1101 1056 1181 tpaq.
1072 1099 1131 1159 277
1145 1095 1255 1160 bellur.

382 1318 413 1419 §.
449 1319 557 1392 XLII.
599 1319 723 1392 Omnes
751 1318 941 1418 patriarche
970 1335 1003 1392 et
1037 1318 1273 1417 metropolitae,
1311 1343 1404 1416 prae-

336 1421 385 1488 'ter
409 1433 513 1490 cetera
534 1417 730 1515 pontificalia
759 1417 1105 1509 omamenughabent
1130 1417 1285 1514 pallium,
1310 1419 1404 1516 cujus

335 1500 425 1610 origo
457 1517 662 1590 a-dirisione
693 1516 975 1590 ecelesiasticorum
1005 1519 1245 1615 provinciarum
1272 1515 1404 1588 ridetur

164 1629 173 1676 .’
238 1616 240 1620 ’
336 1612 529 1710 repetenda,
570 1639 621 1721 eo·
639 1618 819 1713 praesertim
848 1630 1010 1711 tempore,
1051 1639 1117 1712 quo
1157 1613 1337 1686 sacerdotes
1381 1641 1402 1684 a

336 1709 496 1806 diacopis‚
526 1739 545 1784 a
582 1711 799 1784 sacerdotibus
828 1714 990 1809 episcopi,
1022 1729 1120 1811 atque
1153 1715 1239 1784 inter
1267 1715 1404 1809 eosqui

334 1811 515 1906 principem
544 1809 737 1882 obtinebant
767 1809 898 1900 locum,
930 1809 1071 1882 restibus
1103 1809 1259 1908 distingui
1288 1835 1404 1908 coepe·

235 1915 236 1918 ’
335 1905 564 2004 runt'Neque
587 1910 675 1978 enim
698 1906 806 1998 abad,
823 1923 944 2004 praeter
966 1907 1120 2004 pellium,
1152 1908 1404 1981 videturoocur·

333 2027 405 2074 rere
430 2007 617 2076 ornamenti
642 2030 761 2102 genus,
783 2029 849 2102 quo
872 2007 979 2102 episco
1003 2008 1014 2076 i
1043 2009 1131 2079 inter
1153 2031 1188 2079 se
1212 2005 1402 2077 discemen-

333 2117 388 2172 tur
404 2101 472 2199 (l).
493 2102 551 2172 list
572 2119 683 2176 autem
709 2102 845 2202 pellium
860 2102 954 2174 fascia
973 2031 1065 2177 lineo
1084 2104 1221 2178 candida
1239 2103 1318 2202 (ἓ),
1336 2120 1402 2176 tres

333 2200 460 2272 circiter
487 2199 604 2296 digitos
629 2199 715 2294 lete,
752 2204 787 2274 in
824 2200 963 2274 modum
987 2202 1097 2274 circuli
1126 2219 1296 2293 contexte,
1322 2227 1403 2300 quae

333 2295 486 2372 humeros
521 2301 642 2396 cingit,
681 2299 844 2397 habetque
873 2297 914 2370 ab
946 2314 1085 2399 utreque
1123 2316 1215 2398 porte
1240 2301 1338 2374 lineas
1364 2302 1401 2374 in

333 2410 446 2490 pectus
471 2412 505 2467 et
528 2396 681 2470 humeros
705 2397 932 2496 impendentes
957 2425 1033 2470 eum
1060 2425 1114 2472 sex
1143 2401 1250 2471 sericis
1280 2400 1399 2492 nigris-

335 2517 399 2588 que
419 2495 567 2566 crucibus
588 2498 738 2588 intextis,
766 2494 936 2594 tribusque
960 2497 1087 2568 coculis
1110 2500 1215 2569 eureis
1236 2497 1401 2568 constitui·

333 2605 388 2660 tur
428 2606 462 2664 et
487 2592 635 2690 alligetur
668 2594 733 2690 (ὅ).
761 2591 910 2666 Sumitur
934 2620 973 2666 ex
1005 2594 1116 2687 alteri,
1147 2597 1203 2668 ubi
1232 2593 1404 2666 conditum

334 2703 382 2758 est
413 2689 453 2762 B.
486 2691 576 2764 Petri
608 2717 743 2791 eorpus,
776 2691 896 2764 idcireo
928 2719 969 2765 ex
998 2693 1114 2766 eodem
1144 2694 1235 2766 Petri
1266 2717 1404 2790 corpore

333 2803 502 2885 sumptum
531 2789 668 2883 dieitur,
695 2817 732 2864 ac
762 2791 955 2888 peripsum
986 2790 1115 2890 plenior
1142 2792 1403 2890 patriarcharum

333 2899 367 2954 et
394 2888 674 2986 metropolitarum
705 2903 845 2988 potestas
870 2885 1058 2987 designatur
1081 2891 1149 2988 (d).
1173 2889 1264 2962 Olim
1284 2915 1304 2961 a
1325 2887 1405 2961 sede

333 2983 516 3078 Apostolica
537 2989 601 3056 suis
625 2989 765 3078 vicariis,
792 3003 831 3057 ut
857 2987 1059 3084 plurimum,
1089 2989 1295 3061 tribuebatur
1319 2985 1400 3084 (5);

333 3104 425 3170 nune
442 3081 483 3152 ab
496 3109 532 3156 ee
548 3083 644 3156 datur
667 3083 818 3158 omnibus
833 3085 1020 3183 patriarchis
1042 3102 1076 3159 et
1097 3087 1313 3185 metropolitis
1329 3085 1398 3184 (6).

373 3301 415 3385 (l)
436 3306 468 3365 ln
484 3311 563 3366 tenta
581 3305 703 3388 originis
721 3307 800 3386 pallii
822 3306 999 3370 obscuritate
1015 3307 1079 3369 hoec
1099 3310 1203 3370 ceteris
1221 3305 1403 3388 probabilior

333 3384 497 3463 eonjeoturs
517 3386 648 3464 videtur,
666 3407 754 3466 quam
774 3389 865 3452 tradit
881 3390 1000 3452 carolus
1018 3390 1190 3471 Gaglinrdus
1206 3390 1309 3453 Ioatlt.
1326 3389 1400 3449 Jor.

333 3485 440 3532 eonon.
463 3464 514 3530 tt.
537 3471 551 3529 l
573 3467 618 3530 tit.
644 3473 681 3531 tr
707 3489 792 3532 oum.
821 3473 851 3532 5.
872 3471 1033 3534 cardinalis
1048 3473 1188 3534 samnius
1206 3471 1246 3533 od
1268 3491 1318 3534 ors.
1338 3471 1400 3532 556

333 3571 418 3614 uum.
435 3549 475 3612 tt
484 3569 558 3633 pop.
575 3553 631 3614 291
650 3559 721 3614 tom.
736 3555 756 3614 l
770 3551 841 3616 edit.
859 3554 961 3632 Letoce,
975 3553 1095 3633 pallium
1110 3554 1147 3616 ab
1160 3555 1280 3616 eeclesia
1293 3553 1402 3614 indue·

333 3643 396 3696 tum
418 3641 501 3714 putat
522 3633 654 3712 exemplo
677 3635 835 3697 Rationalis
852 3645 882 3696 et
902 3633 1172 3717 superhumeralis,
1190 3636 1274 3716 eujus
1289 3635 1406 3698 mentio

333 3716 422 3777 estin
444 3713 542 3777 Exodo
557 3734 622 3798 rep.
647 3717 666 3776 8
683 3733 762 3778 ocra.
784 3719 820 3795 5,
843 3725 942 3796 etquo
962 3726 1077 3780 tautum
1095 3737 1227 3781 summus
1247 3717 1403 3795 sacerdot,

333 3799 406 3860 elius
423 3807 563 3878 preterea
582 3815 686 3874 nemo,
704 3799 851 3861 utebatur.
871 3802 935 3877 Ito,
956 3800 1069 3880 inquit,
1086 3801 1119 3862 in
1137 3799 1310 3863 christianes
1327 3797 1405 3862 rett-

331 3880 429 3963 9ioois
455 3877 619 3942 sacerdotio
637 3897 732 3962 percus
763 3879 841 3943 illud
861 3879 1041 3961 mutuati,
1067 3881 1147 3967 qood
1167 3879 1300 3966 pallium
1324 3879 1404 3942 diei-

331 3981 413 4042 mm,
432 3960 543 4026 sommi
559 3968 677 4024 tontum
698 3961 854 4048 Pontificio
873 3963 959 4028 morit
978 3964 1063 4043 reri,
1084 3963 1121 4028 ob
1138 3983 1171 4028 eo
1194 3972 1295 4028 tomen
1317 3980 1402 4026 corn·
