3106 5170
492 403 742 490 -1115-Ι

70 566 301 630 commemorari.
318 565 416 630 noes
435 573 532 628 tamen
550 569 621 630 viris
639 567 819 648 haud-piane
832 575 1014 649 compertum
1035 567 1136 649 expio·
1234 595 1238 602 ·

72 661 221 729 ratumque
233 657 293 727 est,
311 657 491 728 perpetuone
507 649 629 726 fierent,
652 669 689 712 an
704 650 793 712 semel
811 652 1009 714 anniversaria
1023 651 1136 728 officia,

72 751 192 810 quorum
215 733 329 812 antiqui
353 732 396 792 ilii
420 735 520 794 Patres
538 735 747 794 meminerunt.
773 735 832 813 Ego
852 735 999 796 ‹asoentinr
1014 735 1066 806 iis,
1087 735 1142 814 qui·
1223 781 1226 790 .

74 815 131 876 hec
145 815 344 880 anniversaria
360 833 463 896 magna
482 823 613 895 exparte
627 824 767 894 perpetua
785 815 1088 896 subsacriu'trantur,
1108 825 1139 878 et

74 897 237 976 hujusmodi
251 915 314 958 esse
329 904 401 976 puto
418 898 665 974 anniversarium,
686 897 771 976 cujus
791 896 925 958 meminit
946 897 1071 962 Tertull.
1099 895 1135 960 de

77 997 236 1062 computu
253 998 320 1062 cap.
342 981 381 1042 10
398 997 473 1062 pop.
502 981 558 1042 oet
577 975 649 1042 edit.
682 981 782 1042 Veuet.
807 979 910 1055 1711,
931 996 999 1042 cum
1013 980 1137 1059 'inquitz

82 1063 260 1124 «Enimvero
279 1071 309 1122 et
324 1079 378 1140 pro
395 1063 492 1122 anima
505 1061 568 1141 ejus
585 1069 665 1138 orat,
688 1069 719 1122 et
732 1059 922 1140 refrigerium
946 1061 1064 1124 interim
1086 1061 1141 1124 ad·
1193 1085 1197 1096 ’

79 1145 197 1221 postulat
210 1145 251 1222 ei,
265 1144 340 1205 etin
355 1144 448 1223 prima
462 1144 675 1206 resurrectione
688 1144 867 1204 consortium
885 1151 914 1202 et
932 1142 1018 1204 offert
1036 1144 1141 1204 annuis

80 1225 176 1288 diebus
185 1225 372 1288 dormitionis
382 1226 455 1305 ejus.
471 1251 484 1281 a
505 1227 535 1288 Si
553 1225 642 1288 seincl
655 1233 770 1286 tanturn
784 1243 915 1286 annuum
930 1223 1059 1288 officium
1072 1244 1142 1304 per·
1210 1255 1213 1260 ·

80 1309 201 1452 suffitum
211 1310 325 1387 luisset,
341 1326 434 1370 unum
447 1316 563 1370 tantum
576 1325 708 1370 annuum
721 1306 817 1382 dem,
832 1325 891 1368 non
905 1305 1004 1386 plures
1016 1309 1139 1370 Tertull.

82 1392 108 1450 lli
131 1392 241 1454 'ma
755 1417 757 1424 '

117 1473 157 1554 (ὅ)
177 1472 377 1536 catechismus
387 1475 474 1536 Rom.
488 1468 533 1534 loe
545 1473 597 1536 cit.

124 1625 154 1728 s.
180 1627 267 1700 LIV.
296 1627 498 1702 Sacrificium
524 1627 735 1700 Eucharistiae
762 1627 877 1700 Missa
914 1641 1143 1724 nuncupatur,

84 1727 166 1820 qnod
197 1726 389 1799 vocabulum
406 1751 475 1800 non
504 1753 667 1824 gracum
698 1742 755 1797 aut
775 1725 982 1815 hebraicum,
1006 1723 1064 1796 sed
1095 1724 1146 1795 la·

27 1881 28 1886 ,
85 1825 183 1896 tinum
207 1839 276 1914 est3
299 1851 432 1916 rerum,
461 1849 587 1896 numa
614 1824 782 1896 mittendis
809 1849 865 1894 seu
887 1821 1145 1895 transmittendis

83 1921 121 1990 nd
148 1924 252 1996 mum
285 1922 398 2021 populi
433 1925 583 2022 precibus
619 1941 716 2022 atque
743 1919 981 2013 oblationibus,
1010 1947 1053 1992 an
1080 1946 1146 2018 po-

84 2021 142 2091 tius
171 2049 190 2092 a
227 2021 389 2094 mittendo
423 2047 480 2094 seu
524 2021 720 2094 dimittendo
746 2019 890 2118 populo,
923 2047 961 2094 ea
986 2019 1144 2108 formula,

86 2143 177 2213 quam
196 2117 349 2192 dianonus
367 2119 540 2211 recitabat,
562 2125 609 2192 ite
634 2125 745 2193 mbae
777 2131 844 2207 est,
871 2119 1037 2192 nonsatis
1066 2141 1147 2188 con-

86 2233 142 2287 stat
169 2217 237 2315 (l).
271 2217 377 2292 Certe
412 2221 448 2290 in
481 2217 576 2290 Missa
603 2244 714 2315 preces
746 2244 784 2288 ae
811 2218 1011 2289 ceremoniae
1049 2214 1147 2286 adhi-

87 2313 219 2405 bentnr3
260 2334 359 2416 atque
395 2316 450 2388 ille
473 2343 583 2388 earum
608 2315 689 2389 ordo
722 2330 855 2387 vocatur
879 2315 1026 2410 liturgia,
1057 2313 1148 2411 quod

88 2439 224 2506 gracum
254 2432 303 2487 est
332 2413 488 2506 verbum,
519 2441 556 2486 ae
589 2413 689 2486 latine
706 2413 865 2485 redditur
891 2413 1062 2510 publicum
1091 2413 1150 2480 rni-

88 2513 263 2586 nisterium.
291 2512 428 2612 Semper
451 2513 484 2584 bi
502 2515 603 2604 ritus,
628 2527 726 2610 atque
753 2511 805 2582 he
830 2537 940 2609 preces
967 2513 1004 2580 in
1031 2509 1149 2607 quibus

89 2609 179 2680 verba
211 2610 330 2684 Christi
369 2609 602 2684 Eucharistiam
640 2613 836 2682 instituentis
873 2611 1053 2706 principem
1096 2606 1149 2678 lo-

89 2733 157 2780 tum
187 2710 357 2799 obtinent,
384 2708 531 2782 adbiberi
562 2723 820 2795 consueverunt,
853 2707 910 2778 sed
937 2732 1007 2777 non
1037 2705 1151 2777 eadem

91 2805 146 2876 luit
169 2833 206 2879 ea
228 2808 272 2879 de
301 2833 338 2880 re
367 2807 571 2880 ecclesiarum
601 2809 748 2878 omnium
775 2805 942 2902 disciplina
965 2802 1024 2902 (2)
1067 2803 1152 2873 Hinc

91 2903 210 2998 plnres,
229 2931 289 3004 pro
310 2907 395 2978 rana
412 2921 599 3004 temporum
620 2931 657 2976 ae
685 2904 833 2976 locorum
858 2906 1002 2990 ratione,
1032 2916 1151 2974 exortae

93 3019 162 3073 sunt
193 3003 334 3099 liturgiae
366 3003 441 3102 (5);
468 3022 501 3078 et
542 3006 578 3072 in
614 3001 750 3074 Oriente
791 3001 925 3099 quidem
963 2997 1153 3072 celebriores

95 3097 219 3174 luerem
245 3101 386 3198 liturgiae
419 3101 456 3174 S.
482 3100 590 3172 Basilii
621 3127 658 3172 ac
688 3099 724 3171 S.
751 3101 804 3171 lo.
837 3099 977 3197 Chrys,
998 3101 1034 3168 in
1052 3097 1153 3170 Occi-

96 3197 186 3272 dente
201 3201 367 3291 Remana,
391 3199 621 3289 Ambrosiana,
651 3197 832 3288 Gallicana,
861 3197 1050 3294 Hispanico,
1077 3219 1152 3293 quae

96 3299 185 3370 etiem
199 3297 398 3372 ldonarabica
421 3296 604 3396 appellatur
620 3297 688 3394 (t).

131 3445 172 3529 (i)
192 3446 298 3508 Confer
314 3445 543 3522 oudilonem,
573 3445 624 3524 qui
644 3443 682 3506 de
706 3444 800 3506 Missae
816 3441 936 3504 nomine
956 3441 1076 3521 ejusque
1094 3441 1155 3502 ori·

95 3528 157 3606 gine
171 3528 230 3590 late
250 3529 379 3607 disputat
395 3545 456 3590 rer.
480 3525 581 3611 lituty.
603 3524 654 3588 to.
676 3529 690 3587 1
707 3545 775 3608 cop.
798 3528 812 3588 1
834 3541 907 3607 puy.
926 3526 940 3586 1
964 3533 1067 3607 etseq.
1088 3533 1109 3584 t.
1136 3525 1151 3583 1
1174 3571 1177 3578 .

94 3608 136 3670 cd.
152 3609 281 3672 Tauria.
297 3611 395 3685 tttt,·
415 3616 555 3689 praterea
577 3611 647 3670 Ben.
669 3611 739 3672 xlv
762 3606 799 3670 de
820 3625 899 3668 sacr.
925 3605 1029 3668 Missae
1046 3602 1154 3685 sends.

95 3688 141 3752 te.
153 3696 173 3754 2
186 3712 253 3776 cap.
269 3696 297 3754 1.
309 3714 318 3769 ;
330 3695 395 3758 Nat.
404 3692 545 3754 Alexand.
558 3689 705 3756 dictami.
718 3691 835 3752 aceli
846 3697 874 3750 et
886 3686 1003 3750 lidiae.
1019 3689 1057 3748 15
1069 3703 1154 3746 num.

95 3777 133 3835 to
149 3783 220 3838 mm.
236 3777 256 3836 8
274 3793 345 3858 pay.
366 3775 425 3836 tat
443 3773 489 3836 ed.
511 3775 583 3837 Vero.
605 3773 701 3850 17763
726 3771 902 3836 Gerbertum
916 3767 1049 3852 princip.
1068 3763 1154 3828 theol.

97 3853 150 3919 lita
188 3865 277 3919 .aect.
295 3861 309 3919 1
326 3875 393 3938 cop.
411 3857 430 3918 2
438 3875 510 3939 paq.
528 3858 566 3918 57
579 3873 639 3939 aeq.

132 3876 184 4020 (il
194 3939 363 4020 Apostolos,
388 3939 507 4000 recitata
532 3939 662 4000 oratione
685 3937 837 3997 Dominiea
863 3941 892 3994 et
915 3931 1039 3993 formula
1056 3947 1157 3992 couse-

96 4022 243 4103 crationia,
266 4040 330 4084 rem
344 4021 474 4084 divinam
488 4020 658 4099 coniecisse,
673 4018 806 4080 scribunt
821 4020 908 4097 Greg.
925 4018 964 4077 u.
984 4010 1005 4074 l.
1021 4013 1039 4074 9
1056 4031 1101 4096 ep.
1119 4014 1158 4074 tu
