<?xml version="1.0" encoding="UTF-8"?>
<!DOCTYPE html PUBLIC "-//W3C//DTD XHTML 1.0 Transitional//EN"
    "http://www.w3.org/TR/xhtml1/DTD/xhtml1-transitional.dtd">
<html xmlns="http://www.w3.org/1999/xhtml" xml:lang="en" lang="en">
 <head>
  <title>
</title>
<meta http-equiv="Content-Type" content="text/html;charset=utf-8" />
  <meta name='ocr-system' content='tesseract 3.04.00' />
  <meta name='ocr-capabilities' content='ocr_page ocr_carea ocr_par ocr_line ocrx_word'/>
</head>
<body>
  <div class='ocr_page' id='page_1' title='image "./institutionumca00devogoog_0367.png"; bbox 0 0 3102 5184; ppageno 0'>
   <div class='ocr_carea' id='block_1_1' title="bbox 832 461 1052 531">
    <p class='ocr_par' dir='ltr' id='par_1_1' title="bbox 832 461 1052 531">
     <span class='ocr_line' id='line_1_1' title="bbox 832 461 1052 531; baseline 0 -13"><span class='ocrx_word' id='word_1_1' title='bbox 832 461 1052 531; x_wconf 72' lang='lat'>..564-</span> 
     </span>
    </p>
   </div>
   <div class='ocr_carea' id='block_1_2' title="bbox 398 610 1475 1890">
    <p class='ocr_par' dir='ltr' id='par_1_2' title="bbox 398 610 1475 1890">
     <span class='ocr_line' id='line_1_2' title="bbox 401 610 1475 712; baseline -0.004 -24"><span class='ocrx_word' id='word_1_2' title='bbox 401 639 544 712; x_wconf 86' lang='lat' dir='ltr'><strong>namque</strong></span> <span class='ocrx_word' id='word_1_3' title='bbox 574 635 687 682; x_wconf 86' lang='lat' dir='ltr'><strong>earum</strong></span> <span class='ocrx_word' id='word_1_4' title='bbox 711 610 920 702; x_wconf 79' lang='lat' dir='ltr'><strong>beatitatem,</strong></span> <span class='ocrx_word' id='word_1_5' title='bbox 949 625 1117 708; x_wconf 82' lang='lat' dir='ltr'><strong>tamquam</strong></span> <span class='ocrx_word' id='word_1_6' title='bbox 1144 610 1185 680; x_wconf 88' lang='lat' dir='ltr'><strong>ad</strong></span> <span class='ocrx_word' id='word_1_7' title='bbox 1216 611 1318 684; x_wconf 87' lang='lat' dir='ltr'><strong>linem</strong></span> <span class='ocrx_word' id='word_1_8' title='bbox 1342 629 1376 684; x_wconf 87' lang='lat' dir='ltr'><strong>et</strong></span> <span class='ocrx_word' id='word_1_9' title='bbox 1401 627 1475 685; x_wconf 88' lang='lat' dir='ltr'><strong>ter-</strong></span> 
     </span>
     <span class='ocr_line' id='line_1_3' title="bbox 401 709 1475 808; baseline -0.017 -22"><span class='ocrx_word' id='word_1_10' title='bbox 401 718 550 802; x_wconf 90' lang='lat' dir='ltr'><strong>minum,</strong></span> <span class='ocrx_word' id='word_1_11' title='bbox 590 726 669 782; x_wconf 83' lang='lat' dir='ltr'><strong>totae</strong></span> <span class='ocrx_word' id='word_1_12' title='bbox 693 709 901 796; x_wconf 80' lang='lat' dir='ltr'><strong>reseruntur3</strong></span> <span class='ocrx_word' id='word_1_13' title='bbox 946 723 1045 806; x_wconf 83' lang='lat' dir='ltr'><strong>atque</strong></span> <span class='ocrx_word' id='word_1_14' title='bbox 1087 709 1155 781; x_wconf 84' lang='lat' dir='ltr'><strong>bne</strong></span> <span class='ocrx_word' id='word_1_15' title='bbox 1189 726 1339 808; x_wconf 78' lang='lat' dir='ltr'><strong>epactam</strong></span> <span class='ocrx_word' id='word_1_16' title='bbox 1365 737 1475 784; x_wconf 66' lang='lat' dir='ltr'><strong>sam.</strong></span> 
     </span>
     <span class='ocr_line' id='line_1_4' title="bbox 400 807 1475 908; baseline -0.001 -24"><span class='ocrx_word' id='word_1_17' title='bbox 400 827 531 901; x_wconf 87' lang='lat' dir='ltr'><strong>menta,</strong></span> <span class='ocrx_word' id='word_1_18' title='bbox 562 835 695 908; x_wconf 79' lang='lat' dir='ltr'><strong>praees,</strong></span> <span class='ocrx_word' id='word_1_19' title='bbox 715 811 731 908; x_wconf 88' lang='lat' dir='ltr'><strong>j</strong></span> <span class='ocrx_word' id='word_1_20' title='bbox 754 809 861 898; x_wconf 72' lang='lat' dir='ltr'><strong>unia,</strong></span> <span class='ocrx_word' id='word_1_21' title='bbox 887 807 955 879; x_wconf 84' lang='lat' dir='ltr'><strong>dies</strong></span> <span class='ocrx_word' id='word_1_22' title='bbox 983 809 1076 896; x_wconf 84' lang='lat' dir='ltr'><strong>festi,</strong></span> <span class='ocrx_word' id='word_1_23' title='bbox 1108 807 1339 904; x_wconf 74' lang='lat' dir='ltr'><strong>indulgentiae,</strong></span> <span class='ocrx_word' id='word_1_24' title='bbox 1367 828 1475 883; x_wconf 84' lang='lat' dir='ltr'><strong>uetera</strong></span> 
     </span>
     <span class='ocr_line' id='line_1_5' title="bbox 399 904 1475 1021; baseline -0.003 -38"><span class='ocrx_word' id='word_1_25' title='bbox 399 912 525 1006; x_wconf 76' lang='lat' dir='ltr'><strong>generis</strong></span> <span class='ocrx_word' id='word_1_26' title='bbox 555 907 715 1021; x_wconf 76' lang='lat' dir='ltr'><strong>ejusdem.</strong></span> <span class='ocrx_word' id='word_1_27' title='bbox 776 909 920 978; x_wconf 87' lang='lat' dir='ltr'><strong>ertinent</strong></span> <span class='ocrx_word' id='word_1_28' title='bbox 951 908 1051 1020; x_wconf 75' lang='lat' dir='ltr'><strong>etiam</strong></span> <span class='ocrx_word' id='word_1_29' title='bbox 1073 904 1114 1020; x_wconf 71' lang='lat' dir='ltr'><strong>aul</strong></span> <span class='ocrx_word' id='word_1_30' title='bbox 1142 907 1323 1004; x_wconf 76' lang='lat' dir='ltr'><strong>spirituales</strong></span> <span class='ocrx_word' id='word_1_31' title='bbox 1349 935 1401 980; x_wconf 88' lang='lat' dir='ltr'><strong>res</strong></span> <span class='ocrx_word' id='word_1_32' title='bbox 1422 937 1475 980; x_wconf 90' lang='lat' dir='ltr'><strong>sa·</strong></span> 
     </span>
     <span class='ocr_line' id='line_1_6' title="bbox 398 1003 1474 1203; baseline -0.001 -26"><span class='ocrx_word' id='word_1_33' title='bbox 398 1031 600 1178; x_wconf 62' lang='lat' dir='ltr'><strong>ltili</strong></span> <span class='ocrx_word' id='word_1_34' title='bbox 628 1003 1109 1191; x_wconf 56' lang='lat' dir='ltr'><strong>iiii‘a&#39;iioeiifsiiii</strong></span> <span class='ocrx_word' id='word_1_35' title='bbox 1123 1021 1474 1203; x_wconf 50' lang='lat' dir='ltr'><strong>{ritimis}</strong></span> 
     </span>
     <span class='ocr_line' id='line_1_7' title="bbox 398 1200 1474 1300; baseline 0 -26"><span class='ocrx_word' id='word_1_36' title='bbox 398 1231 471 1276; x_wconf 83' lang='lat' dir='ltr'><strong>vasa</strong></span> <span class='ocrx_word' id='word_1_37' title='bbox 499 1220 533 1276; x_wconf 88' lang='lat' dir='ltr'><strong>et</strong></span> <span class='ocrx_word' id='word_1_38' title='bbox 551 1217 761 1288; x_wconf 79' lang='lat' dir='ltr'><strong>omamentu3</strong></span> <span class='ocrx_word' id='word_1_39' title='bbox 784 1203 930 1300; x_wconf 79' lang='lat' dir='ltr'><strong>itemque</strong></span> <span class='ocrx_word' id='word_1_40' title='bbox 943 1225 994 1272; x_wconf 78' lang='lat' dir='ltr'><strong>ree</strong></span> <span class='ocrx_word' id='word_1_41' title='bbox 1021 1200 1196 1296; x_wconf 74' lang='lat' dir='ltr'><strong>religiosae,</strong></span> <span class='ocrx_word' id='word_1_42' title='bbox 1219 1201 1338 1274; x_wconf 86' lang='lat' dir='ltr'><strong>domus</strong></span> <span class='ocrx_word' id='word_1_43' title='bbox 1352 1203 1474 1275; x_wconf 82' lang='lat' dir='ltr'><strong>scilieet</strong></span> 
     </span>
     <span class='ocr_line' id='line_1_8' title="bbox 399 1299 1472 1402; baseline -0.004 -27"><span class='ocrx_word' id='word_1_44' title='bbox 399 1320 434 1375; x_wconf 91' lang='lat' dir='ltr'><strong>et</strong></span> <span class='ocrx_word' id='word_1_45' title='bbox 460 1303 549 1392; x_wconf 84' lang='lat' dir='ltr'><strong>loca,</strong></span> <span class='ocrx_word' id='word_1_46' title='bbox 578 1303 615 1372; x_wconf 92' lang='lat' dir='ltr'><strong>in</strong></span> <span class='ocrx_word' id='word_1_47' title='bbox 641 1299 759 1402; x_wconf 88' lang='lat' dir='ltr'><strong>quibus</strong></span> <span class='ocrx_word' id='word_1_48' title='bbox 790 1299 843 1372; x_wconf 76' lang='lat' dir='ltr'><strong>rel</strong></span> <span class='ocrx_word' id='word_1_49' title='bbox 881 1299 1044 1396; x_wconf 73' lang='lat' dir='ltr'><strong>regulares</strong></span> <span class='ocrx_word' id='word_1_50' title='bbox 1067 1301 1168 1372; x_wconf 80' lang='lat' dir='ltr'><strong>vitam</strong></span> <span class='ocrx_word' id='word_1_51' title='bbox 1195 1300 1386 1392; x_wconf 78' lang='lat' dir='ltr'><strong>traducunt,</strong></span> <span class='ocrx_word' id='word_1_52' title='bbox 1423 1303 1472 1373; x_wconf 84' lang='lat' dir='ltr'><strong>rel</strong></span> 
     </span>
     <span class='ocr_line' id='line_1_9' title="bbox 399 1395 1473 1499; baseline 0.001 -28"><span class='ocrx_word' id='word_1_53' title='bbox 399 1415 558 1499; x_wconf 80' lang='lat' dir='ltr'><strong>pauperes</strong></span> <span class='ocrx_word' id='word_1_54' title='bbox 586 1415 685 1498; x_wconf 91' lang='lat' dir='ltr'><strong>atque</strong></span> <span class='ocrx_word' id='word_1_55' title='bbox 715 1400 828 1494; x_wconf 74' lang='lat' dir='ltr'><strong>aegroti</strong></span> <span class='ocrx_word' id='word_1_56' title='bbox 851 1414 1027 1487; x_wconf 80' lang='lat' dir='ltr'>curantur,</span> <span class='ocrx_word' id='word_1_57' title='bbox 1066 1395 1118 1468; x_wconf 85' lang='lat' dir='ltr'><strong>vel</strong></span> <span class='ocrx_word' id='word_1_58' title='bbox 1138 1395 1288 1470; x_wconf 82' lang='lat' dir='ltr'><strong>fidelium</strong></span> <span class='ocrx_word' id='word_1_59' title='bbox 1317 1399 1473 1473; x_wconf 81' lang='lat' dir='ltr'><strong>cadavera</strong></span> 
     </span>
     <span class='ocr_line' id='line_1_10' title="bbox 400 1495 1473 1669; baseline 0.001 -1"><span class='ocrx_word' id='word_1_60' title='bbox 400 1496 963 1668; x_wconf 53' lang='lat' dir='ltr'><strong>”Pelllinlimlml‘ii</strong></span> <span class='ocrx_word' id='word_1_61' title='bbox 984 1495 1323 1668; x_wconf 61' lang='lat' dir='ltr'><strong>uultui</strong></span> <span class='ocrx_word' id='word_1_62' title='bbox 1349 1498 1473 1669; x_wconf 59' lang='lat' dir='ltr'><strong>,pa</strong></span> 
     </span>
     <span class='ocr_line' id='line_1_11' title="bbox 399 1613 1471 1890; baseline 0.003 -126"><span class='ocrx_word' id='word_1_63' title='bbox 399 1613 470 1786; x_wconf 61' lang='lat' dir='ltr'><strong>iis,</strong></span> <span class='ocrx_word' id='word_1_64' title='bbox 501 1624 688 1890; x_wconf 74' lang='lat' dir='ltr'><strong>1b(1ppiaque</strong></span> <span class='ocrx_word' id='word_1_65' title='bbox 729 1693 771 1764; x_wconf 90' lang='lat' dir='ltr'><strong>ad</strong></span> <span class='ocrx_word' id='word_1_66' title='bbox 804 1619 975 1789; x_wconf 50' lang='lat' dir='ltr'><strong>&#39;aquitonis</strong></span> <span class='ocrx_word' id='word_1_67' title='bbox 1007 1719 1103 1764; x_wconf 83' lang='lat' dir='ltr'><strong>usum</strong></span> <span class='ocrx_word' id='word_1_68' title='bbox 1132 1697 1308 1766; x_wconf 76' lang='lat' dir='ltr'><strong>necessaria</strong></span> <span class='ocrx_word' id='word_1_69' title='bbox 1336 1623 1471 1794; x_wconf 53' lang='lat' dir='ltr'><strong>gurgi:</strong></span> 
     </span>
     <span class='ocr_line' id='line_1_12' title="bbox 399 1810 595 1865; baseline 0.015 -3"><span class='ocrx_word' id='word_1_70' title='bbox 399 1810 514 1864; x_wconf 89' lang='lat' dir='ltr'><strong>rantur</strong></span> <span class='ocrx_word' id='word_1_71' title='bbox 585 1843 595 1865; x_wconf 89' lang='lat'><strong>.</strong></span> 
     </span>
    </p>
   </div>
   <div class='ocr_carea' id='block_1_3' title="bbox 399 1989 1469 2236">
    <p class='ocr_par' dir='ltr' id='par_1_3' title="bbox 399 1989 1469 2236">
     <span class='ocr_line' id='line_1_13' title="bbox 440 1989 1466 2072; baseline 0.002 -20"><span class='ocrx_word' id='word_1_72' title='bbox 440 1989 482 2072; x_wconf 78' lang='lat' dir='ltr'><strong>(l)</strong></span> <span class='ocrx_word' id='word_1_73' title='bbox 499 1989 694 2054; x_wconf 79' lang='lat' dir='ltr'><strong>Eedesiastiea</strong></span> <span class='ocrx_word' id='word_1_74' title='bbox 707 1989 829 2070; x_wconf 82' lang='lat' dir='ltr'><strong>quidetn</strong></span> <span class='ocrx_word' id='word_1_75' title='bbox 843 1989 954 2070; x_wconf 72' lang='lat' dir='ltr'><strong>pradia</strong></span> <span class='ocrx_word' id='word_1_76' title='bbox 967 1989 1124 2070; x_wconf 81' lang='lat' dir='ltr'><strong>aliquando</strong></span> <span class='ocrx_word' id='word_1_77' title='bbox 1136 1991 1299 2072; x_wconf 72' lang='lat' dir='ltr'><strong>spiritualia</strong></span> <span class='ocrx_word' id='word_1_78' title='bbox 1313 1991 1466 2068; x_wconf 76' lang='lat' dir='ltr'><strong>dictantur,</strong></span> 
     </span>
     <span class='ocr_line' id='line_1_14' title="bbox 399 2073 1469 2154; baseline 0.004 -22"><span class='ocrx_word' id='word_1_79' title='bbox 399 2089 459 2134; x_wconf 85' lang='lat' dir='ltr'><strong>nun</strong></span> <span class='ocrx_word' id='word_1_80' title='bbox 471 2073 552 2153; x_wconf 85' lang='lat' dir='ltr'><strong>quod</strong></span> <span class='ocrx_word' id='word_1_81' title='bbox 566 2092 599 2134; x_wconf 84' lang='lat' dir='ltr'><strong>ea</strong></span> <span class='ocrx_word' id='word_1_82' title='bbox 611 2091 714 2134; x_wconf 83' lang='lat' dir='ltr'><strong>revera</strong></span> <span class='ocrx_word' id='word_1_83' title='bbox 727 2074 802 2150; x_wconf 87' lang='lat' dir='ltr'><strong>sint,</strong></span> <span class='ocrx_word' id='word_1_84' title='bbox 814 2093 881 2153; x_wconf 73' lang='lat' dir='ltr'><strong>qua</strong></span> <span class='ocrx_word' id='word_1_85' title='bbox 893 2074 979 2134; x_wconf 86' lang='lat' dir='ltr'><strong>nubis</strong></span> <span class='ocrx_word' id='word_1_86' title='bbox 993 2073 1048 2134; x_wconf 85' lang='lat' dir='ltr'><strong>bue</strong></span> <span class='ocrx_word' id='word_1_87' title='bbox 1060 2073 1123 2135; x_wconf 82' lang='lat' dir='ltr'><strong>luau</strong></span> <span class='ocrx_word' id='word_1_88' title='bbox 1136 2075 1297 2154; x_wconf 78' lang='lat' dir='ltr'><strong>spiritualia</strong></span> <span class='ocrx_word' id='word_1_89' title='bbox 1313 2093 1375 2136; x_wconf 86' lang='lat' dir='ltr'><strong>esse</strong></span> <span class='ocrx_word' id='word_1_90' title='bbox 1388 2076 1469 2136; x_wconf 85' lang='lat' dir='ltr'><strong>dixi-</strong></span> 
     </span>
     <span class='ocr_line' id='line_1_15' title="bbox 399 2155 1341 2236; baseline 0.001 -21"><span class='ocrx_word' id='word_1_91' title='bbox 399 2173 481 2232; x_wconf 87' lang='lat' dir='ltr'><strong>mus,</strong></span> <span class='ocrx_word' id='word_1_92' title='bbox 497 2156 549 2218; x_wconf 85' lang='lat' dir='ltr'><strong>sed</strong></span> <span class='ocrx_word' id='word_1_93' title='bbox 563 2155 643 2236; x_wconf 86' lang='lat' dir='ltr'><strong>quud</strong></span> <span class='ocrx_word' id='word_1_94' title='bbox 656 2155 856 2236; x_wconf 78' lang='lat' dir='ltr'><strong>spiritualibus</strong></span> <span class='ocrx_word' id='word_1_95' title='bbox 870 2157 1049 2234; x_wconf 77' lang='lat' dir='ltr'><strong>inserviant,</strong></span> <span class='ocrx_word' id='word_1_96' title='bbox 1066 2163 1097 2217; x_wconf 88' lang='lat' dir='ltr'><strong>et</strong></span> <span class='ocrx_word' id='word_1_97' title='bbox 1109 2175 1144 2218; x_wconf 85' lang='lat' dir='ltr'><strong>eu</strong></span> <span class='ocrx_word' id='word_1_98' title='bbox 1162 2158 1341 2218; x_wconf 76' lang='lat' dir='ltr'><strong>referuntur.</strong></span> 
     </span>
    </p>
   </div>
   <div class='ocr_carea' id='block_1_4' title="bbox 400 2334 1466 2728">
    <p class='ocr_par' dir='ltr' id='par_1_4' title="bbox 400 2334 1466 2728">
     <span class='ocr_line' id='line_1_16' title="bbox 448 2334 1464 2435; baseline 0 -29"><span class='ocrx_word' id='word_1_99' title='bbox 448 2334 479 2435; x_wconf 63' lang='grc' dir='ltr'><strong>ς.</strong></span> <span class='ocrx_word' id='word_1_100' title='bbox 507 2335 550 2406; x_wconf 90' lang='lat' dir='ltr'><strong>ll.</strong></span> <span class='ocrx_word' id='word_1_101' title='bbox 580 2335 629 2406; x_wconf 88' lang='lat' dir='ltr'><strong>De</strong></span> <span class='ocrx_word' id='word_1_102' title='bbox 650 2335 869 2432; x_wconf 83' lang='lat' dir='ltr'><strong>spiritualibus</strong></span> <span class='ocrx_word' id='word_1_103' title='bbox 886 2351 1017 2431; x_wconf 82' lang='lat' dir='ltr'><strong>agentes</strong></span> <span class='ocrx_word' id='word_1_104' title='bbox 1036 2361 1103 2406; x_wconf 93' lang='lat' dir='ltr'><strong>non</strong></span> <span class='ocrx_word' id='word_1_105' title='bbox 1122 2335 1267 2407; x_wconf 83' lang='lat' dir='ltr'><strong>diuemus</strong></span> <span class='ocrx_word' id='word_1_106' title='bbox 1283 2335 1325 2406; x_wconf 92' lang='lat' dir='ltr'><strong>de</strong></span> <span class='ocrx_word' id='word_1_107' title='bbox 1345 2338 1464 2432; x_wconf 81' lang='lat' dir='ltr'><strong>gratia,</strong></span> 
     </span>
     <span class='ocr_line' id='line_1_17' title="bbox 400 2431 1466 2532; baseline -0.001 -28"><span class='ocrx_word' id='word_1_108' title='bbox 400 2431 489 2524; x_wconf 87' lang='lat' dir='ltr'><strong>fide,</strong></span> <span class='ocrx_word' id='word_1_109' title='bbox 518 2433 692 2524; x_wconf 75' lang='lat' dir='ltr'><strong>charitate,</strong></span> <span class='ocrx_word' id='word_1_110' title='bbox 724 2437 903 2531; x_wconf 76' lang='lat' dir='ltr'><strong>ueterisque</strong></span> <span class='ocrx_word' id='word_1_111' title='bbox 931 2433 1124 2525; x_wconf 82' lang='lat' dir='ltr'><strong>virtutibus,</strong></span> <span class='ocrx_word' id='word_1_112' title='bbox 1156 2459 1232 2532; x_wconf 83' lang='lat' dir='ltr'><strong>quae</strong></span> <span class='ocrx_word' id='word_1_113' title='bbox 1261 2450 1338 2505; x_wconf 92' lang='lat' dir='ltr'><strong>sunt</strong></span> <span class='ocrx_word' id='word_1_114' title='bbox 1362 2439 1466 2506; x_wconf 87' lang='lat' dir='ltr'><strong>anima</strong></span> 
     </span>
     <span class='ocr_line' id='line_1_18' title="bbox 400 2531 1466 2630; baseline -0.002 -26"><span class='ocrx_word' id='word_1_115' title='bbox 400 2533 582 2604; x_wconf 70' lang='lat' dir='ltr'><strong>christianae</strong></span> <span class='ocrx_word' id='word_1_116' title='bbox 620 2531 803 2628; x_wconf 81' lang='lat' dir='ltr'><strong>religionis,</strong></span> <span class='ocrx_word' id='word_1_117' title='bbox 851 2535 1005 2630; x_wconf 74' lang='lat' dir='ltr'><strong>quioniam</strong></span> <span class='ocrx_word' id='word_1_118' title='bbox 1049 2532 1090 2602; x_wconf 89' lang='lat' dir='ltr'><strong>ad</strong></span> <span class='ocrx_word' id='word_1_119' title='bbox 1132 2531 1301 2628; x_wconf 80' lang='lat' dir='ltr'><strong>theologos</strong></span> <span class='ocrx_word' id='word_1_120' title='bbox 1326 2535 1466 2629; x_wconf 83' lang='lat' dir='ltr'><strong>pertinet</strong></span> 
     </span>
     <span class='ocr_line' id='line_1_19' title="bbox 401 2627 1466 2728; baseline 0 -28"><span class='ocrx_word' id='word_1_121' title='bbox 401 2648 469 2704; x_wconf 88' lang='lat' dir='ltr'><strong>tota</strong></span> <span class='ocrx_word' id='word_1_122' title='bbox 496 2629 568 2704; x_wconf 82' lang='lat' dir='ltr'><strong>baec</strong></span> <span class='ocrx_word' id='word_1_123' title='bbox 600 2629 788 2728; x_wconf 85' lang='lat' dir='ltr'><strong>disputatio·</strong></span> <span class='ocrx_word' id='word_1_124' title='bbox 825 2627 893 2701; x_wconf 86' lang='lat' dir='ltr'><strong>Nos</strong></span> <span class='ocrx_word' id='word_1_125' title='bbox 915 2629 957 2700; x_wconf 88' lang='lat' dir='ltr'><strong>de</strong></span> <span class='ocrx_word' id='word_1_126' title='bbox 984 2633 1021 2700; x_wconf 88' lang='lat' dir='ltr'><strong>iis</strong></span> <span class='ocrx_word' id='word_1_127' title='bbox 1048 2657 1197 2728; x_wconf 82' lang='lat' dir='ltr'><strong>agemus,</strong></span> <span class='ocrx_word' id='word_1_128' title='bbox 1228 2656 1303 2728; x_wconf 84' lang='lat' dir='ltr'><strong>quae</strong></span> <span class='ocrx_word' id='word_1_129' title='bbox 1337 2634 1466 2728; x_wconf 87' lang='lat' dir='ltr'><strong>propria</strong></span> 
     </span>
    </p>
   </div>
   <div class='ocr_carea' id='block_1_5' title="bbox 305 2727 1467 2996">
    <p class='ocr_par' dir='ltr' id='par_1_5' title="bbox 305 2727 1467 2996">
     <span class='ocr_line' id='line_1_20' title="bbox 305 2727 1467 2827; baseline 0.003 -29"><span class='ocrx_word' id='word_1_130' title='bbox 305 2729 308 2744; x_wconf 92' lang='lat'>&#39;</span> <span class='ocrx_word' id='word_1_131' title='bbox 400 2729 487 2800; x_wconf 84' lang='lat' dir='ltr'><strong>luris</strong></span> <span class='ocrx_word' id='word_1_132' title='bbox 517 2731 662 2801; x_wconf 87' lang='lat' dir='ltr'><strong>canonici</strong></span> <span class='ocrx_word' id='word_1_133' title='bbox 691 2743 786 2816; x_wconf 83' lang='lat' dir='ltr'><strong>sunt;</strong></span> <span class='ocrx_word' id='word_1_134' title='bbox 829 2743 863 2798; x_wconf 87' lang='lat' dir='ltr'><strong>et</strong></span> <span class='ocrx_word' id='word_1_135' title='bbox 893 2727 1098 2800; x_wconf 87' lang='lat' dir='ltr'><strong>ordiemura</strong></span> <span class='ocrx_word' id='word_1_136' title='bbox 1126 2727 1362 2820; x_wconf 74' lang='lat' dir='ltr'><strong>Sacramenta,</strong></span> <span class='ocrx_word' id='word_1_137' title='bbox 1395 2753 1467 2827; x_wconf 84' lang='lat' dir='ltr'><strong>quae</strong></span> 
     </span>
     <span class='ocr_line' id='line_1_21' title="bbox 401 2823 1466 2940; baseline 0.001 -43"><span class='ocrx_word' id='word_1_138' title='bbox 401 2825 546 2940; x_wconf 73' lang='lat' dir='ltr'><strong>Cbristua</strong></span> <span class='ocrx_word' id='word_1_139' title='bbox 582 2827 742 2902; x_wconf 85' lang='lat' dir='ltr'><strong>Dominus</strong></span> <span class='ocrx_word' id='word_1_140' title='bbox 778 2823 819 2896; x_wconf 88' lang='lat' dir='ltr'><strong>ad</strong></span> <span class='ocrx_word' id='word_1_141' title='bbox 851 2843 1009 2899; x_wconf 87' lang='lat' dir='ltr'><strong>aeternam</strong></span> <span class='ocrx_word' id='word_1_142' title='bbox 1046 2827 1217 2902; x_wconf 86' lang='lat' dir='ltr'><strong>bominum</strong></span> <span class='ocrx_word' id='word_1_143' title='bbox 1251 2828 1389 2900; x_wconf 83' lang='lat' dir='ltr'><strong>salutem</strong></span> <span class='ocrx_word' id='word_1_144' title='bbox 1415 2832 1466 2898; x_wconf 91' lang='lat' dir='ltr'><strong>in·</strong></span> 
     </span>
     <span class='ocr_line' id='line_1_22' title="bbox 402 2939 517 2996; baseline 0.026 -3"><span class='ocrx_word' id='word_1_145' title='bbox 402 2939 517 2996; x_wconf 76' lang='lat' dir='ltr'><strong>statutt.</strong></span> 
     </span>
    </p>
   </div>
   <div class='ocr_carea' id='block_1_6' title="bbox 0 0 1556 5184">
    <p class='ocr_par' dir='ltr' id='par_1_6' title="bbox 0 0 1556 5184">
     <span class='ocr_line' id='line_1_23' title="bbox 0 0 1556 5184; baseline 0 0"><span class='ocrx_word' id='word_1_146' title='bbox 0 0 1556 5184; x_wconf 95' lang='lat' dir='ltr'><strong> </strong></span> 
     </span>
    </p>
   </div>
  </div>
 </body>
</html>
