3102 5184
772 467 995 538 -586-

346 624 447 685 datum
463 617 586 695 diceret,
605 618 711 680 acriter
727 617 836 680 refellit
851 623 881 680 S.
900 621 1022 698 August.
1041 625 1134 679 contr.
1157 614 1247 678 litter.
1270 614 1418 680 Petiliam

345 704 434 768 tibh
461 722 529 783 cup.
554 704 593 762 st
611 711 639 762 et
659 720 739 784 seqq.
767 697 832 762 ccli.
862 701 938 774 utm-
959 703 1101 760 Bucerum
1117 709 1231 776 autem,
1251 701 1420 780 llelanch.,

345 785 529 866 zuinglium,
547 785 716 858 Calvinum,
735 792 845 843 ceteros
857 781 1023 852 hereticos,
1045 783 1096 860 qui
1110 783 1263 860 utriusque
1281 783 1425 862 baptismi

343 869 404 930 vim
419 867 552 926 eamdem
566 885 629 926 esse
656 865 889 940 arbitrabantur,
915 863 1080 944 profligavit
1102 863 1231 942 synodus
1243 865 1422 926 Tridentina

344 967 415 1012 sess.
431 951 449 1010 7
464 948 499 1010 de
513 947 658 1031 baptismo
676 965 744 1008 can.
767 951 779 1007 l
803 945 849 1006 his
862 945 978 1008 verbis:
1007 973 1019 999 ιι
1038 946 1149 1023 Siquis
1166 946 1289 1020 dixerit,
1306 947 1424 1024 baptis·

343 1049 426 1094 mum
438 1032 558 1094 loannis
574 1031 709 1091 habuisse
721 1028 855 1090 eamdem
874 1029 935 1087 vim
952 1047 1020 1088 cum
1037 1028 1182 1106 baptismo
1200 1027 1324 1104 Christi,
1345 1046 1424 1089 ana-

343 1115 443 1176 thema
454 1113 503 1174 sit.
517 1138 532 1168 ιι
547 1113 654 1175 Cunicr
667 1111 865 1190 Tournelyum
873 1108 1006 1192 praelect.
1021 1107 1145 1192 theolog.
1159 1108 1421 1192 decumambapt.

344 1217 375 1280 p.
400 1199 496 1258 lert.
526 1197 562 1270 5;
587 1214 619 1256 ac
643 1193 711 1255 vide
739 1194 827 1254 etiam
843 1193 956 1256 Drcuin
975 1191 1011 1254 dc
1031 1211 1063 1252 re
1084 1211 1215 1254 aunem.
1237 1190 1289 1254 bb.
1314 1195 1423 1276 bapti

344 1299 410 1360 cup.
441 1281 456 1338 l
482 1276 509 1358 S.
539 1279 576 1354 l,·
602 1276 652 1338 ubi
682 1277 841 1355 quaeritur,
871 1294 943 1336 num
966 1275 1127 1354 baptismus
1154 1276 1274 1337 loannis
1301 1284 1425 1354 peecata

344 1361 520 1422 dimitteret.

392 1515 423 1617 ς.
462 1514 571 1586 XXII.
616 1513 742 1586 Verum
786 1541 823 1586 ac
867 1517 1039 1610 proprium
1089 1528 1327 1585 sacramentum
1365 1533 1426 1586 est

344 1613 464 1686 Christi
488 1613 687 1710 baptismus,
716 1638 820 1710 aquo
848 1618 979 1711 incepit
999 1619 1114 1684 omnia
1134 1612 1222 1707 fidei
1242 1618 1355 1710 ortho,
1388 1629 1427 1686 et

343 1715 394 1786 ad
411 1739 508 1810 apem
531 1717 611 1782 va'toe
626 1725 766 1783 retertur
788 1712 957 1784 salutaris
980 1716 1148 1810 imprecato
1165 1711 1231 1808 (ᾖ).
1253 1710 1426 1782 Definitur

342 1813 378 1880 in
398 1810 590 1880 catechismo
613 1809 761 1880 Romano
781 1810 835 1906 (2)
855 1823 1122 1882 sacramentum
1145 1815 1425 1906 regenerationis

340 1934 406 2006 per
434 1933 568 2002 aquam
597 1911 640 1978 in
673 1908 783 1980 verbo.
817 1907 950 2004 Triplex
977 1907 1159 2003 baptismus
1188 1907 1420 2002 distinguitur,

344 2032 448 2101 nquce
455 2059 468 2093 ,
491 2010 679 2104 sanquine
697 2019 731 2076 et
746 2004 928 2098 flaminis,
952 2031 1007 2076 scu
1028 2007 1204 2078 desiderii.
1233 2005 1423 2101 Baptismus

345 2129 448 2200 ‹tquoe
475 2129 549 2174 vere
577 2120 814 2174 sacramentum
842 2121 910 2192 est,
938 2104 1054 2200 reliqui
1079 2103 1145 2173 duo
1170 2103 1330 2197 flaminis
1354 2108 1423 2174 sci—

343 2201 419 2273 licet
457 2217 555 2298 atque
590 2207 779 2298 sumpseritis
787 2256 800 2290 ,
838 2205 940 2273 vicem
981 2203 1134 2300 baptismi
1174 2217 1345 2298 praestant,
1381 2219 1424 2273 et

344 2299 418 2371 idco
444 2325 503 2397 per
544 2297 791 2370 similitudinem
829 2303 897 2398 ejus
927 2326 1048 2372 nomen
1083 2316 1289 2396 acceperunt:
1329 2297 1423 2371 Nam

345 2401 402 2494 qui
438 2423 499 2494 prc
544 2396 672 2468 Christo
719 2399 913 2498 martyrium
954 2403 1095 2495 patitur,
1140 2401 1198 2494 qui
1229 2403 1425 2496 sampirine's

344 2495 523 2593 baptismus
562 2511 629 2584 cst,
665 2511 699 2565 et
741 2499 797 2592 qui
840 2499 1000 2584 moriens,
1043 2495 1099 2566 ubi
1134 2498 1225 2592 copia
1263 2497 1422 2594 baptismi

345 2621 413 2666 non
445 2610 513 2685 est,
548 2609 678 2690 peccata
709 2592 798 2665 dolet
834 2621 870 2666 ac
905 2595 1101 2691 baptismum
1139 2593 1318 2683 desiderat,
1357 2599 1423 2692 qui

341 2691 504 2785 flaminis
537 2692 717 2789 baptismus
754 2691 891 2782 dicitur,
928 2696 1014 2790 ipsos
1049 2695 1239 2762 sacramenti
1269 2694 1419 2782 fructus,

345 2793 442 2860 etiam
470 2793 538 2861 sine
566 2807 786 2873 sacramento,
815 2807 1061 2887 consequuntur
1079 2791 1144 2888 (5).
1175 2791 1312 2864 Remota
1339 2793 1423 2891 bap-

345 2891 431 2957 tismi
473 2891 605 2959 materia
648 2905 697 2959 cst
730 2915 813 2984 aqua
850 2888 1021 2980 naturalis,
1061 2915 1135 2986 quae
1172 2917 1249 2960 cum
1293 2891 1422 2988 ubique

342 3001 463 3082 praesto
492 2987 554 3074 sit,
587 2989 726 3057 maxime
750 3003 799 3057 est
836 2987 954 3059 idonea
987 2988 1029 3058 ad
1064 3007 1302 3060 sacramentum
1348 3017 1423 3064 crn-

343 3083 440 3154 nibus
472 3086 706 3174 necessarium,
738 3109 878 3184 quaequc
908 3084 1110 3158 demonstrat
1136 3089 1205 3157 e'us
1240 3091 1418 3180 virtutem,

342 3207 403 3278 per
443 3207 543 3278 quam
574 3185 690 3252 animae
719 3183 829 3254 sordes
856 3184 1012 3256 eluuntur
1036 3185 1101 3280 (ti).
1139 3115 1269 3268 duceris
1304 3201 1419 3258 autem

343 3304 426 3376 aqua
453 3278 627 3369 naturalis,
658 3305 733 3378 quae
762 3284 936 3373 mixtione,
976 3299 1033 3352 aut
1073 3283 1210 3355 artificio
1247 3287 1281 3353 in
1319 3285 1423 3358 aliam

341 3393 493 3453 naturam
521 3404 591 3450 non
625 3380 830 3475 migraverit,
864 3397 939 3477 apta
971 3381 1133 3478 baptismo
1169 3386 1249 3471 erit,
1280 3385 1344 3454 sire
1378 3412 1422 3456 ea

341 3477 437 3545 nraris
478 3478 538 3564 sit,
571 3479 637 3548 sire
673 3477 784 3569 fluvii,
830 3481 895 3550 sive
933 3483 1044 3576 putei,
1081 3496 1138 3550 aut
1169 3479 1314 3578 paludis,
1357 3501 1423 3554 aut

341 3573 439 3646 sontis
463 3573 530 3671 (5).

395 3734 423 3812 l)
445 3737 476 3797 S.
493 3735 582 3814 cypr.
594 3753 631 3817 ep
646 3737 685 3796 75
699 3735 853 3821 adlebcj.
868 3757 940 3821 pap.
958 3737 1296 3816 remediaremus.

395 3815 424 3897 ᾗ)
440 3815 613 3878 catechism.
626 3821 711 3878 Rom.
724 3829 806 3912 part.
825 3817 881 3901 ἃς.
898 3825 926 3882 t.
945 3849 958 3874 ιι
970 3823 1047 3897 Quid
1059 3825 1275 3902 estBaptismus
1286 3823 1425 3887 Christi?

342 3900 440 3978 inquit
451 3905 572 3980 August.
594 3903 644 3958 Tr.
666 3902 705 3961 lb
721 3920 755 3960 cn
768 3906 861 3963 loen.
880 3923 964 3964 aaran.
982 3907 1002 3965 t
1021 3901 1074 3964 eol.
1096 3907 1157 3966 408
1176 3914 1246 3968 torn.
1266 3909 1382 3988 dpurt.
1405 3914 1419 3970 l

342 3983 499 4042 Lavacrum
516 4001 598 4059 aquae
614 3983 645 4042 in
662 3981 763 4043 verbo.
783 3985 865 4046 Tolle
880 4003 1000 4064 aquam,
1021 4004 1080 4046 nou
1098 3996 1141 4049 est
1154 3987 1330 4068 baptismum
1347 3991 1424 4052 tolle

341 4063 476 4144 verbum,
491 4073 606 4126 nonest
620 4065 791 4145 baptismus.
