3164 5174
538 391 796 516 -ooo--¹

152 592 191 676 li)
212 592 297 688 Quod
320 591 444 672 dejure
463 597 633 670 potronatus
658 592 845 656 hereditario
868 593 1094 690 intelligepdum
1120 605 1181 674 est3

117 695 176 737 nam
198 676 376 757 gentilitium
401 673 532 735 defertur
554 675 592 736 sd
613 694 791 738 successores
812 695 879 738 eum
901 678 938 740 ris
960 677 1091 760 legibus,
1117 699 1183 761 quae

116 757 142 818 iu
152 759 318 819 fundatione
332 755 587 818 sunteonstitutae.
1016 771 1019 778 '

149 839 189 1005 a
203 837 548 984 annaeo·

157 1075 185 1176 §.
224 1075 332 1150 Lvll.
375 1075 461 1149 Cum
496 1091 624 1148 autem·
647 1080 733 1148 inter
762 1075 872 1175 plures
909 1097 1081 1177 petrones,
1125 1105 1180 1160 eut

115 1180 202 1247 unius
239 1179 370 1273 petroni
406 1173 541 1246 heredes
571 1174 679 1268 lucile-
696 1173 823 1248 dissidia
857 1175 996 1276 litesque
1029 1187 1181 1258 exoriun-

117 1291 182 1365 tur,
220 1277 357 1364 merito,
384 1289 421 1344 ut
445 1271 517 1347 haeo
543 1289 772 1346 removeantur
799 1278 1015 1349 constitutum
1039 1297 1110 1372 est,
1126 1309 1180 1356 eos

116 1390 195 1444 reete
210 1397 304 1470 posse
332 1374 472 1443 interae
495 1371 627 1443 alternis
651 1371 772 1444 vicibus
797 1373 943 1446 diuidere
964 1377 1016 1476 jus
1034 1403 1181 1476 praesen.

118 1471 199 1540 tandi
223 1471 288 1568 (1).
314 1467 399 1556 Quae
420 1469 543 1542 alterna
572 1469 684 1541 divisio
705 1471 768 1542 nisi
799 1470 886 1543 laeta
909 1471 1026 1564 luerit,
1057 1483 1182 1572 quoties

116 1568 251 1640 facienda
272 1571 335 1640 erit
357 1569 583 1667 praesentatio,
607 1593 719 1640 omnes
738 1571 868 1666 patroni
893 1596 989 1642 suum
1012 1571 1182 1648 habebunt

121 1665 318 1762 suffragium,
354 1669 419 1738 sive
454 1693 566 1739 rocem
591 1663 633 1738 ad
667 1691 740 1738 eam
772 1667 1008 1764 expediendum
1045 1670 1118 1770 (2),
1149 1694 1182 1746 et

121 1790 194 1836 eum
220 1768 362 1836 omnium
388 1765 536 1838 voluntas
563 1769 768 1838 consentiens
799 1792 868 1838 non
894 1766 1011 1854 luerit,
1041 1770 1096 1842 ille
1120 1776 1182 1846 erit

122 1862 353 1954 anteferendus,
385 1867 437 1936 eui
487 1863 559 1934 lura
585 1889 724 1936 numero
753 1863 900 1960 suffragia
932 1883 1053 1963 praesto
1082 1887 1178 1964 sunt,

120 1962 176 2030 nisi
214 1961 289 2060 quid
321 1961 406 2034 forte
446 1889 566 2053 elstet,
594 1979 730 2060 propter
771 1963 861 2060 quud
902 1963 1065 2062 repulsam
1096 1968 1181 2043 ferre

117 2057 244 2148 debeat,
277 2087 354 2132 eum
386 2075 496 2132 autem
531 2063 619 2158 paria
645 2077 743 2132 erunt
769 2065 897 2152 omnio,
928 2066 1073 2162 itemque
1104 2094 1180 2140 oum

115 2173 181 2228 orta
194 2159 278 2230 inter
294 2175 447 2256 patronos
471 2159 617 2248 dissidia,
648 2160 734 2229 intra
764 2184 890 2231 menses
919 2178 1059 2260 quatuor
1086 2191 1180 2238 oom-

115 2257 212 2350 posita
239 2283 307 2328 non
341 2257 480 2347 luerint,
516 2261 686 2355 episcopus
718 2253 914 2329 beneficium
941 2261 1086 2334 conseret
1121 2290 1179 2336 suo

115 2352 264 2426 arbitratu
277 2356 344 2453 (5).
368 2373 372 2380 ’

149 2528 190 2610 (1)
207 2529 261 2590 cir.
277 2523 367 2592 Cleon}
381 2529 416 2592 de
430 2533 506 2593 lure
520 2539 604 2612 potr·

148 2611 190 2692 (2)
207 2615 393 2674 presentatio
404 2613 553 2674 interdum
571 2619 679 2691 spectat
694 2613 731 2674 ad
747 2612 916 2692 collegium,
933 2622 963 2674 et
977 2621 1048 2674 tuno
1061 2635 1176 2696 omnes,

112 2693 158 2770 qui
172 2694 325 2775 collegium
343 2695 517 2769 conficiunt,
537 2697 658 2756 vorandi
677 2697 798 2756 suntad
815 2697 971 2756 terendum
986 2695 1175 2778 suffragium,

112 2783 140 2834 et
160 2778 344 2855 presentatio
364 2775 569 2860 eollepiuliter,
595 2785 629 2837 ut
650 2777 803 2856 inquiunt,
830 2775 895 2838 lieri
917 2777 1022 2855 debet,
1047 2779 1119 2841 adeo
1145 2793 1178 2843 ut

111 2866 190 2918 extra
204 2859 355 2940 collegium
368 2861 440 2920 laeta
452 2879 512 2920 non
522 2859 626 2920 valeat.
639 2860 792 2920 interdum
802 2877 872 2920 vero
885 2861 1012 2940 pertinet
1028 2861 1065 2923 ad
1079 2863 1178 2943 plures

112 2939 240 3017 divisim,
259 2943 320 3002 sive
341 2940 389 3002 uti
408 2939 557 3023 riopuloe,
581 2949 610 3001 et
632 2949 703 3002 tune
727 2944 883 3022 separatim
900 2946 1087 3022 presentatio
1112 2945 1176 3008 lieri

111 3029 216 3100 potest,
233 3041 329 3101 neque
346 3041 463 3086 neeesse
478 3032 537 3102 est,
560 3023 639 3103 quod
661 3043 762 3086 omnes
783 3024 887 3086 eodem
904 3034 1036 3105 tempore
1055 3047 1178 3092 eonsen-

115 3123 177 3165 sum
192 3105 352 3184 prebeant.

149 3187 190 3268 (5)
204 3191 276 3270 Cup.
295 3189 313 3250 5
325 3195 354 3249 et
364 3189 402 3248 27
414 3185 449 3248 de
460 3189 536 3249 lure
549 3197 630 3270 potr.
647 3188 727 3249 citat.
743 3185 881 3250 clement.
897 3191 916 3250 2
930 3187 1042 3252 eodem.

154 3342 185 3445 ς.
221 3343 337 3414 LVlll.
375 3345 546 3416 Amittitur
570 3347 625 3442 jus
650 3360 857 3441 patronatus,
887 3349 912 3415 si
933 3363 1090 3443 patronus
1118 3375 1175 3420 ec·

111 3442 235 3513 elesiam
260 3469 408 3539 reparare
448 3460 482 3514 et
514 3467 701 3514 conservare
734 3459 858 3514 recuset
887 3443 961 3542 (l),
1005 3448 1031 3517 si
1063 3445 1177 3518 eadem

113 3541 259 3612 incendio
298 3555 490 3638 consumpta
527 3539 646 3631 suerit,
678 3539 728 3611 vel
761 3558 854 3614 motu
889 3559 1004 3635 terrae,
1042 3545 1092 3616 vel
1120 3571 1177 3616 ve-

112 3654 247 3728 tustate,
275 3655 332 3708 ant
370 3641 448 3709 vitio
485 3665 543 3710 suo
586 3641 762 3728 corruerit,
789 3643 815 3712 si
852 3657 1007 3738 patronus
1041 3669 1099 3713 suo
1125 3669 1178 3713 se-

107 3739 178 3833 jure
209 3735 357 3827 abdicet,
393 3753 449 3807 sut
487 3737 579 3808 alteri
614 3737 771 3809 concedat
805 3739 877 3836 (ἓ),
912 3739 963 3810 vel
988 3739 1174 3822 ecelesiam,

111 3835 197 3906 nolle
244 3837 292 3906 sui
333 3837 417 3934 juris
463 3835 545 3907 laete
581 3838 813 3928 reservatione,
862 3837 1062 3933 eollegiamm
1105 3835 1178 3907 fieri

110 3937 248 4026 patietur
274 3933 350 4030 (5),
384 3933 434 4005 vel
466 3933 626 4031 praedium
652 3933 791 4022 vendet,
829 3938 882 4006 eui
909 3939 964 4034 jus
988 3950 1177 4029 patronatus

111 4031 272 4123 adheret,
295 4036 321 4103 si
345 4036 381 4104 in
410 4031 556 4106 baeresim
580 4033 731 4104 inciderit
753 4033 828 4132 (4),
850 4039 876 4103 si
898 4033 1038 4104 ecelesiae
1070 4049 1178 4106 recto-
