3122 5170
525 499 745 572 -tat-

103 675 176 722 rum
206 641 355 722 naturam
392 665 516 740 mutat,
556 677 665 748 neque
691 649 894 748 privilegium
936 653 1048 728 datum
1089 649 1187 730 cen-¹

103 764 194 819 cetur
231 775 306 820 cum
343 751 431 845 gravi
475 747 672 822 detrimento
717 775 898 848 pauperum
945 770 978 824 et
1020 753 1170 832 ecclesia·
1289 754 1292 760 ¹
1348 731 1383 848 'f'

103 847 257 945 mmm).
299 921 302 930 ,

141 1017 184 1099 (t)
206 1021 280 1080 Con.
295 1022 336 1080 to
357 1027 453 1102 apost.
478 1020 556 1100 apud
571 1021 747 1083 Gotelcrium
761 1018 817 1086 loc.
833 1021 882 1084 cit.
903 1041 936 1106 p.
952 1025 1030 1104 117,
1055 1043 1122 1110 cop.
1148 1030 1162 1090 1

100 1097 136 1162 de
149 1099 251 1163 Pectat.
267 1100 373 1180 cleric,
386 1120 454 1182 ,cop
472 1105 489 1164 7
505 1101 541 1163 de
558 1106 726 1165 Testomcn.
1244 1149 1247 1156 ·

140 1182 183 1264 (1)
197 1184 363 1245 Videconc.
376 1184 460 1247 Trid.
476 1202 548 1246 aeae.
565 1189 604 1247 15
621 1205 689 1268 cop.
703 1190 719 1248 1
735 1183 771 1248 de
783 1183 904 1270 reform.
1014 1249 1017 1254 ,

150 1337 180 1438 §.
216 1337 265 1426 ¹V.
302 1339 394 1410 Bona
437 1339 646 1412 ecclesiastica
694 1340 886 1414 clericorum
937 1358 1011 1440 poat
1056 1370 1170 1418 eornm

102 1435 229 1508 obitum
261 1439 362 1536 spolia
393 1435 482 1510 dicta
517 1453 618 1529 sunt,
660 1441 816 1538 quoniam
858 1439 983 1530 derici,
1020 1443 1171 1541 exemplo

101 1535 357 1626 monachorum,
397 1534 439 1608 ad
477 1537 551 1608 ritae
587 1539 709 1608 exitum
738 1553 950 1635 properantes
982 1539 1078 1611 rebus
1109 1568 1172 1639 pe·

101 1633 275 1704 culiaribus
307 1660 374 1706 sese
410 1633 498 1706 ultro
534 1634 670 1732 spoliare
702 1653 960 1729 consueverunt,
1006 1661 1049 1710 ne
1090 1641 1171 1736 quid

100 1729 232 1802 ecclesia
267 1749 396 1900 caperet
433 1731 634 1807 detrimenti.
674 1733 752 1805 Haee
787 1733 896 1828 bona,
938 1760 1014 1833 quae
1039 1735 1172 1810 clericus

99 1831 242 1902 moriens
270 1857 306 1901 re
320 1833 446 1928 inquit,
477 1833 539 1903 nisi
579 1831 630 1903 rel
663 1831 919 1926 consuetudine,
952 1835 1005 1904 vel
1036 1834 1172 1934 privile-

99 1930 152 2021 gio
186 1932 305 2000 summi
337 1927 505 2002 Pontificis
540 1928 680 2000 testandi
717 1929 902 2003 facultatem
941 1930 1058 2004 habeat
1090 1932 1169 2032 (l),

94 2025 171 2122 jure
210 2023 305 2099 solii
340 2029 507 2124 pertinent
536 2027 577 2098 ad
615 2027 785 2100 Camenam
824 2028 1054 2127 apostolicam,
1094 2057 1170 2128 quae

98 2149 136 2193 ea
180 2053 303 2220 colligit
341 2151 401 2222 per
440 2125 627 2199 collectores
665 2129 702 2197 in
742 2129 916 2224 provinciis
956 2131 1168 2220 constitutos,

99 2238 133 2291 et
163 2239 280 2293 cuneta
315 2226 350 2294 in
391 2249 573 2321 pauperum
619 2223 772 2295 alimenta
823 2223 940 2298 aliosve
987 2228 1057 2322 pios
1094 2253 1170 2298 usus

99 2323 259 2392 convertit
285 2321 351 2418 (2).
388 2321 504 2418 Neque
540 2324 613 2418 quis
640 2321 700 2392 sibi
731 2349 791 2420 per
815 2321 874 2396 bos
906 2322 1092 2396 collectores
1122 2329 1170 2396 in·

100 2417 175 2488 lerri
201 2417 384 2509 damnum,
421 2436 478 2489 aut
508 2422 661 2518 injuriam
684 2437 800 2516 putet3
842 2424 997 2519 quoniam
1028 2423 1170 2520 spolium

98 2515 140 2586 ad
168 2542 203 2588 ea
228 2521 392 2612 pertinet,
429 2516 612 2615 dequibus
642 2516 777 2590 clericus
805 2517 943 2590 liberum
977 2519 1169 2592 nonhabet

99 2615 259 2688 statuendi
287 2616 477 2706 arbitrium,
508 2632 606 2713 atque
639 2615 722 2686 illud
750 2615 912 2689 declinare
945 2620 1169 2718 unusquisque

97 2730 229 2809 potest,
268 2715 293 2784 si
326 2716 434 2785 vivens
467 2713 672 2812 obtemperet
699 2714 789 2810 legi,
827 2741 891 2812 qua
930 2715 1166 2812 obstringitur,

98 2813 225 2909 piisque
256 2810 418 2882 adscribat
448 2812 559 2885 usibus
597 2811 720 2884 reditus
759 2811 1005 2904 ecclesiasticos,
1040 2817 1097 2911 qui
1136 2817 1167 2886 ei

97 2925 271 3008 supersunt
293 2936 332 2982 ex
356 2913 539 2982 necessariis
560 2908 602 2980 ad
629 2912 728 2980 vitam
744 2909 977 2983 traducendam
995 2911 1063 3008 (ὅ).

136 3105 178 3189 (1)
200 3110 323 3171 Consule
342 3109 452 3173 Girald.
470 3127 571 3190 carpos.
591 3112 661 3172 lar.
685 3111 775 3171 Pcnt.
792 3129 862 3192 par.
879 3111 893 3172 1
911 3105 1061 3170 Decretol.
1078 3105 1164 3172 tice

94 3199 166 3252 sect.
183 3194 324 3276 llbpcq.
345 3195 402 3255 506
419 3200 447 3253 et
468 3195 549 3270 507,
572 3201 602 3252 et
615 3195 647 3254 L.
664 3191 794 3253 Ferraria
813 3187 891 3253 Bibl.
907 3189 984 3252 verb.
1006 3187 1161 3332 spolium,

95 3273 232 3351 aquibus
253 3293 370 3350 omncs,
385 3277 436 3353 qui
457 3275 502 3337 vel
523 3273 748 3351 consuetudine,
771 3273 818 3334 vel
846 3273 998 3355 privilegio
1041 3273 1164 3335 eeccle-

95 3356 217 3417 siasticis
231 3355 315 3417 bouis
336 3358 436 3418 testari
453 3364 589 3436 possunt,
608 3362 740 3417 accurate
757 3363 957 3416 recensentur.
979 3354 1061 3418 Cives
1074 3363 1104 3415 et
1115 3355 1163 3415 in-

95 3437 168 3498 cole
186 3437 273 3500 Urbis
296 3441 412 3515 Romae,
429 3440 539 3518 quique
561 3438 661 3517 procul
682 3438 719 3498 ab
740 3455 774 3497 ca
795 3437 940 3498 decedunt
964 3437 1041 3496 intra
1061 3435 1162 3498 decem

94 3519 187 3580 millia
199 3539 335 3597 passuum
349 3539 384 3581 eo
397 3521 553 3600 privilegio
568 3522 708 3580 fruuntur
720 3537 774 3600 per
787 3527 879 3582 conat.
893 3521 932 3580 In
952 3516 1094 3580 eminenti
1104 3521 1159 3598 55,

94 3601 178 3663 Pauli
190 3604 217 3663 V
228 3601 261 3662 a'n
275 3599 386 3664 bullar.
404 3611 474 3663 tom.
489 3603 515 3664 δ’
540 3621 586 3662 or.
600 3605 618 3664 5
630 3619 703 3685 pay.
721 3603 791 3664 197.

135 3681 165 3843 pt
198 3685 321 3746 Consule
335 3689 406 3746 Beu.
424 3687 493 3746 XIV
507 3622 543 3745 db
555 3702 623 3766 ayn.
639 3681 720 3745 dioec.
736 3681 756 3744 l.
772 3685 790 3745 5
804 3702 829 3745 c.
844 3685 863 3744 8
876 3701 908 3743 a.
925 3683 956 3744 6.

149 3767 166 3826 5
199 3766 295 3844 Spolia
308 3767 440 3827 instituta
454 3775 523 3840 sunt
536 3785 552 3826 a
565 3765 687 3831 summis
707 3769 793 3827 Pont.
810 3765 848 3826 ad
862 3763 1050 3826 coercendam
1064 3766 1161 3826 avari-

93 3847 166 3907 tiam
185 3847 372 3924 clericorum‚
395 3849 445 3927 qui
466 3848 572 3908 multas
599 3867 635 3908 ex
659 3847 856 3909 ecclesiasticis
883 3846 968 3908 bouis
991 3847 1161 3925 querebant

92 3947 175 4008 opes,
196 3938 229 3988 ut
247 3930 283 3990 iis
299 3931 428 3991 ditarent
450 3931 678 4010 consanguineos
699 3949 783 4008 suos,
801 3937 888 4007 atque
910 3928 948 3990 ad
968 3927 1092 3990 tuendos
1112 3947 1161 3989 ca-

93 4029 203 4088 nones,
218 4013 324 4089 quibus
337 4013 480 4073 sancitum
498 4021 557 4090 est,
579 4021 613 4072 ut
633 4011 759 4073 ecclesie
778 4012 854 4073 bona
868 4012 899 4070 in
917 4012 980 4090 pior
997 4029 1066 4072 usus
1088 4029 1160 4072 con-

93 4093 238 4154 ferantur.
254 4097 359 4157 Narrat
372 4095 451 4158 inter
464 4103 574 4157 ceteros
591 4093 694 4158 blattb.
711 4093 803 4158 Paris.
822 4091 863 4155 od
880 4111 932 4155 aa.
955 4094 1032 4156 tato
1047 4111 1081 4174 p.
1098 4093 1158 4154 117

193 4199 269 4247 ron.
298 4200 321 4246 1.
1013 4173 1057 4244 51
