3140 5168
824 443 1044 516 -506-

397 603 494 677 partes
510 591 627 656 versari.
638 592 746 654 debent
766 592 798 654 in
821 592 924 654 sedulo
942 593 1141 674 investiganda
1160 591 1291 674 legitima
1309 595 1459 676 eturgeuti

396 695 480 740 earasa
496 675 734 756 dispensationis,
754 693 792 736 ne
814 676 1000 737 matrimonia
1020 676 1131 736 oeeulte
1152 675 1296 736 celebrata
1322 677 1460 738 luctuosos

396 759 523 822 habeant
534 760 640 835 exitus,
652 775 725 836 quos
739 756 844 818 intimo
857 757 953 818 sordis
964 775 1088 818 moerore
1098 759 1309 818 recensuimus.
1326 784 1340 812 1

436 841 485 984 (δὲ
504 843 548 902 De
573 841 687 922 origine
716 839 896 900 matrimonii
922 836 963 900 ed
987 839 1230 922 Morpenetieom
1256 841 1354 918 deque
1382 839 1460 919 hujus

393 942 465 984 voea
487 923 527 982 uli
542 923 753 1004 significatione
764 922 821 982 late
835 921 985 1000 disputant
999 923 1170 984 lleineeeius
1183 919 1267 983 elem.
1282 922 1352 1005 jur.
1369 925 1458 984 Gema.

394 1004 446 1068 lib.
466 1009 480 1065 1
501 1004 545 1065 tit.
567 1007 605 1066 15
622 1023 677 1085 per
694 1011 763 1080 tot,
786 1011 816 1063 et
834 1003 976 1065 ilenrieus
993 1005 1127 1083 Cuoeejus
1145 1003 1181 1066 de
1206 1007 1277 1086 Lep.
1294 1012 1457 1088 moryeaut.

393 1095 462 1150 seat.
483 1085 546 1168 25.
567 1088 603 1164 7,
619 1105 746 1165 quorum
758 1086 833 1146 alter
845 1104 882 1146 ex
903 1086 967 1167 lege
988 1087 1096 1164 Saliea,
1118 1095 1148 1147 et
1165 1087 1240 1148 alter
1259 1087 1393 1148 moribus
1413 1087 1460 1148 boc

393 1169 614 1232 matrimonium
638 1168 799 1229 obtinuisse
826 1175 919 1247 putat.
938 1173 980 1230 lta
1004 1177 1102 1230 autem
1127 1169 1304 1230 describitur
1319 1169 1351 1230 in
1380 1167 1460 1230 ibe

393 1250 488 1314 Feud.
516 1251 631 1326 11119,
655 1250 812 1326 «Quidam
833 1249 943 1310 babens
957 1249 1052 1311 lilium
1071 1270 1107 1312 ex
1128 1251 1220 1312 nobili
1246 1251 1388 1333 conjuge,
1405 1261 1459 1332 post

394 1343 521 1396 mortem
535 1333 597 1412 ejus
613 1351 673 1393 nou
687 1332 785 1393 valens
800 1335 964 1408 continere,
983 1333 1069 1394 aliam
1090 1334 1188 1394 minus
1210 1333 1340 1394 nobilem
1364 1335 1459 1404 duxit,

394 1419 445 1496 qui
464 1417 566 1478 nolens
582 1413 707 1476 existere
724 1415 755 1474 iu
771 1421 887 1493 peeeato
906 1433 970 1475 eam
988 1413 1187 1494 desponsavit,
1212 1433 1245 1476 ea
1263 1417 1343 1496 lege,
1365 1424 1402 1476 ut
1415 1435 1459 1476 nee

393 1501 457 1578 ipsa
474 1515 528 1559 nee
545 1497 598 1558 lilii
616 1498 678 1576 ejus
694 1496 818 1576 amplius
834 1495 960 1558 babeant
974 1497 1010 1558 de
1031 1497 1114 1558 bunis
1130 1497 1237 1575 patris,
1252 1517 1342 1576 quarn
1358 1497 1458 1559 dixerit

394 1590 527 1660 tempore
542 1579 773 1660 sponsaliorum:
802 1579 884 1640 verbi
903 1580 996 1658 gratia
1014 1579 1114 1640 decem
1133 1579 1240 1656 libras,
1259 1580 1306 1640 vel
1324 1589 1458 1658 quantum

393 1663 521 1725 voluerit
551 1661 621 1721 dare
648 1660 765 1740 quando
793 1679 858 1722 euru
893 1661 1092 1739 desponsavit,
1129 1661 1210 1740 quod
1238 1662 1459 1723 Mediolanenses

395 1745 498 1806 dieunt
518 1745 649 1822 aeeipere
676 1760 798 1804 uxorem
821 1743 858 1803 ad
885 1745 1128 1824 morganatieam‚
1158 1745 1228 1805 alibi
1261 1745 1326 1825 lege
1358 1745 1455 1818 Saliam

396 1826 445 1886 bie
463 1826 531 1886 liliis
549 1844 584 1884 ex
604 1843 637 1884 ea
654 1825 794 1903 susceptis
818 1825 951 1886 decessit.
972 1827 1023 1886 lsti
1040 1825 1070 1886 iu
1091 1827 1300 1905 proprietatem
1322 1845 1459 1888 111111111-
1532 1825 1533 1856 l

395 1909 505 1968 eeduut
519 1907 583 1966 aliis
596 1907 792 1982 exstantibus3
815 1907 867 1967 sed
882 1925 935 1968 nee
955 1908 986 1967 in
1002 1907 1104 1983 leuda,
1124 1909 1213 1969 etiam
1230 1909 1295 1970 aliis
1313 1927 1371 1970 non
1392 1909 1459 1970 exis·

394 1989 535 2064 tentibus,
550 1989 601 2067 qui
611 1987 680 2050 lieet
693 1989 815 2070 legitimi
830 1990 903 2059 sint,
918 1999 1014 2050 tamen
1030 1991 1060 2050 in
1074 1989 1215 2052 beneficio
1230 1993 1353 2052 minime
1366 2009 1457 2052 11111-

394 2073 480 2132 dunt.
494 2075 527 2132 ln
541 2073 718 2150 proprietate
732 2089 801 2132 vero
811 2071 970 2132 succedunt
981 2073 1067 2150 patri,
1082 2071 1228 2151 prioribus
1244 2093 1303 2134 non
1315 2074 1458 2134 existenti-

393 2153 467 2214 bus:
488 2151 647 2212 sueoeduut
662 2153 749 2214 etiam
764 2153 905 2215 iratribus
917 2156 980 2214 sine
993 2153 1123 2234 legitima
1142 2156 1224 2233 prule
1241 2155 1455 2228 deeedeutibus‚

392 2233 553 2296 seeundum
575 2253 660 2296 usum
687 2234 957 2296 Mediolanensium.
979 2261 991 2288 a
1018 2240 1083 2312 Quo
1110 2255 1145 2296 ex
1166 2237 1228 2298 loeo
1250 2238 1333 2298 iaeile
1354 2237 1458 2296 intelli·

396 2319 492 2399 gitur,
519 2333 585 2394 qum
612 2316 700 2395 hujus
732 2318 912 2378 matrimonii
945 2325 1049 2378 ustura
1076 2319 1129 2394 sit,
1158 2327 1188 2379 et
1219 2320 1325 2398 quibus
1350 2317 1456 2397 legibus

395 2407 525 2480 regatur.
541 2401 593 2460 list
611 2407 710 2460 autem
724 2397 935 2481 Morpenpobe,
953 2399 1032 2460 unde
1045 2399 1166 2461 ductum
1181 2409 1225 2461 eet
1242 2400 1402 2462 vocabulum
1416 2397 1457 2458 od

394 2479 647 2564 alamannicam,
664 2480 775 2540 donum
789 2483 978 2557 matutinum,
994 2483 1071 2560 quud
1087 2502 1103 2543 a
1125 2483 1189 2543 viro
1203 2485 1286 2544 uxori
1300 2483 1383 2544 datur
1396 2489 1458 2560 post

395 2562 594 2638 concubitum,
610 2581 678 2622 eum
687 2561 785 2622 adhue
798 2565 967 2642 nuptiarum
982 2565 1120 2639 solemnia
1132 2576 1322 2645 peraguntur.
1338 2567 1378 2626 be
1390 2561 1458 2624 illud

396 2645 516 2725 quidem
532 2652 595 2704 erat
607 2645 822 2720 voluntarium,
835 2647 927 2726 magis
941 2645 1050 2707 seilicet
1066 2647 1178 2707 lautum
1195 2650 1345 2729 magisque
1361 2655 1457 2718 tenue,

393 2745 449 2808 pro
466 2725 606 2804 cujusque
623 2743 723 2786 amore
742 2735 772 2786 et
785 2727 927 2787 ebaritute
954 2730 985 2788 iu
1006 2747 1142 2803 uxorem3
1167 2737 1197 2790 et
1217 2730 1248 2790 iu
1272 2731 1459 2811 lege'lungo·

393 2808 555 2872 bardorum
569 2805 590 2868 l.
608 2809 627 2869 1
642 2807 687 2869 tit.
705 2811 718 2869 l
736 2825 763 2868 1.
780 2811 811 2870 8.
827 2810 952 2890 gratuita
966 2810 1085 2872 donatio
1099 2811 1222 2883 dieitur,
1238 2831 1294 2894 per
1305 2813 1457 2896 protritum

395 2889 596 2965 domuum,
614 2888 700 2951 idest
711 2888 914 2974 awrpenqobe.
932 2893 990 2954 Sed
1005 2912 1072 2954 eum
1090 2894 1303 2971 quorumdam,
1319 2913 1391 2974 quos
1401 2911 1458 2954 mu-

393 2973 476 3034 lieris
492 2972 636 3033 illecebrae
650 2971 845 3048 deliniebant,
862 2992 894 3033 ea
912 2975 943 3034 in
958 2993 991 3034 re
1009 2975 1176 3036 dissolutior
1195 2985 1270 3037 esset
1293 2977 1455 3046 liberalitas,
1531 3027 1532 3032 ,

393 3073 448 3116 rex
468 3053 728 3134 Langobardorum
753 3055 949 3138 buitprandus
967 3075 1044 3118 anuo
1067 3058 1170 3135 quinto
1195 3059 1279 3140 regni
1309 3061 1355 3120 sui
1376 3059 1457 3139 legem
1531 3051 1532 3126 J

393 3137 475 3212 tulit,
491 3155 548 3214 qua
560 3137 696 3213 saucivit,
713 3142 747 3195 ut
763 3156 850 3198 nemu
868 3147 989 3216 propter
1004 3137 1201 3222 Morpenqube
1217 3142 1304 3202 uxori
1324 3141 1402 3202 daret
1418 3138 1458 3198 ul·

392 3227 440 3278 tra
454 3227 589 3296 quartum
604 3227 718 3298 partem
728 3217 874 3280 bonorum
887 3239 1008 3282 suorum
1017 3221 1053 3280 L.
1069 3223 1170 3304 1119.
1183 3221 1372 3306 Lonqoburd.
1387 3222 1457 3284 titt

393 3301 887 3464 111111111111
905 3303 1226 3447 'dibilitate
1249 3301 1455 3449 disti

394 3460 523 3547 pmpobe
543 3465 663 3542 antiqua
678 3475 897 3525 mouumentaa
922 3476 1045 3528 muutur
1064 3487 1081 3527 a
1099 3468 1215 3531 baluzio
1231 3469 1263 3529 iu
1283 3467 1458 3532 111111111-

392 3541 525 3628 pituior.
546 3564 609 3629 rep.
627 3547 771 3607 Fruamur.
789 3545 867 3608 verb.
885 3547 1088 3631 Morponqebu
1103 3557 1173 3609 tom.
1191 3554 1210 3612 2
1228 3549 1284 3613 cot.
1302 3555 1375 3628 iiiiii,
1394 3549 1457 3612 edit.

403 3631 474 3690 Van.
492 3629 583 3688 1775.
602 3627 679 3690 Vide
690 3629 778 3688 etiarn
789 3627 830 3689 du
844 3633 940 3712 Gange
951 3629 1081 3693 Glussor.
1094 3629 1174 3692 verb.
1191 3631 1410 3716 Morpouepibe.

437 3707 480 3790 (7)
502 3713 621 3770 Paetum
638 3711 892 3790 praesertimque
918 3721 1047 3783 eavetur,
1070 3721 1103 3774 ut
1127 3733 1201 3775 uxor
1221 3725 1251 3775 et
1276 3717 1361 3777 liberi
1381 3715 1458 3775 certis

397 3792 527 3852 eontenti
551 3791 651 3860 benis,
671 3811 738 3870 quse
763 3792 831 3854 data
854 3802 938 3871 sunt,
964 3815 980 3856 a
1002 3795 1058 3856 viri
1085 3815 1117 3856 ae
1134 3798 1225 3875 patris
1251 3797 1410 3860 hereditate
1433 3803 1458 3852 at
1530 3823 1531 3826 ¹

313 3934 316 3938 ,
397 3874 540 3953 dignitate
550 3882 721 3950 arceantur,
737 3875 957 3938 matrimonium
975 3875 1017 3939 od
1034 3879 1276 3960 Merpunetiaem
1289 3901 1305 3942 a
1320 3880 1459 3943 1111111111-

334 4022 338 4028 ,
393 3955 449 4014 sia
462 3957 651 4018 matrimuuio
664 3956 829 4038 distinguit.
