3134 5144
524 399 664 478 —251
693 441 742 458 -

23 549 24 554 ’
121 547 254 634 moniales,
283 548 376 628 ipsam
400 548 619 628 inquisitionem
646 549 752 612 iactam
779 549 977 630 continentes,
1009 550 1169 633 adipsum

120 631 268 709 episeopum
283 631 503 710 quamprimum
515 632 705 694 transmittat.
721 657 735 686 s

150 711 186 794 (t)
206 713 275 794 Cup.
298 710 402 774 ultim:
421 711 458 774 de
477 731 510 774 eo
531 713 588 798 quei
606 712 715 798 sartio.
742 711 841 776 orden.
866 732 981 800 ausoop.
1009 717 1107 778 Potest
1130 725 1172 779 ta·

119 811 173 854 men
200 795 350 874 episeopus
379 797 586 874 suspensionis
599 815 682 874 poena
709 795 822 858 solvere
847 797 956 858 furtive
983 797 1168 866 ordinatum.

120 876 163 936 oisi
175 877 395 952 ministraverit,
408 878 452 938 uti
467 875 567 940 naun
588 879 721 940 Clemens
735 883 803 941 vttt
815 879 865 940 eit.
885 881 984 942 conat.
999 881 1170 942 amaon

119 957 290 1054 Pontinos,
306 959 442 1040 abrogata
453 960 660 1023 eonstitutione
671 961 745 1023 Sixti
759 964 802 1040 V,
817 961 900 1041 ousjus
908 961 995 1042 panio
1012 971 1081 1024 ante
1094 963 1167 1026 iaota

120 1048 213 1100 monuo
227 1049 281 1100 est.
514 1053 519 1062 '

151 1119 186 1204 (ὅ)
206 1125 277 1204 Cap.
298 1125 310 1184 i
325 1121 362 1184 de
372 1119 443 1184 der.
457 1141 518 1186 nott
528 1122 627 1185 ordin.
641 1123 772 1187 ministr.

157 1320 184 1424 ς.
209 1325 275 1400 XI.
304 1325 469 1400 Ordiuum
485 1327 608 1426 ubique
622 1327 894 1402 eonferendorum
905 1345 1045 1427 potestas
1069 1335 1166 1412 unius

119 1439 160 1491 est
184 1423 315 1496 bomani
353 1423 520 1497 Pontificio
560 1428 633 1526 (i),
675 1428 817 1525 episoopi
855 1429 892 1497 in
932 1426 1060 1500 dioeoesi
1094 1456 1163 1505 sua.

121 1518 226 1592 Aliorum
245 1522 417 1596 dioeoesoos
433 1523 600 1596 bominem
627 1522 778 1596 ordinare
798 1527 870 1622 quis
895 1529 1030 1624 nequit,
1048 1529 1110 1598 nisi
1125 1529 1166 1599 ab

23 1655 24 1698 4
121 1617 182 1712 ejus
208 1623 347 1720 episeopo
392 1625 519 1694 reniam
544 1649 619 1694 uoce
661 1625 705 1694 rit
732 1622 866 1714 litteris,
893 1649 972 1721 quas
1001 1623 1167 1722 appellant

23 1733 24 1738 ’
121 1715 355 1794 damnatos
396 1719 565 1794 Dabuntur
596 1726 676 1794 o'm
707 1719 759 1794 ho
792 1719 928 1812 littore,
960 1737 998 1793 ut
1031 1723 1164 1796 clericus

124 1810 318 1890 dimitteretur
339 1819 383 1889 ab
397 1818 547 1911 ecelesia,
564 1823 617 1892 oui
633 1836 703 1892 erat
728 1818 877 1892 addictus
893 1835 991 1917 atque
1011 1837 1050 1892 ut
1071 1821 1163 1894 alteri

119 1910 238 1986 etdeaiae
262 1916 400 1988 adscribi
424 1934 531 2014 posset
553 1917 626 2014 (2);
651 1945 741 1992 nunc
762 1918 902 2008 dautur,
932 1935 970 1990 ut
995 1918 1164 1992 ordinetur

23 2017 25 2108 ξ
114 2008 148 2078 ab
166 2015 309 2112 episeopo
331 2041 401 2088 nou
432 2041 509 2106 suo,
539 2015 647 2090 sedis
678 2034 810 2106 umen,
829 2032 866 2088 ut
880 2031 995 2107 antea,
1021 2020 1164 2114 pertinet

23 2115 24 2178 ἶ
113 2106 146 2176 ad
166 2134 254 2182 auum
277 2115 484 2211 episcopum,
511 2139 588 2186 oum
609 2113 706 2188 bodie
729 2131 859 2188 tantum
885 2116 1162 2212 suscipiendorum

114 2206 247 2282 ordinum
266 2214 369 2306 gratia
382 2212 488 2286 elerici
503 2211 710 2286 dimittantur
726 2212 793 2310 (5).

141 2427 179 2510 (i)
196 2435 238 2495 De
261 2433 442 2496 ordinatiss
466 2453 581 2496 sommo
605 2434 745 2496 Pontifioe
766 2433 840 2496 illud
866 2441 909 2496 ost
928 2433 1160 2498 animadverten-

23 2509 24 2538 ¹
111 2507 182 2588 dum,
198 2515 281 2592 quod
301 2517 353 2596 qui
370 2515 408 2578 ab
434 2534 469 2578 eo
489 2517 634 2578 minorem
655 2516 790 2578 ordinem
814 2519 939 2595 aceepit,
958 2515 1100 2594 majorem
1123 2518 1160 2579 ab

23 2647 24 2658 ,
108 2591 153 2653 ulio
174 2598 304 2676 resipere
323 2616 382 2659 non
397 2606 505 2677 potest,
527 2617 615 2678 quom
636 2599 674 2660 ab
696 2601 705 2660 i
727 2618 759 2662 so
778 2599 934 2674 Pontifioe,
959 2607 1010 2658 out
1027 2597 1064 2658 ab
1084 2601 1162 2678 epis·

109 2691 182 2754 wpo,
202 2681 247 2740 eoi
273 2678 352 2740 idem
367 2681 500 2743 Pontifex
516 2681 681 2742 facultatem
698 2619 824 2742 dederit.
845 2679 951 2742 Confer
971 2679 1161 2740 Benedictum

110 2757 166 2818 xlv
184 2760 214 2821 in
229 2761 359 2824 constit.
378 2763 417 2821 Ia
484 2770 576 2824 tronto
594 2765 633 2824 ot
645 2781 717 2844 pay.
734 2764 794 2825 298
809 2763 913 2823 tonui
938 2758 1003 2843 ejus
1024 2757 1160 2839 tottam,

109 2835 168 2900 tdt'i.
180 2843 284 2907 unae
298 2843 396 2918 ttae,
411 2863 431 2904 u
453 2843 462 2904 i
477 2863 510 2906 eo
524 2845 562 2906 de
571 2863 605 2906 re
618 2846 715 2926 agitur
727 2845 842 2925 eopiose
855 2851 885 2904 et
898 2841 1064 2924 diligenter.

138 2919 175 3004 (2)
195 2928 260 2986 fluo
276 2925 443 3004 speetabant
457 2927 584 3005 autiquae
604 2927 709 2988 littam
730 2925 924 3001 dimissoriis,
944 2945 1010 3004 quae
1027 2932 1058 2986 et
1073 2925 1162 3008 pooi-

106 2999 159 3082 fito
170 3013 198 3066 et
212 3005 360 3090 [onusta
381 3007 554 3070 dioebaatur
589 3027 781 3088 quamquam,
801 3009 845 3070 uti
863 3007 1093 3069 demonstratum
1111 3027 1164 3070 su-

106 3102 147 3160 m
162 3097 219 3166 es,
245 3087 344 3151 ratu.
368 3091 504 3153 111oeet.
524 3053 582 3172 ui.
600 3093 712 3154 sonos.
726 3094 761 3166 a,
773 3089 977 3174 sommam„
996 3089 1162 3184 riemann

106 3169 267 3232 amodum
293 3189 400 3233 nomen
423 3181 499 3234 esset
520 3174 654 3254 generis,
675 3173 755 3251 quod
774 3181 804 3233 et
827 3169 1107 3250 eoanmendotormt,
1133 3182 1163 3234 et

105 3253 373 3315 mendosiorem
389 3261 419 3314 et
433 3252 618 3317 diruissotioe
635 3255 746 3316 litteras
759 3253 1034 3334 eomprehendebat.
1053 3257 1162 3317 Omnes

104 3333 168 3393 euim
180 3335 285 3396 elerici
299 3337 331 3397 in
348 3335 532 3398 ordinatione
545 3345 632 3398 certa
644 3338 771 3398 eeolmiae
789 3335 1044 3414 adsoribebantur,
1065 3355 1161 3416 oeque

104 3429 154 3474 nm
165 3415 305 3478 deserere
316 3425 466 3496 poterant,
489 3419 546 3480 nisi
559 3420 688 3500 primum
709 3420 859 3498 episeopus
872 3419 948 3498 ipsos
966 3416 1004 3478 ab
1021 3417 1083 3498 ejus
1100 3437 1162 3480 ser-

103 3495 159 3558 nuo
168 3497 336 3562 dimitteret
344 3507 373 3561 ot
390 3502 473 3578 quasi
487 3503 703 3582 emanciparet:
720 3501 824 3562 oonoil.
841 3499 1008 3580 Carthagio.
1026 3501 1040 3561 i
1057 3519 1125 3561 eoa.
1142 3505 1160 3564 5

103 3573 147 3638 nt.
172 3583 250 3658 tta,
278 3591 307 3643 et
329 3581 501 3644 Trullaoum
524 3603 593 3645 eon.
623 3586 661 3646 tt
683 3583 761 3664 apud
788 3581 936 3644 labbeum
961 3590 1031 3643 tom.
1058 3584 1075 3642 7
1103 3581 1158 3645 ool.

100 3659 184 3740 titt,
199 3662 277 3726 edit.
299 3666 399 3727 Venti.
414 3683 472 3743 quo
483 3667 667 3745 decernitur,
685 3675 720 3727 ut
742 3665 872 3728 «Nullus
888 3665 1007 3725 omnino
1027 3663 1160 3742 clericus,

102 3740 126 3802 in
143 3763 321 3826 quocunque
340 3747 378 3808 sit
399 3748 507 3827 mdo,
532 3755 703 3827 potestatem
727 3748 849 3824 babeat,
867 3749 931 3808 sino
949 3747 1060 3826 proprii
1085 3746 1161 3823 epis·

98 3827 151 3904 aopi
170 3830 283 3909 scripta
308 3826 486 3908 dimissoria,
513 3830 545 3890 in
568 3831 670 3893 olieom
690 3831 815 3892 eeclesiae
828 3830 990 3910 catalogum
1012 3825 1153 3909 referri.»

25 3965 26 3982 ς
97 3910 201 3986 Erqoo
228 3909 355 3972 evidens
380 3919 438 3988 est,
462 3913 543 3975 datas
566 3913 678 3976 litteras
700 3913 892 3989 dimissorias,
914 3931 972 3972 non
991 3917 1025 3968 ut
1038 3908 1160 3984 elericos

25 4019 27 4060 s
96 3991 296 4074 ordinaretur,
333 3993 383 4055 sed
410 4003 444 4056 ot
464 3995 567 4057 referri
590 4003 687 4077 posset
713 3995 747 4056 in
770 3991 876 4056 olene
901 3989 1029 4054 ecclesie
1049 3989 1158 4055 notaio
