3122 5178
800 393 1002 464 ...42-

361 543 523 622 capellanos
536 541 688 622 religionis
703 541 975 622 Hierosolymitonse
988 541 1119 637 decrevit
1133 543 1164 604 S.
1184 539 1254 602 Pius
1268 541 1294 602 V
1310 539 1435 638 Cercetio

363 627 422 719 1041
427 667 436 699 ,
456 627 555 717 toonl
567 643 639 706 por.
653 625 671 684 5
683 642 717 704 p.
730 625 786 702 lt,
802 620 924 686 Butler.
938 633 968 685 et
980 627 1140 705 Gregorius
1151 625 1221 686 Xlll
1235 625 1360 684 Cottettt.
1379 623 1436 684 tit

360 704 386 786 δ’
401 703 741 864 idiocviiiiliieirqedicitim
756 787 826 849 xw
839 783 894 848 loc.
910 784 959 848 cit.
976 782 1026 846 itit.
1043 787 1140 927 deep.
1157 787 1188 846 l.
1212 863 1219 878 .
1349 862 1355 877 .
1428 867 1434 878 ι

402 865 444 946 (l)
465 869 510 928 An
517 868 606 928 etiam
616 867 750 943 abbates,
762 868 814 946 qui
826 868 966 928 dicuntur
976 865 1092 929 ocutos
1124 882 1247 939 soeoescs,
1260 863 1298 924 ad
1309 881 1435 956 episcopi

360 949 506 1042 synodum
521 950 622 1010 venire
635 950 862 1030 compellantur,
885 948 1015 1028 disputat
1033 948 1208 1010 Benedictus
1225 948 1295 1007 xlv
1312 943 1365 1007 loc.
1385 953 1434 1006 cst.

362 1025 449 1192 abidi
460 1033 556 1173 cciiiiei
568 1029 706 1174 iririent.
722 1128 794 1174 sees.
811 1113 851 1174 rt
862 1129 929 1193 cap.
945 1112 965 1170 2
979 1109 1015 1173 de
1028 1106 1151 1206 reform.

408 1190 439 1290 §.
468 1191 588 1262 XLIV.
627 1191 786 1264 Habenda
815 1207 893 1262 sunt
915 1191 988 1265 haec
1018 1189 1153 1262 eoncilia
1184 1187 1277 1258 annis
1313 1187 1434 1284 singu-

360 1287 399 1358 lis
420 1287 496 1384 (1),
523 1313 666 1385 quaeque
688 1290 735 1360 ibi
761 1289 891 1360 decreta
909 1303 1008 1379 sunt,
1034 1287 1246 1380 obstringunt
1268 1281 1435 1356 dioece'sim

361 1387 557 1456 universam.
594 1387 640 1456 Ea
669 1388 746 1486 jure
774 1385 891 1457 indicit
924 1389 1094 1484 episcopus
1124 1383 1245 1455 electus
1281 1395 1315 1451 et
1352 1405 1436 1453 con·

359 1479 530 1570 firmatus3
560 1481 648 1554 haud
675 1509 752 1556 vero
780 1483 1061 1582 archiepiscopus,
1089 1497 1266 1577 antequem
1294 1475 1431 1574 pallium

359 1582 519 1677 acceperit
544 1580 620 1677 (Ξ),
664 1607 773 1678 neque
808 1583 977 1678 episcopus
1015 1579 1176 1652 titularis
1205 1575 1280 1671 (5),
1322 1600 1431 1673 neque

359 1678 494 1748 vicarius
513 1678 691 1770 generalis,
714 1680 775 1746 nisi
796 1677 994 1772 peculiarem
1018 1701 1056 1746 ea
1075 1673 1118 1745 de
1133 1699 1170 1745 re
1182 1686 1380 1768 potestatem
1393 1671 1435 1742 ab

359 1776 511 1868 episcopo
545 1775 769 1866 impetraverit
800 1772 876 1867 (4),
912 1795 937 1840 n
979 1797 1021 1840 ue
1052 1771 1187 1838 vicarius
1220 1769 1429 1862 capitularis,

358 1871 419 1938 nisi
440 1883 515 1963 post
533 1892 660 1937 annum
685 1867 726 1937 ob
750 1869 898 1963 proxime
925 1865 967 1938 ha
990 1869 1035 1936 itu
1064 1863 1191 1964 synodo
1219 1863 1295 1958 (5),
1323 1889 1435 1962 neque

360 1962 496 2035 demum
538 1965 673 2034 vicarius
710 1963 923 2130 apostolicus,
971 1988 1039 2036 non
1074 1965 1249 2059 impetrate
1285 1963 1379 2034 venia
1418 1989 1436 2032 a

361 2085 489 2131 summo
518 2057 680 2132 Pontificc
706 2061 720 2156 (
747 2061 760 2156 )

414 2161 426 2218 l
464 2162 551 2220 conc.
568 2157 702 2220 Trident.
717 2176 789 2220 eccs.
804 2160 844 2220 Bi
858 2177 926 2240 cop.
942 2155 1008 2218 ‘ide
1022 2155 1147 2239 reform.

413 2241 431 2300 B
463 2239 540 2302 Vide
554 2239 744 2301 Benedictum
758 2242 828 2302 XIV
841 2237 896 2301 loc.
912 2241 963 2302 cit.
977 2237 1027 2300 tlt.
1041 2241 1061 2300 2
1075 2257 1142 2319 cop.
1159 2239 1218 2300 liet
1232 2241 1261 2300 6.
1277 2241 1352 2300 Sunt
1361 2256 1432 2302 vero

360 2320 481 2398 quidam
495 2321 638 2399 episcopi,
653 2321 704 2400 qui
724 2340 741 2382 a
760 2320 830 2382 sede
843 2321 999 2401 apostolica
1020 2320 1100 2399 pallii
1118 2337 1205 2380 usum
1224 2321 1432 2394 obtinuerunt3

359 2401 412 2462 sed
425 2420 475 2463 eos
493 2401 602 2462 habere
621 2402 768 2482 synodum
779 2419 879 2482 poue,
895 2402 985 2464 etism
1001 2409 1159 2482 antequam
1176 2401 1298 2481 pallium
1311 2417 1433 2482 aecepe-

360 2482 437 2558 rint,
452 2483 582 2544 ostendit
593 2484 656 2562 ipse
667 2483 843 2546 Benedictus
853 2483 902 2546 cit.
917 2503 983 2567 cop.
1001 2485 1032 2544 s.

401 2563 431 2642 (5
465 2564 640 2625 Benedictus
653 2567 723 2628 xlv
738 2563 777 2626 ib.
794 2583 860 2647 cop.
878 2567 908 2626 7.

401 2645 433 2724 (l
465 2645 640 2707 Benedictus
650 2649 719 2710 xlv
733 2643 773 2708 io.
790 2664 857 2730 cop.
870 2648 902 2708 8.

413 2729 442 2890 i)
464 2727 794 2890 ii'ioiaiiitiriigendum,
804 2809 893 2873 modo
901 2807 934 2870 in
943 2809 1061 2887 litteris,
1072 2809 1180 2890 quibus
1187 2809 1313 2872 vicarius
1323 2819 1434 2892 aposto-

360 2889 433 2952 licus
448 2898 492 2951 est
507 2890 698 2967 constitutus,
714 2909 774 2953 non
788 2897 827 2954 sit
841 2909 975 2972 expressa
990 2891 1129 2967 laeuus,
1146 2910 1212 2970 quse
1225 2899 1258 2952 ut
1271 2893 1434 2971 plurimum

360 2971 957 3115 ttlltttdltllttllllltl
969 2971 1334 3116 llttlltttlltll
1346 2973 1436 3118 tlt:

363 3071 431 3194 esim
444 3133 469 3194 si
479 3133 605 3194 vicarius
614 3069 788 3213 apostoplicus
800 3071 1034 3212 inieratitiine
1049 3143 1083 3196 ut
1096 3143 1179 3217 regat
1192 3099 1354 3214 ecclesiam,
1368 3155 1435 3216 que

360 3231 449 3275 vacua
460 3221 504 3274 est
514 3221 634 3294 propter
645 3215 772 3294 episcopi
782 3215 908 3293 obitum,
919 3223 971 3276 aut
980 3217 1212 3293 translationem,
1224 3217 1250 3278 is
1260 3219 1292 3278 in
1304 3217 1434 3299 cogenda

360 3295 578 3438 iffiffiififfi
588 3295 691 3438 ecppepr
698 3296 782 3439 puppe,
798 3316 857 3378 quo
868 3297 995 3361 vicarius
1008 3299 1185 3378 capitularis.
1200 3299 1278 3361 Vide
1289 3299 1434 3362 Bcnefflc-

407 3453 438 3556 §.
471 3457 576 3529 XLV.
613 3459 765 3556 Denique
802 3463 899 3531 tertia
940 3484 1016 3556 pars
1039 3460 1124 3559 juris
1155 3457 1291 3530 humani
1322 3463 1433 3559 scripti

360 3552 554 3627 Sanctorum
581 3555 718 3625 Petrum
740 3561 910 3628 sententiis
927 3559 1127 3630 continetur.
1155 3555 1232 3629 Non
1257 3557 1309 3629 hae
1333 3583 1433 3656 porro

359 3655 530 3724 sentenliae
558 3677 617 3724 suo
644 3653 722 3750 jure
752 3655 944 3728 christianos
974 3654 1139 3750 obligant,
1171 3680 1248 3726 cum
1279 3654 1339 3726 SS.
1366 3655 1433 3726 Pa·

359 3765 425 3820 tres
455 3774 523 3821 non
560 3750 678 3820 latores
706 3749 817 3846 legum
848 3755 933 3843 sint,
962 3751 1020 3823 sed
1049 3755 1243 3850 interpretes
1277 3767 1431 3841 tautum,

359 3863 458 3944 atque
479 3846 639 3920 doctores.
666 3845 903 3921 Verumtamen
921 3851 1039 3922 scitum
1061 3867 1128 3941 est,
1149 3874 1203 3921 eos
1226 3847 1329 3922 fidem
1349 3874 1433 3945 pro·

359 3942 501 4016 babilam
528 3945 654 4036 fecere,
678 3946 704 4016 si
732 3945 939 4044 compluree3
966 3962 1207 4038 certamem,
1233 3950 1259 4017 si
1280 3945 1431 4046 plerique
