3142 5188
506 441 651 512 -605
676 481 725 496 -

85 585 229 660 ccclesias
272 585 497 660 convertendis
535 587 588 684 (2)
623 604 657 658 et
702 612 835 678 eorunr,
877 613 914 660 ac
968 591 1146 684 presertim

86 685 288 758 Constantini
311 684 550 775 munificentia,
576 712 660 783 qua,
682 701 815 782 sumptu
831 711 906 758 rere
928 690 1034 783 regio,
1053 715 1147 785 mag-

86 783 325 855 nificentissima
349 783 471 881 templa
488 787 622 856 excitata
641 799 718 854 sunt
740 783 806 880 (ὅ).

124 971 167 1056 (4)
188 977 295 1036 Bnron.
310 971 361 1036 ed.
377 993 449 1036 uno.
464 975 518 1036 574
537 992 622 1035 num.
638 975 678 1035 80
688 992 761 1056 pap.
777 975 838 1035 445
853 980 922 1034 toto.
940 975 953 1034 4
972 972 1042 1038 edit.
1058 977 1148 1041 Luce

87 1057 200 1135 copiose
223 1057 448 1133 demonstravit,
463 1053 601 1137 {ccclesias
620 1056 753 1135 pluribus
776 1057 870 1134 iisque
893 1056 1042 1118 ditissimis
1061 1078 1149 1121 orna·

86 1139 193 1199 mentis
205 1139 365 1217 antiquitus
379 1138 468 1198 luisse
481 1139 613 1198 relectas.
630 1141 676 1200 45.
692 1141 783 1199 ilenr.
810 1139 906 1200 ouius
921 1140 1103 1203 calvinianus
1117 1143 1149 1204 in

86 1219 177 1298 libro,
200 1221 247 1280 cui
265 1221 386 1281 titulus:
412 1222 550 1281 Examen
568 1228 745 1303 perpetuum
763 1216 1103 1304 betterico-theodomerem
1118 1225 1151 1285 in

87 1301 171 1364 eard.
187 1302 318 1364 Baronii
339 1299 481 1379 annales,
504 1321 571 1363 curn
588 1302 722 1364 refellere
735 1311 854 1364 conatus
874 1308 928 1362 est.
945 1303 1003 1364 Sed
1017 1323 1051 1364 ea
1069 1306 1100 1366 iu
1117 1325 1151 1366 re

87 1403 160 1463 opus
180 1383 236 1445 boc
255 1403 389 1445 errorum
412 1392 441 1445 et
460 1385 636 1464 ineptiarum
656 1385 794 1445 refutavit
812 1385 988 1446 liuratorius
1012 1383 1085 1448 diss.
1112 1390 1150 1448 46

87 1465 136 1528 544.
153 1463 227 1527 calc.
239 1484 307 1549 opp.
323 1467 355 1528 8.
365 1463 490 1528 Paulini
497 1485 572 1550 pap.
589 1468 648 1528 832
658 1484 720 1550 seq.
736 1465 782 1528 ed.
799 1465 862 1543 cit,
875 1465 926 1526 ubi
940 1465 997 1526 late
1009 1468 1149 1544 ostendit,

88 1567 177 1626 quam
196 1568 299 1630 magus
317 1557 346 1608 et
365 1567 452 1627 quam
470 1547 624 1630 magnifice
641 1549 751 1610 luerint
768 1549 954 1627 antiquarum
968 1549 1153 1610 ecclesiarum

88 1639 270 1691 ornamenta.
289 1631 395 1692 Confer
410 1633 497 1691 etiem
515 1632 559 1692 Cl.
578 1631 771 1692 Memacbium
786 1627 834 1691 del
843 1629 956 1692 Diritto
973 1627 1061 1692 litero
1075 1630 1155 1693 detta

90 1709 195 1774 chiesa
207 1711 239 1773 di
257 1712 438 1796 acquistare,
456 1733 471 1774 e
485 1711 519 1774 di
535 1711 687 1796 possedere
701 1711 767 1774 berti
780 1709 936 1794 tenporali
948 1708 999 1773 lib.
1018 1715 1117 1795 5pcr.
1134 1717 1153 1775 2

89 1813 156 1876 cup.
176 1796 194 1855 5
209 1813 294 1856 num.
311 1797 350 1856 st
365 1803 465 1878 etseq.
479 1814 502 1877 p
545 1841 552 1856 .
578 1797 637 1856 408
651 1813 713 1879 seq.
737 1795 947 1866 llonnmentis‚
969 1813 1035 1872 qum
1055 1796 1092 1856 ab
1108 1795 1154 1858 bis

89 1876 204 1937 duobus
216 1877 389 1938 doctissimis
403 1877 474 1937 viris
531 1885 576 1937 nte
589 1885 674 1954 sunt,
697 1875 803 1938 addam
816 1876 977 1956 Didymum
995 1876 1153 1939 Alexandr.

88 1959 261 2038 scriptorem
286 1961 327 2020 tv
361 1959 474 2036 saeculi,
499 1960 549 2037 qui
573 1956 623 2020 tt.
645 1961 665 2020 2
692 1957 727 2020 de
756 1958 840 2018 Trite.
868 1976 893 2020 c.
921 1959 939 2018 7
962 1976 996 2040 p.
1023 1960 1083 2021 200
1106 1959 1154 2021 ed.

89 2043 208 2102 Bonoo.
235 2041 313 2102 4760
334 2047 458 2102 testetur
477 2059 528 2102 sua
552 2049 636 2112 aetate
660 2040 792 2101 ecclesias
805 2040 895 2102 luisse
919 2059 1009 2114 oure,
1035 2052 1156 2124 arpento

90 2130 118 2182 et
132 2119 215 2184 ebore
229 2130 361 2184 ornatus.

130 2201 174 2285 (5)
196 2205 297 2266 Plures
308 2224 341 2265 ee
354 2204 391 2265 de
402 2222 435 2263 re
448 2203 526 2285 leges
537 2211 651 2265 exstent
664 2205 695 2266 in
709 2203 808 2264 codice
818 2203 965 2265 Theodos.
979 2201 999 2265 l.
1013 2206 1031 2265 9
1043 2203 1087 2266 tit.
1103 2207 1154 2276 47,

91 2293 119 2346 54
132 2287 171 2346 L.
188 2291 207 2348 2
226 2285 289 2348 cod.
305 2284 341 2348 de
365 2283 464 2368 Sepul.
488 2283 610 2362 violat,
626 2287 715 2364 idque
729 2287 816 2346 etiam
838 2293 981 2346 testentur
995 2305 1053 2348 non
1069 2287 1158 2348 cbris

92 2369 164 2430 tisni
188 2369 282 2430 solum
296 2369 451 2447 scriptores
466 2367 570 2431 Euseb.
588 2366 623 2428 de
639 2368 692 2428 uit.
716 2367 899 2430 Constantio.
920 2365 969 2429 tt.
997 2371 1014 2429 5
1034 2387 1099 2450 cop.
1118 2373 1154 2430 54

93 2460 120 2512 54
132 2453 172 2512 58
183 2469 225 2532 pa
249 2495 256 2510 .
274 2453 333 2512 606
343 2459 371 2510 54
381 2451 440 2511 645
455 2449 501 2511 ed.
517 2450 580 2528 cit,
594 2451 718 2529 aliique,
730 2449 878 2512 sedetiam
890 2449 998 2510 ethnici
1010 2453 1157 2529 Eunapius

92 2533 145 2593 cit.
170 2535 208 2592 AE
230 2551 271 2594 es.
292 2551 364 2616 pap.
383 2534 422 2593 55
442 2531 488 2592 ed.
515 2529 642 2594 Colonioe
661 2528 775 2592 Aliobr.
797 2532 1154 2608 l6l651ibsnius0rat.

92 2610 210 2696 apolop.
230 2616 268 2674 2ss
286 2633 357 2697 pop.
381 2615 435 2674 504
455 2623 523 2675 4554.
541 2617 559 2674 2
579 2613 649 2674 edit.
666 2614 768 2675 Paris.
786 2614 1155 2690 162751u1ianusorat.7

89 2693 411 2858 pafbllgdnts‘i'ddtiniid·
427 2697 671 2857 iiidsiddpincit
694 2777 873 2857 sumptibus,
900 2784 933 2836 ut
965 2777 997 2839 in
1022 2777 1158 2840 omnibus
1191 2848 1195 2856 ¹

93 2862 224 2922 Orientis
243 2860 390 2940 pertibus,
410 2878 445 2920 ex
463 2879 508 2940 gr.
531 2860 755 2940 Hierosolymis,
779 2858 957 2935 Antiochiae,
982 2859 1158 2922 Nicomediae

90 2944 176 3022 juxta
204 2961 343 3020 quercum
368 2941 513 3015 Mambre,
540 2941 682 3020 lleliopoli
702 2941 733 3000 in
758 2941 922 3018 Phoenicia,
947 2940 1068 3019 aliisque
1088 2943 1158 3003 locis

92 3023 293 3102 compluribus
303 3023 543 3103 splendidissime
555 3024 681 3084 ecclcsioe
694 3021 927 3098 aedificnreutur,
943 3023 1027 3083 sicuti
1039 3032 1159 3085 narrant

93 3105 201 3168 Euseb.
216 3104 250 3166 de
268 3105 321 3166 vit.
340 3105 526 3166 Constantia.
548 3101 597 3165 tt.
613 3107 630 3166 5
646 3124 711 3186 cop.
728 3105 766 3166 50
781 3113 810 3164 54
822 3107 855 3166 54
871 3121 943 3188 pap.
965 3107 1024 3166 605
1038 3114 1066 3167 54
1082 3109 1156 3183 606,

92 3197 122 3250 54
142 3191 255 3250 Socrot.
278 3185 346 3249 bist.
365 3184 415 3247 tit:
439 3191 451 3248 l
471 3205 535 3268 cop.
553 3189 609 3263 46,
632 3189 688 3264 47,
714 3187 763 3247 48.
783 3205 853 3269 pap.
869 3189 909 3247 45
925 3193 952 3246 54
969 3203 1029 3270 sep.
1047 3186 1093 3249 ed.
1107 3189 1157 3250 cit.

93 3276 161 3349 lpse
182 3265 267 3330 etiam
284 3268 472 3330 fundamenta
489 3269 559 3348 jecit
573 3268 804 3329 celebratissima
818 3268 961 3346 ecclesiae,
977 3288 1042 3348 quoe
1062 3272 1094 3331 S.
1110 3271 1160 3334 So·

89 3350 186 3436 pitia,
202 3360 231 3412 54
250 3352 365 3434 Mopso
379 3351 471 3426 dictu,
486 3369 609 3429 quaeque
622 3351 705 3411 annis
726 3351 846 3430 triginta
859 3349 954 3411 tribus
968 3359 1033 3429 post
1052 3355 1159 3414 5055-

91 3435 202 3496 stantio
215 3433 344 3496 absoluta
359 3441 417 3503 est,
433 3434 476 3493 uti
490 3437 599 3495 Socret.
616 3429 666 3493 lib.
683 3435 702 3492 2
717 3440 739 3492 t.
757 3434 796 3494 46
812 3451 883 3514 pop.
899 3434 939 3493 85
953 3431 999 3494 ed.
1017 3431 1156 3495 Cantobr.

92 3517 193 3592 1720,
219 3523 249 3576 et
271 3523 371 3576 auctor
386 3511 524 3576 chronici
536 3512 703 3576 Alexandr.
721 3511 762 3575 ud
776 3534 828 3575 an.
845 3517 904 3576 560
922 3515 1070 3576 memoriae
1089 3531 1159 3593 pro·

91 3599 253 3674 diderunt;
271 3617 358 3676 quarn
379 3597 497 3678 quidem
516 3597 663 3657 ecclesiam
683 3597 818 3658 incendio
834 3604 1032 3676 consumptam
1050 3597 1158 3655 iterum

91 3679 277 3742 lastinianus
287 3679 467 3758 splendidius
478 3677 640 3739 aedificovit.
652 3679 720 3758 Ejus
727 3687 823 3739 antem
834 3679 1057 3758 descriptionem
1068 3676 1158 3738 babes

91 3761 174 3843 spud
188 3763 358 3843 Evagrium,
372 3763 560 3840 Procopium,
575 3760 745 3842 Agathinm,
765 3761 888 3823 Paulum
905 3759 1114 3822 Silentiarium.

142 3916 176 4019 ς.
216 3917 274 3988 IV.
318 3917 419 3990 Vetus
457 3917 596 3990 ecclesiae
621 3919 724 3991 forma
761 3933 795 3990 et
821 3921 899 3989 situs
932 3941 999 3987 non
1032 3940 1159 4012 semper

93 4017 198 4089 idem.
232 4015 401 4089 Interdum
432 4016 572 4112 oblonga
604 4033 672 4089 erat
703 4043 739 4088 ac
778 4017 852 4088 nari
884 4013 1015 4106 similis,
1055 4015 1160 4087 inter-
