3142 5188
826 437 1045 510 -654-

399 587 576 656 ductisunt,
591 593 625 646 ut
637 585 769 648 subsidio
783 595 879 648 essem
892 587 1019 656 alaricis.
1036 605 1144 648 novum
1156 585 1371 656 herediolum,
1387 589 1469 668 quod

397 670 542 748 suscipere
563 667 726 744 debebant,
749 687 798 729 eos
812 668 947 730 deserere
968 669 1062 750 coegit
1078 668 1208 730 laborem
1229 687 1389 732 manuum.
1410 690 1469 749 quo

396 751 513 831 pridem
536 751 626 810 vitam
638 749 852 832 transigebant,
878 767 947 812 oum
960 749 1096 812 omnibus
1113 751 1199 812 soluti
1220 753 1299 812 euris
1314 752 1346 812 in
1363 752 1467 812 solitu-

396 831 466 893 dine
480 831 682 894 versabantur.
703 835 768 896 Nou
789 833 869 894 enim
891 833 1061 912 reamplius
1081 841 1216 912 poterant
1232 835 1263 892 in
1285 833 1343 894 hoe
1366 835 1466 895 labore

355 1011 357 1016 ι
398 915 773 1058 ornaturi
786 915 876 1057 tt
900 914 1050 1058 Μ
1078 995 1465 1059 „n

396 1015 538 1140 llaltclbe
550 1014 806 1158 vietamallgendallg
826 1015 1156 1154 peppus’pppcopmus
1173 1041 1243 1140 erat,
1260 1017 1403 1140 rbbbnum
1421 1079 1465 1140 la-

397 1161 466 1236 bor,
482 1160 731 1240 utpereumsibi
745 1161 886 1221 advitam
906 1162 1066 1221 benemoria
1085 1169 1297 1240 compararent.
1315 1162 1374 1223 Sed
1399 1181 1464 1222 enm

397 1251 479 1303 suani
494 1261 548 1322 pro
562 1241 720 1302 christiano
732 1243 839 1320 populo
852 1261 970 1322 operam
983 1243 1153 1322 impendere
1165 1251 1332 1322 oeperunt,
1348 1261 1467 1322 Qum

396 1324 527 1403 prolecto
549 1332 579 1384 at
595 1323 675 1386 omni
693 1323 755 1402 juri
773 1333 1000 1385 musanuneurn
1021 1325 1098 1400 luit,
1113 1333 1147 1385 ut
1170 1325 1330 1385 noemsaria
1354 1326 1466 1404 aeripe-

396 1413 464 1467 rent
478 1405 516 1466 ob
529 1405 580 1480 iis,
595 1405 703 1486 quibus
726 1415 854 1467 suaerat
879 1406 993 1468 addiota
1015 1424 1103 1486 opera
1117 1414 1146 1468 et
1169 1407 1331 1486 occupatio.
1361 1408 1399 1470 lli
1414 1407 1467 1470 de-

398 1487 522 1564 derunt,
538 1488 581 1548 uti
601 1507 655 1568 par
678 1495 757 1565 erat,
783 1487 870 1566 hujus
894 1507 989 1566 opere
1016 1489 1239 1549 remunerandae
1258 1506 1345 1549 eausa
1371 1489 1466 1566 bona,

398 1589 465 1630 eum
477 1569 584 1650 quibus
597 1569 731 1632 monaehi
756 1569 845 1630 vitam
865 1571 1068 1646 traducerent3
1084 1577 1113 1631 et
1133 1571 1173 1630 ita
1190 1589 1240 1630 sua
1254 1579 1360 1650 sponte
1380 1572 1468 1632 desiit

397 1669 539 1714 manuum
558 1651 655 1726 labor,
677 1653 724 1715 eui
738 1671 797 1738 non
817 1652 941 1748 amplius
955 1652 1089 1748 mpnaohi
1103 1651 1166 1712 aliis
1180 1652 1299 1748 distenti
1314 1654 1396 1713 euris
1418 1673 1468 1715 va-

397 1743 1043 1878 tittltdiiltdtdbtittt:
1059 1734 1468 1896 tdttdtttff‘dbt

396 1898 440 1958 rei
453 1897 619 1958 christiane
631 1897 755 1978 publicae
769 1898 925 1960 utilitatem
938 1897 1155 1976 redundarent,
1169 1898 1280 1978 quique
1293 1917 1354 1959 nou
1370 1899 1467 1960 solum

397 1979 436 2040 ad
449 1979 599 2060 religionis
612 1979 722 2056 officia,
741 1980 894 2041 sedetiam
914 1981 952 2041 ad
970 1980 1067 2042 studia
1091 1981 1254 2042 litterarum
1268 1981 1466 2059 pertinerent.

398 2063 512 2137 Quanta
526 2069 624 2121 autem
641 2061 679 2122 ad
695 2080 747 2122 nos
761 2061 855 2124 delata
869 2061 928 2123 sint
945 2062 1020 2124 bona
1034 2080 1071 2123 ex
1090 2062 1137 2124 bis
1153 2061 1366 2124 monachorum
1390 2065 1468 2125 onds

397 2151 486 2221 atque
505 2143 672 2220 laboribus,
693 2143 809 2224 ignorat
831 2162 933 2220 nemo,
955 2144 1061 2222 idque,
1080 2153 1114 2205 ut
1134 2151 1245 2206 oeoeros
1258 2145 1393 2222 mittam,
1414 2145 1468 2208 de-

396 2233 540 2286 monstrat
563 2224 723 2288 blabillonii
750 2243 823 2304 opus
850 2224 886 2288 da
912 2225 1023 2288 stodiis
1047 2226 1233 2304 nwnootieis,
1262 2225 1467 2288 demonstrant

397 2307 536 2386 preclara
560 2326 647 2388 opera
670 2307 872 2369 Maurinorum
900 2308 1082 2386 aliorumque
1104 2309 1317 2387 complurium,
1340 2328 1467 2389 quorum

397 2388 503 2450 studiis
531 2397 619 2469 atque
639 2389 827 2470 aucupatione
840 2409 944 2471 magna
957 2390 1093 2452 omnibus
1113 2391 1222 2450 utilitas
1244 2391 1341 2452 allata.
1363 2393 1468 2471 Neque

397 2487 468 2531 vero
492 2470 558 2546 illa,
584 2471 614 2532 in
636 2491 694 2550 qua
720 2489 798 2532 nuno
820 2471 955 2533 monaehi
981 2479 1152 2547 versantur,
1178 2473 1328 2552 oompatio
1360 2491 1466 2536 eorum

396 2551 523 2612 instituti
541 2553 686 2612 sanctitati
703 2553 890 2630 adversatur,
914 2555 994 2634 quod
1014 2555 1075 2634 ipse
1088 2553 1197 2615 latetur
1219 2555 1321 2636 uybd.
1343 2554 1464 2618 Introd.

397 2633 493 2728 injus
506 2631 604 2694 aoeies.
621 2636 725 2694 tom.l
744 2630 795 2695 lib.
813 2637 914 2716 loop.
928 2639 962 2698 11
980 2635 1006 2718 §.
1030 2638 1089 2698 555
1104 2643 1167 2697 not.
1181 2639 1216 2713 l;
1241 2647 1387 2698 narrante
1411 2638 1467 2698 ali·

397 2734 463 2792 quis
481 2714 677 2794 reprehendat
695 2715 866 2793 monachos,
887 2717 966 2795 quod
989 2736 1042 2797 pro
1063 2718 1216 2780 commodo
1233 2725 1323 2798 atque
1340 2720 1466 2781 utilitate

398 2795 563 2858 christianae
582 2797 749 2877 reipublice
770 2816 889 2893 pperam
914 2807 1025 2860 terunt.
1052 2799 1175 2863 Consule
1194 2803 1227 2862 ll.
1250 2803 1287 2862 G.
1309 2801 1464 2862 Ziebreebt

397 2878 1042 3044 titiidilatis„intituli
1058 2881 1465 3048 libituitttttdii

398 3041 434 3105 dr
448 3039 506 3104 reli
523 3042 611 3120 iasio,
632 3043 789 3105 monachos
810 3045 848 3105 ad
867 3045 995 3124 priscum
1014 3047 1081 3106 vitm
1107 3045 1275 3106 institutum
1308 3065 1463 3110 namnum-

398 3142 456 3202 que
479 3061 610 3186 laborem
628 3143 765 3188 revocare
786 3127 882 3188 vallet.
908 3131 1044 3190 Ceterum
1061 3127 1166 3188 falsum
1183 3135 1243 3204 est,
1266 3128 1349 3208 quod
1365 3147 1464 3192 omnes

396 3205 533 3267 monaehi
555 3207 640 3268 initio
663 3227 803 3268 manuum
816 3208 916 3269 labore
929 3209 984 3271 sibi
998 3211 1107 3270 vietum
1120 3219 1304 3288 quererent,
1320 3231 1389 3272 oum
1404 3231 1462 3274 mo·

398 3286 574 3362 naohorum,
589 3289 640 3367 qui
651 3290 708 3368 piis
720 3290 857 3369 operibus
871 3298 901 3351 et
914 3293 1019 3354 studiis
1030 3299 1165 3352 raoarent
1176 3293 1360 3370 litterarum,
1375 3296 1462 3356 multa

398 3369 457 3430 sint
471 3371 602 3450 exempla
624 3371 703 3449 apud
720 3372 859 3435 Athenas.
882 3391 928 3455 ep.
950 3371 989 3435 od
1010 3376 1156 3435 Draoont.
1179 3381 1251 3435 tom.
1281 3379 1383 3458 lpnp.
1405 3377 1461 3438 207

398 3449 445 3514 ed.
462 3454 570 3514 Potor.
587 3453 683 3529 1777,
700 3461 729 3514 et
746 3457 859 3515 Sozam.
876 3451 945 3516 tot.
967 3452 1033 3517 eorl.
1049 3453 1100 3516 lab.
1120 3459 1222 3538 dorp.
1239 3458 1279 3516 78
1293 3465 1321 3517 at
1336 3462 1376 3520 2⁹
1391 3478 1457 3542 pap.

399 3535 459 3594 256
474 3553 535 3630 aeq.
555 3552 622 3616 cop.
640 3536 692 3610 50,
710 3537 767 3611 tl,
787 3539 826 3597 52
838 3555 909 3618 pop.
929 3540 985 3600 iti
1005 3545 1033 3598 et
1051 3556 1113 3620 aeq.
1128 3536 1200 3600 adit.
1221 3540 1349 3602 Tauria.
1369 3543 1458 3618 1717,

398 3623 428 3674 et
441 3618 544 3678 eonorl.
567 3619 716 3678 Constant.
733 3619 960 3696 propositionem
979 3622 1018 3681 tt
1040 3619 1156 3684 Wioleli
1170 3621 1295 3701 aientis:
1321 3647 1336 3676 a
1350 3626 1463 3684 Fratres

399 3705 537 3758 tenentur
550 3717 603 3777 per
616 3697 729 3758 labores
742 3717 883 3760 manuum
895 3701 1004 3762 vietum
1017 3703 1185 3780 anquirere,
1198 3711 1228 3764 et
1242 3721 1301 3764 nnn
1316 3721 1370 3782 per
1381 3723 1463 3766 mon·

398 3777 564 3854 diritatem,
579 3805 592 3833 a
613 3779 761 3840 damnarit
775 3781 806 3842 in
821 3781 917 3860 prima
930 3792 1013 3862 parte
1029 3809 1042 3838 ιι
1058 3792 1209 3864 tamquam
1222 3785 1419 3846 seandalosam
1433 3797 1461 3847 et

395 3867 626 3940 presumptuose
638 3869 792 3938 assertam,
817 3881 870 3942 pro
882 3873 991 3942 quanto
1005 3866 1046 3926 sio
1057 3867 1234 3946 generaliter
1247 3875 1277 3927 et
1296 3868 1463 3929 indistinete

397 3939 543 4018 loquitur,
558 3967 572 3995 a
596 3943 627 4002 in
643 3942 734 4004 altera
756 3968 770 3998 r
787 3953 934 4022 tamquam
955 3964 1124 4025 erroneam,
1142 3967 1196 4028 pro
1218 3958 1329 4027 quanto
1343 3951 1460 4022 asserit,

396 4022 614 4086 mendicitatem
623 4025 762 4088 iratribus
768 4044 827 4088 non
838 4026 938 4106 lirare,
950 4053 963 4084 a
983 4037 1053 4091 tom.
1073 4031 1108 4092 16
1121 4049 1203 4094 eona.
1215 4030 1323 4094 labbei
1334 4029 1389 4094 ool.
1402 4033 1459 4093 757
