3134 5144
527 381 746 452 -att-

148 527 185 604 (ll
210 530 282 608 Cup.
299 530 337 590 tt
356 526 486 590 deetect.

149 609 473 690 mmmmm

148 691 186 774 (5)
208 694 278 772 top.
294 692 361 754 sta
373 691 511 776 suppleo.
527 690 637 778 neyliq.
648 692 768 778 prostat.

155 873 183 972 3.
209 875 343 948 XVIII.
372 875 491 948 Tribus
518 893 626 950 autem
658 875 782 967 modis,
804 875 866 947 alio
889 891 1043 972 preterea
1064 874 1170 968 nullo,

116 972 216 1045 electio
253 973 443 1072 perficitur,
480 1001 548 1072 per
586 981 824 1064 senectutem,
859 979 1170 1070 compromittunt,

116 1085 143 1139 et
175 1078 278 1168 quoti
308 1079 578 1170 inepirnttbnem
617 1073 670 1170 (I)
718 1073 769 1144 Fit
809 1077 1028 1144 tmtinium
1062 1071 1171 1144 electis

118 1168 207 1240 tribus
243 1170 495 1261 scrutatoribus,
551 1195 694 1269 quorum
735 1188 784 1243 est
833 1169 983 1266 coIIIgcrc
1021 1170 1173 1266 suffragia

118 1267 318 1362 sinffirlorum,
357 1293 431 1366 quat
473 1285 580 1360 certe,
617 1285 652 1341 et
681 1295 790 1340 ‘vacua
831 1267 1034 1358 conditione,
1074 1283 1173 1366 atque

119 1365 312 1462 ambiguitate
358 1393 425 1438 esse
466 1367 588 1440 debent
620 1365 693 1464 (ἢ),
734 1392 837 1466 euque
883 1365 1064 1460 colligenda
1097 1381 1175 1437 suut

122 1477 247 1552 cereo,
275 1482 312 1536 ut
339 1465 521 1561 plurimum
552 1468 587 1538 in
625 1469 750 1564 scriptis
790 1465 999 1564 sinqillntim
1007 1515 1021 1551 ‚
1051 1488 1119 1534 nou
1155 1490 1174 1532 a

125 1559 255 1653 pluribus
280 1565 500 1662 conjunctim,
520 1573 624 1658 justo
650 1565 771 1636 ordine
780 1617 794 1652 ,
827 1578 865 1632 ut
896 1577 1087 1634 scrutatores
1117 1563 1173 1630 iu-

129 1659 216 1728 ticem
243 1687 259 1731 o
288 1688 321 1732 se
355 1664 430 1759 ipsis
467 1661 617 1758 suffragia
654 1665 834 1760 excipiant,
871 1659 990 1732 deinde
1017 1686 1035 1728 a
1060 1660 1173 1730 ceteris

21 1771 22 1788 ¹
127 1757 286 1829 secundum
336 1759 485 1839 ordinem
523 1778 557 1832 et
600 1761 848 1858 praerogatiram
892 1757 1029 1854 padus,
1076 1782 1176 1854 quem

126 1860 329 1954 unusquisque
361 1858 507 1948 obtinet,
543 1860 748 1956 diliyentcr,
794 1870 832 1929 ut
870 1855 923 1929 vel
955 1859 1015 1952 ipsi
1055 1855 1105 1926 vel
1138 1856 1175 1923 iis

122 1955 338 2046 presentibus,
371 1956 502 2028 tabellio
524 1961 559 2028 in
586 1961 744 2054 scriptum
775 1955 900 2051 redigat
931 1953 1079 2050 suffragiu
1105 1955 1201 2023 sin--

120 2048 275 2144 gulomm,
310 2080 413 2152 eaque
439 2081 514 2126 mox
538 2054 728 2152 publicent,
772 2055 835 2126 hoc
874 2069 922 2124 est
960 2052 1174 2151 patefaciant,

21 2185 23 2246 ᾗ
121 2163 154 2216 ut
179 2149 297 2222 electus
322 2169 510 2243 censeatur,
552 2157 588 2224 in
622 2179 721 2252 quem
755 2155 858 2252 major
899 2167 934 2224 et
963 2152 1070 2221 senior
1102 2173 1176 2246 pars

21 2259 22 2340 ᾗ
120 2248 237 2343 capituli
254 2253 419 2322 consensit
435 2251 500 2348 (ὅ).

164 2434 190 2512 ll
211 2437 288 2519 Cup.
306 2438 386 2514 Quia
394 2447 515 2521 propter
527 2442 568 2502 ta
579 2439 614 2501 tle
625 2437 705 2502 elect.

21 2569 22 2572 η
163 2520 190 2596 2)
212 2521 287 2601 Cap.
303 2518 398 2582 tend.
414 2520 460 2582 tlt.
475 2521 508 2582 in
520 2525 549 2582 6.

21 2613 23 2674 ᾗ
152 2597 188 2681 (ὅ)
208 2605 249 2662 Ex
277 2620 336 2680 quo
363 2602 521 2663 conficiunt
545 2603 717 2680 canonistas,
744 2621 803 2664 non
828 2611 942 2664 tantum
968 2600 1175 2682 suffragiorum

21 2701 23 2734 t
120 2697 262 2744 nummum
280 2701 342 2744 esse
356 2685 574 2762 mstImsndum,
596 2686 749 2746 sedetiam
765 2685 818 2744 zeli
836 2685 874 2746 ud
891 2684 1004 2758 zelum,
1024 2691 1057 2742 ut
1075 2683 1175 2761 ajunt,

119 2769 143 2822 et
154 2766 244 2826 meriti
261 2763 301 2825 sd
314 2768 452 2827 meritum
467 2768 649 2828 collationem
663 2787 725 2828 esse
739 2767 900 2828 faciendum
920 2773 1051 2827 mouent.
1065 2768 1178 2828 Verum

21 2917 22 2932 χ
119 2861 230 2908 nuncet
251 2847 309 2906 seli
324 2847 361 2908 cd
379 2849 473 2910 zelum
492 2857 522 2910 et
538 2851 637 2911 meriti
660 2851 849 2911 admei-itum
875 2849 989 2910 collcuo
1017 2845 1175 2919 obsolevit,

21 2979 22 2988 2
118 2944 145 2986 ac
161 2935 275 2990 tantum
303 2929 523 3012 suffragiorum,
547 2951 613 3011 qum
638 2932 759 3012 quidem
782 2931 859 3010 justa
884 2951 917 2992 oe
940 2930 1070 3011 legitImn
1099 2930 1175 3000 siut,

119 3026 245 3073 numerus
258 3013 428 3091 inspicitur,
443 3015 486 3074 uti
501 3015 634 3075 observat
647 3015 783 3078 Giraldus
800 3013 922 3096 exposit.
943 3015 1014 3073 Jur.
1037 3009 1176 3092 Poctt'fic.

118 3107 176 3170 por.
191 3097 205 3154 t
222 3091 276 3156 lib.
295 3097 309 3156 l
325 3102 396 3156 sect.
413 3097 453 3156 to
465 3115 537 3178 pay.
553 3098 591 3157 29
608 3104 679 3157 tom.
694 3099 724 3158 l.

158 3261 187 3363 ς.
224 3263 322 3338 ΧΙΧ.
362 3263 466 3364 Major
497 3293 571 3364 pars
592 3269 788 3358 aestimatur,
815 3283 963 3364 respectu
993 3265 1104 3337 habito
1136 3263 1178 3333 ao

21 3443 22 3458 ἶ
119 3384 219 3434 omnes
241 3363 333 3454 illos,
371 3369 428 3462 qui
454 3364 603 3437 electioni
636 3368 817 3454 intersunt3
846 3382 880 3438 et
907 3364 981 3436 ideo
1007 3367 1032 3435 si
1063 3389 1178 3436 eorum

121 3459 282 3558 collegium
312 3477 438 3534 constet
482 3489 532 3534 ex.
568 3490 617 3559 gr.
651 3465 812 3536 canonicis
836 3463 1044 3562 quindecim,
1080 3484 1178 3532 nemo

21 3565 22 3650 j
120 3558 171 3628 rite
196 3561 320 3632 electus
341 3559 499 3653 habetur,
528 3563 589 3632 nisi
613 3577 685 3634 octo
709 3559 858 3660 suffragia
896 3561 1074 3658 obtinuerit
1108 3558 1174 3654 (l).

21 3687 22 3692 ¹
119 3651 148 3723 si
174 3657 256 3729 desit
275 3659 383 3756 justus
408 3658 461 3731 hic
482 3687 638 3732 numerus
661 3658 909 3757 suffragiorum,
943 3658 1023 3729 nihil
1050 3658 1176 3750 agitur,

21 3849 22 3852 Ἴ
119 3753 166 3824 sed
205 3757 321 3828 electio
364 3762 575 3858 consequenti
612 3759 664 3830 dic
701 3759 846 3831 iterando
878 3773 945 3845 est,
983 3782 1020 3826 ac
1051 3751 1177 3822 tamdiu

21 3859 23 3948 Q
120 3855 307 3948 repetenda,
343 3853 447 3927 donec
475 3859 546 3955 quis
573 3883 591 3927 a
622 3859 736 3956 mojori
758 3875 851 3954 parte
885 3855 1033 3950 eligatur.
1069 3849 1177 3923 Abso-

119 3944 178 4021 luta
206 3970 240 4024 et
270 3952 426 4049 patefacta
451 3955 627 4047 electione,
653 3955 825 4028 conficitur
866 3954 1051 4042 decretum,
1087 3949 1176 4048 quod
