3122 5170
795 428 1018 500 -672-

371 575 524 658 adscriptae
547 577 686 640 videntur
703 577 881 653 oblationes,
898 597 965 658 quoe
982 576 1020 638 cd
1045 577 1139 640 iture
1158 575 1284 654 fiebsnt,
1304 576 1385 638 selva
1401 593 1441 638 ei·

370 678 436 720 rum
474 661 573 732 tertia,
596 669 770 740 autquarta
790 670 888 739 parte,
913 680 979 738 quae
1002 660 1041 722 ad
1064 659 1233 740 episcopum
1260 658 1440 739 polluebat,

264 767 268 775 ·
368 760 434 802 cort.
461 743 479 802 7
498 761 563 884 ωρ.
581 743 621 802 to
635 761 687 825 qu.
706 746 735 803 l.
752 743 840 804 Panlo
854 751 919 822 post
932 741 1038 802 iisdem
1059 741 1210 802 ruralibus
1230 739 1441 801 ccelesiisccrti

369 824 457 884 etiem
476 841 512 885 ex
539 823 626 885 undis
647 825 760 886 reditus
776 825 880 886 tributi
899 833 985 897 sunt,
1001 841 1084 884 cone.
1106 824 1257 886 Aurelian.
1277 825 1319 885 lli
1331 843 1396 884 ure.
1420 826 1439 884 5

368 903 423 966 eol.
446 905 1003 970 circumrotundatum
1025 907 1131 967 noerio
1145 908 1243 967 omnis
1263 905 1368 966 curulis
1390 923 1438 967 ec-

369 987 454 1048 clesie
467 1007 534 1052 soce
553 991 685 1068 proprias
699 990 825 1052 decimas
841 999 872 1050 et
887 987 993 1050 fundos
1003 989 1171 1064 obtinebit,
1186 1007 1254 1050 cua.
1267 991 1309 1050 25
1323 1007 1387 1069 q.
1399 993 1438 1050 25

369 1087 422 1152 qu.
439 1073 470 1132 8.
492 1072 616 1133 Urbente
630 1090 746 1152 quoque
761 1071 907 1152 parochie
924 1071 1059 1132 eumdem
1074 1071 1260 1150 disciplinam
1278 1079 1377 1150 postu
1392 1090 1437 1132 oc·

373 1161 531 1232 ceperunt;
557 1163 588 1214 et
614 1163 684 1214 tunc
710 1155 911 1234 potissimum,
942 1153 1063 1214 inducta
1089 1153 1247 1233 partitione
1279 1154 1437 1227 bonorum,

369 1243 446 1294 certa
466 1235 579 1296 clericis
597 1235 663 1296 dota
684 1245 753 1296 sunt
769 1235 895 1316 predio,
915 1255 982 1314 quoe
999 1237 1055 1316 ipsi
1074 1236 1333 1311 administrarent,
1354 1243 1384 1296 ct
1404 1254 1438 1294 cx

368 1317 476 1394 quibtm
488 1317 526 1378 ed
542 1319 631 1379 tium
644 1320 803 1380 necessaria
815 1319 1011 1399 perciperent.

417 1447 448 1548 §.
471 1447 529 1520 ΙΙΙ.
569 1450 705 1548 Proprie
732 1451 931 1524 beneficium
961 1476 981 1520 a
1010 1448 1189 1546 praebcnda
1215 1449 1436 1544 distinguitur.

367 1545 447 1620 Haec
486 1551 574 1619 enim
607 1566 736 1621 tantum
778 1547 1030 1646 comprehendit
1063 1548 1208 1637 fructus,
1242 1547 1368 1620 reditus
1409 1565 1440 1620 ct

367 1645 605 1738 emolumenta,
650 1673 725 1744 quae
775 1649 896 1720 clericis
946 1664 1036 1719 certo
1084 1647 1283 1736 obveniunt,
1333 1645 1438 1718 ecclc-

367 1745 565 1816 siestioorum
608 1743 793 1818 officiorum
837 1763 871 1818 et
910 1745 1146 1818 beneficiorum
1196 1771 1303 1815 causa.
1358 1743 1439 1814 Hinc

367 1867 437 1912 cem
460 1867 545 1939 saepe
569 1847 667 1915 etiam
694 1845 845 1917 beneficii
880 1844 993 1916 dotem
1019 1843 1241 1942 appellemus,
1269 1847 1335 1914 sire
1361 1867 1439 1913 oon-

366 1942 455 2010 sistat
482 1943 517 2011 in
554 1941 685 2038 praediis
720 1946 864 2034 rusticis,
900 1957 957 2014 eut
996 1943 1148 2033 urbanis,
1188 1945 1254 2012 sire
1290 1944 1328 2012 in
1364 1965 1439 2038 pes-

369 2040 456 2130 cuis,
489 2039 597 2128 siliis,
632 2057 689 2112 aut
723 2041 901 2132 similibus,
926 2043 992 2112 sive
1022 2043 1059 2112 in
1095 2041 1158 2112 illis
1188 2039 1340 2135 juribus,
1393 2062 1439 2109 ue

367 2136 534 2208 fructuum
581 2141 684 2210 ricem
744 2139 919 2230 obtinent,
973 2155 1007 2211 et
1066 2139 1163 2210 rebus
1220 2135 1384 2210 immobili
1407 2161 1440 2206 us

370 2253 555 2332 aequentur,
586 2240 634 2308 uti
654 2253 732 2308 sunt
756 2265 869 2309 census
902 2255 936 2308 et
967 2237 1092 2336 reliqua
1129 2239 1256 2334 generis
1280 2235 1436 2335 ejsudem.

369 2334 413 2402 At
440 2359 515 2406 vero
545 2335 696 2407 beneficii
720 2362 842 2408 nomen
867 2335 962 2407 latius
985 2351 1095 2433 patet,
1124 2337 1279 2434 quonium
1309 2359 1375 2406 non
1403 2359 1440 2402 ea

368 2448 521 2524 tontum,
571 2459 645 2532 quae
688 2433 884 2532 praebenda,
926 2433 1197 2530 comprehendit,
1244 2431 1302 2504 sed
1341 2433 1438 2502 etiarn

368 2531 615 2602 ecclesiasticum
654 2533 798 2604 officium
833 2549 867 2602 et
906 2535 1142 2630 magistratum.
1181 2533 1232 2603 Dc
1271 2531 1440 2626 magistru-

369 2628 455 2699 tibus
493 2645 526 2700 et
558 2629 694 2721 officiis,
720 2655 794 2727 quse
819 2628 988 2702 beneficiis
1013 2630 1166 2730 adjuncta
1201 2645 1298 2720 sunt,
1342 2653 1439 2724 supe·

368 2729 451 2798 riore
481 2727 565 2800 libro
596 2745 704 2799 sotum
731 2743 791 2800 est.
826 2729 926 2801 Nune
966 2731 1001 2800 in
1030 2728 1195 2800 benefieiis
1236 2729 1437 2824 potissimum

367 2843 548 2922 spectamus
570 2827 711 2914 reditus,
739 2851 938 2925 quemquam
967 2827 1001 2897 hi
1019 2827 1143 2898 reditus
1162 2854 1230 2900 non
1253 2827 1315 2896 nisi
1336 2849 1437 2923 prop-

369 2939 419 2994 ter
461 2923 709 2996 ecclesiasticum
769 2923 917 2997 officium
976 2943 1010 2997 et
1068 2929 1292 3022 magistratum
1334 2925 1437 3020 perci·

366 3025 510 3118 piantur.

413 3119 444 3220 ᾗ.
482 3123 539 3191 lV.
576 3121 778 3194 Beneficium
819 3139 868 3193 est
911 3138 1108 3222 perpetuum
1141 3123 1195 3221 jus
1239 3117 1435 3220 percipiendi

367 3218 490 3290 lruetus
529 3219 571 3290 de
607 3221 701 3292 bonis
735 3220 972 3310 ecclesiasticis,
1009 3221 1108 3293 officii
1141 3245 1237 3292 causa
1273 3219 1434 3291 ecelesias·

364 3321 426 3388 tica
460 3321 650 3390 auctoritate
691 3321 889 3390 institutum.
935 3319 1136 3416 Perpetuum
1182 3321 1339 3416 inquam,
1377 3315 1434 3386 boc

366 3433 414 3486 est
447 3415 552 3489 donec
587 3415 808 3488 beneficiarius
839 3419 913 3489 vitoe
942 3444 1036 3489 usuro
1075 3417 1209 3504 fruitur,
1240 3415 1434 3488 beneficium

364 3540 432 3587 csse
461 3515 577 3602 debct3
616 3517 691 3614 quie
726 3543 786 3614 per
817 3513 879 3588 boc
910 3533 999 3590 certo
1040 3519 1074 3586 in
1113 3513 1243 3587 ecelesia
1284 3511 1432 3586 obeundo

367 3619 496 3686 muneri
531 3613 711 3706 addicitur,
746 3613 836 3713 quod
865 3641 941 3686 cum
974 3640 1016 3714 pe
1077 3631 1170 3686 tuum
1210 3615 1274 3705 sit,
1318 3637 1435 3710 perpe-

367 3727 461 3782 tuum
509 3741 551 3786 uo
577 3740 616 3784 ue
642 3715 697 3812 jus
722 3713 763 3784 ad
786 3711 908 3784 reditus
929 3737 996 3784 esse
1044 3711 1131 3784 ebet.

413 3807 443 3910 §.
479 3741 522 3883 i.
552 3742 724 3884 ‘braeterea
776 3811 985 3884 ecclesiastica
1034 3813 1241 3901 auctoritate,
1288 3807 1436 3882 videlicet

366 3913 485 3980 sommi
515 3909 701 4000 Pontificio,
737 3927 794 3981 cut
825 3913 986 4007 episcopi,
1022 3935 1103 4005 opus
1130 3925 1198 3997 est,
1232 3925 1269 3979 ut
1308 3905 1434 3980 benefi-

366 4009 452 4078 cium
490 4012 716 4080 constituatur.
752 4009 835 4081 Cum
881 4011 969 4078 enim
1006 4009 1206 4082 ecelesiastici
1234 4006 1356 4080 reditus
1402 4024 1433 4076 ct
