3122 5178
729 389 734 396 .
850 338 1043 408 ..80-

457 487 488 588 §.
518 487 702 562 LXXXIV.
726 490 891 588 ⁸Denique
917 489 1090 586 Gregorius
1115 487 1188 578 lX,
1213 489 1271 586 qui
1300 504 1372 585 post
1398 487 1474 560 Ho-

284 669 287 676 ,
409 593 537 664 nerium
576 587 809 669 Pontificatum
844 583 1004 679 obtinuit,
1037 611 1127 657 suam
1173 587 1311 658 confecit
1351 588 1476 659 collec-

158 691 161 698 ’
259 701 303 768 2,
408 692 551 777 tionem,
569 713 629 783 per
642 713 741 784 quam
761 685 987 758 obsoleverunt
1017 687 1163 784 quinque
1175 685 1239 756 illae
1261 689 1473 774 vetustiores,

409 812 547 884 quarum
578 812 666 855 nunc
687 786 915 875 sacte'mentio
949 801 1008 855 est.
1049 783 1177 855 Prodiit
1205 783 1275 854 haec
1303 783 1473 872 collecti0,

409 910 507 982 quam
526 883 708 970 decretales
719 881 883 976 dicimus,
911 909 997 955 0000
1023 881 1118 954 1254
1142 881 1220 978 (l),
1244 880 1351 952 studio
1372 899 1475 980 atque

408 1007 506 1080 opera
536 981 645 1054 Sancti
668 983 714 1053 Ru
739 981 855 1061 mundi
874 980 915 1054 de
938 980 1121 1054 Pennasort
1140 1005 1179 1050 ex
1204 979 1318 1051 ordine
1344 977 1476 1052 Praedi-

396 1097 566 1176 catorum.
586 1078 686 1164 Quod
713 1010 912 1152 lustinianus
935 1081 970 1152 in
992 1079 1071 1150 1000
1095 1077 1178 1150 civili
1200 1081 1413 1176 prestiterat,
1434 1097 1475 1150 ut

408 1205 446 1249 ex
468 1177 631 1250 codicibus
660 1177 878 1274 Gregoriano,
914 1179 1193 1278 Hermogeniano,
1224 1175 1472 1268 Theodosium,

408 1293 506 1376 atque
532 1303 570 1348 ex
588 1276 724 1349 novellis
752 1275 1048 1368 constitutionibus,
1072 1299 1145 1374 quae
1171 1273 1323 1372 deinceps
1344 1273 1475 1372 prodie-

408 1391 501 1466 rant,
536 1375 597 1446 illis
627 1377 723 1446 etiam
763 1375 896 1466 additis,
936 1399 1015 1474 ques
1054 1377 1128 1472 ipse·
1153 1374 1319 1462 emiserat,
1348 1399 1473 1446 norum

408 1472 551 1544 codicem
579 1471 768 1563 absolveret,
796 1473 830 1544 id
855 1476 891 1544 in
913 1473 991 1545 Jure
1015 1473 1169 1544 canonico
1191 1468 1364 1566 Gregorius
1387 1498 1474 1568 prae-

406 1573 498 1642 stitit.
530 1571 702 1643 Justiniani
727 1574 885 1644 rationem
906 1575 943 1642 in
981 1597 1020 1642 eo
1059 1595 1194 1668 quoque
1229 1571 1297 1666 ipsc
1328 1585 1376 1642 est
1399 1571 1472 1642 imi·

406 1686 505 1760 tatus,
533 1670 623 1766 quod
660 1698 700 1742 ex
727 1668 940 1742 decretalibus
972 1673 1175 1768 superiorum
1211 1666 1409 1738 Pontificum
1432 1697 1472 1742 ea

404 1767 533 1934 supltulit
570 1793 644 1864 quae
678 1767 804 1839 inutilia
836 1783 947 1858 erant,
986 1793 1126 1866 quaeque
1155 1769 1241 1838 inter
1265 1791 1299 1837 se
1324 1793 1472 1864 pugnare

409 1867 439 1933 vi
465 1865 616 1936 ebentur.

447 2011 488 2096 (l)
510 2017 630 2076 Romam
649 2015 729 2076 venit
747 2015 937 2095 Raymundus
954 2034 1004 2075 un.
1027 2017 1122 2091 1050,
1139 2015 1170 2075 in
1184 2033 1275 2094 eaque
1288 2015 1361 2077 urbe
1373 2015 1471 2096 jussus

328 2139 332 2143 -
406 2118 422 2156 0
442 2115 556 2157 summo
577 2096 716 2157 Pontince
734 2098 825 2157 trium
841 2115 984 2157 annorum
999 2098 1092 2176 spatio
1106 2115 1223 2175 operam
1237 2097 1318 2159 dedit
1332 2099 1471 2179 mlligen-

407 2178 452 2239 dis
467 2179 676 2254 decretalibus3
697 2185 784 2257 atque
808 2179 882 2239 hanc
905 2179 1101 2242 collectionem
1128 2179 1160 2240 in
1184 2197 1288 2241 munus
1317 2181 1470 2242 hominurn

405 2261 572 2340 pervenisse
579 2281 628 2322 an.
644 2261 856 2324 litlostendit
867 2262 1066 2340 exemplum,a
1078 2261 1252 2323 Bremcndiu
1263 2261 1386 2338 editum,
1397 2266 1472 2343 epis-

406 2344 473 2404 tolae
484 2345 616 2424 Gregorii
628 2347 681 2420 IX,
706 2363 770 2422 quoe
780 2351 848 2404 unte
862 2344 937 2422 ipsas
950 2344 1108 2406 decretales
1133 2344 1275 2424 descripta
1288 2355 1332 2408 est
1348 2348 1474 2426 dataque

405 2425 491 2494 nonis
508 2425 681 2504 septembris
696 2445 765 2488 ann.
794 2428 884 2488 tuot.
903 2427 980 2490 Vide
997 2427 1210 2512 Proefetzbnem
1229 2428 1256 2511 §
1280 2432 1298 2491 5
1324 2449 1407 2492 num.
1432 2433 1470 2490 l‘l

402 2526 474 2588 prop.
496 2508 529 2582 7,
557 2516 683 2570 etentes
707 2509 726 2568 8
747 2509 810 2568 009
829 2509 862 2570 iu
881 2509 974 2570 vitam
995 2511 1098 2572 Sancti
1116 2511 1303 2595 Rcymundi,
1319 2532 1390 2594 pop.
1412 2514 1466 2590 52,

405 2607 471 2666 quus
488 2590 585 2649 omnia
603 2589 750 2669 praemisse
764 2599 833 2651 sunt
854 2592 983 2653 Summe
1002 2591 1225 2680 &depectendi
1241 2594 1276 2656 de
1291 2591 1466 2676 Pennufort

406 2669 478 2731 edit.
496 2673 618 2742 Verere
636 2691 686 2734 en.
703 2675 794 2734 titt.

450 2800 480 2902 §.
509 2801 694 2875 LXXXV.
722 2803 962 2876 Decretale'um
991 2808 1124 2877 nomine
1143 2805 1289 2877 collectio
1313 2805 1381 2878 haec
1404 2833 1468 2905 ap-

403 2901 564 2996 pellatur,
593 2901 683 2998 quod
723 2899 900 2972 decretales
924 2905 1074 2998 epistolas
1103 2929 1303 2975 summorum
1330 2905 1468 2976 Pontifi-

405 3023 481 3068 cum
516 3001 699 3094 praesertim
744 2999 981 3095 complectitur.
1026 3002 1113 3072 Sunt
1151 3017 1260 3072 autem
1294 3002 1468 3076 decretales

404 3095 570 3191 epistolae,
605 3121 679 3193 quas
705 3098 802 3166 etiem
839 3097 983 3169 absolute
1013 3101 1195 3173 decretales
1220 3117 1254 3170 00
1281 3101 1467 3174 decretalia

404 3217 569 3290 respectae
606 3210 783 3283 vocantur,
825 3194 1006 3268 Pontificiae
1041 3197 1176 3284 litterae,
1199 3199 1317 3297 quibus
1354 3225 1468 3271 consu-

404 3291 486 3362 lenti
526 3292 711 3363 rescribitur
749 3307 783 3362 et
819 3318 894 3392 quae
940 3294 1115 3392 decretales
1152 3297 1326 3388 dicuntur,
1370 3323 1468 3395 prop

408 3405 495 3460 terea
531 3389 620 3487 quod
646 3394 683 3460 iis
720 3390 760 3460 ali
786 3393 841 3461 uid
885 3397 1063 3487 generatim
1097 3397 1161 3465 vim
1188 3394 1395 3485 habiturum,
1431 3423 1468 3468 re

405 3487 576 3584 diligenter
590 3513 746 3585 expensa,
763 3417 965 3561 decernitur.

454 3609 484 3711 §.
524 3609 723 3683 LXXXVI.
758 3611 969 3710 Depromptae
998 3632 1076 3686 sunt
1111 3613 1316 3712 Gregorianae
1348 3613 1465 3687 decre-

405 3709 484 3782 tales
525 3734 593 3782 0000
620 3725 685 3780 tem
718 3735 756 3782 ex
796 3713 1079 3784 constitutionibus
1120 3713 1317 3786 Pontificum
1341 3713 1465 3786 Romu-

405 3835 557 3882 norumu
577 3806 613 3878 S.
645 3807 801 3903 Gregorio
822 3809 957 3904 Iusque
987 3811 1027 3882 ad
1053 3810 1244 3908 Gregorium
1265 3813 1336 3903 IX,
1364 3839 1465 3910 quern

406 3911 503 3978 ctiam
529 3934 567 3980 ex
591 3906 668 3978 locis
698 3903 891 4005 quibusdam
925 3905 1029 3983 Sacrae
1057 3911 1253 4008 Scripturae,
1287 3911 1463 3983 canonibus
