3106 5170
736 399 884 484 —i'l8
917 453 957 468 -

313 562 456 630 drabibus
476 559 643 642 cbmmixti,
666 559 871 639 Mixtarabes,
895 571 926 624 et
949 567 1087 641 corrupta
1109 578 1181 624 vace
1203 557 1384 626 Macoraba

258 673 262 684 ’
313 647 384 708 dicti
403 652 482 706 sunt.
498 643 604 708 Confer
617 643 794 728 llodcricom
818 663 878 705 rer.
898 644 1055 726 Hispania.
1080 640 1134 706 lb.
1154 646 1173 706 5
1190 663 1258 727 cap.
1277 647 1332 722 Ἠ,
1357 654 1389 707 et

315 729 435 810 Pngium
449 726 482 787 in
495 729 610 810 Barnea.
626 723 667 787 ad
684 745 739 788 aa.
756 729 817 789 tlt
830 745 863 786 a.
880 727 982 808 Ἄρας.
999 729 1061 788 200
1075 733 1148 789 was.
1161 729 1200 790 12
1213 725 1287 788 edit.
1305 729 1385 788 Luc.

314 811 386 872 lade
403 809 555 888 Hispanico
569 808 688 888 liturgia
702 805 880 872 idoasmbice
896 809 1040 888 appellata
1052 816 1113 885 est,
1130 827 1219 886 quam
1239 809 1389 890 antiquis-

314 893 418 954 simam
431 897 632 952 esseccnstat.
649 890 734 952 ltitns
752 889 949 952 llomrabicus
965 897 1096 952 serratus
1112 891 1145 954 in
1164 893 1310 970 Hispaniis
1327 893 1391 952 luit

313 992 407 1053 usqae
420 973 458 1034 ad
471 991 538 1034 saec.
555 975 615 1047 Xl,
633 972 686 1032 sed
705 989 740 1033 cc
753 971 858 1044 cnudo
870 973 909 1034 ad
923 974 1036 1035 exitum
1053 982 1193 1054 vergente
1209 973 1385 1054 abrogatas,

315 1056 436 1136 ejusque
448 1056 511 1116 loco
522 1058 670 1117 Romanus
682 1052 821 1116 suffectus
832 1062 887 1116 est.
901 1055 1035 1134 Denique
1045 1055 1127 1116 card.
1144 1059 1193 1116 Fr.
1209 1055 1387 1132 limenius,

316 1157 354 1199 ne
363 1146 452 1198 tante
462 1135 644 1216 antiquitatis
656 1135 733 1197 ritus
741 1137 862 1198 omnino
875 1137 1021 1214 interiret,
1033 1155 1102 1198 eum
1114 1137 1198 1198 noris
1207 1137 1391 1198 manceri-

317 1219 372 1296 bus
393 1221 424 1280 ia
443 1219 538 1280 lucem
561 1218 657 1278 emitti
677 1218 788 1294 voluit,
808 1227 838 1278 et
855 1219 1009 1300 collegium
1033 1219 1162 1280 instituit
1184 1219 1388 1296 mee-dotum,

316 1301 454 1380 aquibus
467 1300 598 1380 quotidie
612 1299 711 1360 divina
727 1300 822 1360 officia
841 1307 871 1360 et
885 1301 1038 1362 uasorum
1055 1300 1245 1362 solemniaco
1260 1303 1321 1362 ritu
1338 1319 1391 1362 ec-

316 1383 502 1444 lebrarentur
513 1384 544 1443 in
557 1381 675 1458 sacella,
689 1382 768 1460 quod
780 1384 811 1442 in
819 1381 922 1462 majori
935 1384 1054 1444 ccclesia
1068 1383 1208 1445 Toletano
1217 1383 1388 1444 rodidcnvit.

319 1469 394 1529 Sunt
416 1467 504 1526 ctiam
527 1465 621 1527 Toleti
640 1464 751 1542 aliquot
764 1463 925 1544 parocbia,
946 1465 977 1526 in
995 1465 1103 1545 quibus
1126 1465 1175 1526 bic
1191 1465 1392 1527 lloaanbicus

318 1549 393 1608 ritus
404 1546 500 1608 adbuc
518 1547 614 1628 viget,
627 1546 765 1625 idemque
778 1545 813 1606 lit
827 1547 1008 1610 salmanticae
1025 1548 1057 1608 in
1070 1547 1176 1608 sacello
1188 1545 1316 1609 doctoris
1330 1550 1393 1609 Ta·

317 1629 497 1691 labricensis.
509 1631 615 1692 Conier
624 1629 763 1691 divarum
773 1630 942 1692 Gomeaium
952 1629 989 1692 de
997 1627 1057 1690 reb.
1069 1637 1143 1711 qest.
1156 1627 1240 1691 card.
1254 1629 1393 1690 Ximenii

318 1709 369 1772 tib.
386 1714 421 1787 25
436 1717 510 1792 ling.
536 1711 709 1792 lloblegium
728 1711 761 1772 ia
782 1711 836 1772 ait.
857 1708 942 1774 card.
964 1711 1100 1773 Ximmii
1123 1730 1191 1793 cap.
1220 1713 1279 1787 52,-
1298 1711 1391 1773 card.

320 1795 488 1876 Aquinium
507 1801 577 1854 toran
593 1796 612 1855 3
626 1812 708 1856 conc.
730 1792 862 1874 Hispan
878 1802 955 1888 poet.
971 1813 1052 1856 omae.
1068 1797 1222 1876 Burqense
1234 1813 1310 1877 paq.
1324 1795 1389 1855 358

319 1883 348 1936 et
359 1894 434 1959 scq.‚·
445 1877 588 1938 cenniam
599 1875 739 1959 antiqmt.
755 1873 824 1938 cccl.
839 1879 970 1958 Hispan.
988 1885 1058 1938 tora.
1069 1878 1089 1938 2
1100 1873 1173 1938 dass.
1186 1878 1205 1937 7

368 2027 399 2131 §.
440 2029 511 2104 LV.
550 2027 664 2102 Plures
693 2046 802 2102 autem
837 2029 871 2101 hi
913 2033 1014 2120 ritus,
1039 2046 1073 2102 et
1101 2029 1153 2103 bae
1185 2032 1396 2104 caeremonia

322 2143 399 2200 sunt
429 2127 615 2227 dequibus
645 2127 709 2199 late
740 2145 842 2224 agunt
874 2131 1045 2227 scriptores
1077 2155 1189 2200 rerum
1222 2129 1396 2224 liturgica-

322 2227 503 2397 iliiiitniriii
529 2227 1396 2422 (illiscaeilqiiinaexpiopcisciiriiii’Oiiiriiaoeiiren‘iasiriseiitutiaaq

324 2439 362 2492 ut
404 2425 550 2522 majestas
579 2425 661 2493 tanti
691 2422 837 2494 sacrificii
880 2423 1149 2514 commendetur,
1192 2441 1227 2496 et
1263 2437 1392 2494 mentes

324 2519 472 2594 fidelium
497 2549 556 2620 per
594 2521 664 2593 baec
691 2521 824 2592 risibilia
853 2524 1031 2618 religiono
1053 2535 1088 2594 ct
1107 2527 1253 2620 pictatis
1276 2523 1391 2620 signa,

325 2619 366 2689 ad
403 2647 511 2693 nerum
550 2620 796 2709 altissimarum,
831 2643 908 2717 quae
933 2623 968 2691 in
991 2619 1053 2692 boc
1080 2621 1238 2693 sacrificio
1262 2617 1394 2706 latent,

324 2718 631 2816 contemplationem
656 2721 837 2790 excitentur
875 2719 941 2816 (ἢ).
983 2719 1030 2789 lta
1068 2721 1215 2818 mysticae
1243 2716 1399 2789 benedic-

326 2820 449 2906 tione,
492 2817 616 2887 lumina
667 2817 742 2914 (ὅ),
786 2816 1019 2914 thymiamata,
1063 2841 1160 2888 sacrae
1203 2832 1306 2890 vestas
1338 2816 1397 2912 (d)

326 2919 359 2986 ia
401 2913 560 2986 sacrificio¹
590 2913 804 3003 adhibentur3
849 2915 996 2987 similiter
1032 2932 1199 3013 receptum
1244 2932 1310 3004 est.‚
1356 2933 1400 2986 ut

327 3011 478 3111 quedam
521 3011 695 3104 submissa,
725 3012 787 3084 alia
823 3039 900 3086 vero
929 3013 1065 3086 elatiore
1107 3039 1186 3086 voce
1217 3017 1254 3084 ia
1297 3014 1400 3086 Missa

328 3113 583 3209 pronuntientur
603 3111 671 3210 (5).

369 3271 411 3352 (l)
432 3272 538 3334 eonrar
557 3271 589 3331 in
610 3271 714 3351 pomis
737 3269 824 3334 card.
848 3273 958 3334 Bonam
976 3290 1037 3334 rer.
1065 3269 1168 3356 lt'turq.
1192 3269 1284 3335 libros
1299 3269 1398 3351 dees,

330 3363 359 3416 et
373 3357 493 3414 Petrum
507 3353 535 3414 le
548 3357 628 3414 Brun
643 3351 800 3436 explicatio
810 3353 925 3416 Messes.

382 3435 411 3516 2)
432 3439 519 3498 conc.
536 3435 619 3498 Trid.
635 3435 671 3498 dc
683 3434 816 3519 sacrific.
831 3436 935 3500 Misso
945 3453 1017 3498 sess.
1031 3437 1072 3498 52
1082 3455 1151 3518 cop.
1165 3439 1196 3498 s.

383 3517 412 3598 5)
433 3519 506 3580 Joan
532 3519 622 3578 licnr.
642 3519 739 3582 Ottius
759 3518 937 3580 calvinianus
953 3517 1056 3594 bomo,
1080 3519 1131 3597 qui
1150 3526 1251 3580 contra
1275 3519 1404 3583 mades

331 3599 484 3661 cardinalis
495 3599 611 3662 baronii
621 3619 742 3662 mamea
753 3600 897 3675 instituit,
909 3601 1014 3662 irridet
1024 3599 1104 3662 bunc
1113 3599 1205 3662 ritum
1217 3602 1403 3665 acoeadcndi

331 3684 363 3743 in
374 3683 491 3744 ecclesia
509 3680 636 3759 lumina,
656 3701 783 3761 eumque
798 3691 883 3744 aetate
901 3683 982 3746 Hier.
1002 3683 1125 3744 minime
1137 3683 1297 3744 obtinuisse
1313 3684 1405 3746 arbi-

332 3773 437 3826 tratur.
454 3763 593 3827 sedeam
606 3764 698 3826 aalide
717 3765 824 3826 refellit
838 3765 1014 3826 Muratorius
1034 3762 1138 3847 litotrq.
1153 3768 1238 3828 Rom.
1259 3763 1333 3828 diss.
1358 3765 1405 3830 de

332 3843 392 3908 reb.
408 3843 510 3928 tttorq.
526 3865 592 3929 cap.
611 3849 665 3925 20,
682 3855 708 3908 et
724 3845 798 3910 diss.
824 3849 862 3908 ld
878 3846 911 3908 in
930 3849 962 3909 S.
978 3844 1146 3918 Paulinum
1159 3867 1233 3930 paq.
1249 3849 1308 3910 835
1321 3845 1402 3910 edit.

338 3929 458 3990 Veronae
479 3931 569 3990 1756.
588 3931 689 3992 Dicam
709 3949 742 3991 ea
757 3930 795 3992 de
815 3947 848 3991 re
861 3928 947 4010 paulo
960 3937 1040 4010 post,
1056 3947 1123 3991 cum
1141 3948 1237 3992 sermo
1255 3929 1293 3992 de
1307 3930 1406 3992 ecclc·

334 4009 383 4070 siis
397 4009 564 4074 habebitur.
