3122 5170
649 687 1138 780 nrtnottttottts.

400 921 504 982 iussos
524 935 541 978 a
559 916 813 980 Reverendissimo
835 919 869 979 P.
889 918 1027 998 ltagistro
1045 917 1126 980 Sacri
1151 916 1254 978 Palatii
1277 914 1427 994 Apostolici

359 1001 557 1082 legiptimum
569 1007 682 1060 tomum
696 999 926 1062 Institutionum
942 999 1162 1062 Cownieamm
1175 999 1219 1061 cl.
1237 999 1301 1060 Viri
1313 999 1428 1060 Joanms

362 1082 481 1158 Devmi,
506 1081 577 1142 olim
598 1081 729 1142 advocati
744 1090 774 1141 ct
797 1083 986 1142 antecessoris
1000 1083 1141 1157 Romani,
1158 1099 1254 1160 nuper
1273 1079 1311 1140 ad
1328 1080 1430 1158 episco

201 1149 205 1163 '
241 1147 266 1202 ἶ
359 1171 459 1244 patum
483 1163 670 1244 Anagninum
694 1182 711 1224 a
738 1166 799 1225 rto
824 1165 947 1226 SEXTO
972 1167 1007 1225 P.
1032 1167 1073 1225 u.
1099 1163 1207 1238 evecti3
1234 1161 1315 1241 quod
1341 1180 1429 1239 ⁰9⁰⁵,

361 1245 576 1324 exemplaribus
600 1245 745 1306 universis
768 1245 826 1306 cito
852 1246 1014 1322 distractis,
1040 1248 1149 1307 iterum
1174 1246 1252 1325 typis
1280 1244 1431 1324 evulgatur

361 1327 512 1388 nonnullis
524 1327 753 1388 munctionibus
765 1335 795 1388 et
809 1326 1016 1388 additamentis
1027 1327 1186 1388 doctissimi
1197 1327 1336 1387 auctoris.
1351 1324 1431 1388 Nihil
1536 1401 1537 1410 ἵ

359 1409 515 1470 adversum
534 1409 642 1490 regulis
659 1408 745 1484 fidei,
765 1416 816 1470 aut
833 1409 918 1471 bonis
942 1409 1073 1472 moribus
1099 1409 1235 1472 invenire
1259 1415 1303 1468 est
1330 1408 1362 1470 ia
1377 1407 1432 1468 boc

362 1491 458 1570 primo
478 1490 642 1566 volumine;
666 1509 754 1570 quarn
778 1509 848 1553 vero
870 1493 986 1568 omnia,
1010 1511 1076 1570 qun
1098 1493 1129 1552 in
1155 1510 1190 1552 eo
1214 1490 1321 1550 tradita
1344 1498 1431 1564 sunt,

359 1574 515 1656 omnigene
526 1571 692 1634 eruditione
705 1581 735 1634 ct
745 1572 821 1650 juris
838 1573 1022 1636 ecclesiastici
1037 1573 1142 1652 peritis
1162 1572 1346 1646 redundent,
1360 1569 1432 1631 adeo

361 1655 443 1715 novit
460 1655 602 1716 litteraria
622 1654 802 1734 respublica,
825 1663 858 1715 ut
879 1656 952 1715 meis
976 1655 1193 1716 laudationibus
1213 1653 1432 1715 celebratissimi
1537 1679 1538 1686 ι

360 1738 457 1816 operis
470 1738 577 1798 lamam
597 1737 697 1817 augeri
715 1737 763 1796 vix
776 1755 860 1815 posse
876 1736 1004 1798 credam
1021 1741 1122 1800 llomae
1136 1755 1172 1798 ex
1186 1736 1307 1799 AEdibus
1321 1739 1433 1817 blegne

359 1819 454 1880 Carice
467 1819 681 1882 lnnocentiane
695 1835 727 1880 ιιι
740 1820 816 1881 Non.
832 1819 894 1881 lul.
911 1837 1056 1880 uoeexen.

767 1947 807 2010 N.
825 1947 961 2030 liipooti,
981 1947 1107 2030 majoris
1125 1945 1329 2010 Presidentioe
1345 1945 1426 2010 abbr.

831 2039 859 2091 et
876 2033 927 2092 Ae.
944 2030 978 2091 in
990 2027 1125 2092 civilibus
1143 2033 1370 2092 Laconem.

400 2167 618 2225 lnsrrrorronas
636 2162 715 2224 iuris
735 2161 918 2223 ecclesiastici
940 2165 979 2225 V.
1003 2161 1047 2225 Cl.
1069 2161 1190 2224 loannis
1211 2163 1331 2239 Devoti,
1352 2181 1431 2224 nune

360 2245 485 2324 episcopi
498 2244 643 2326 Anagnini
651 2263 719 2306 cum
729 2245 858 2323 primum
870 2245 901 2304 iu
912 2243 1008 2305 lucem
1018 2244 1193 2324 prodierunt
1203 2245 1283 2324 typis
1294 2245 1431 2306 Romanis

359 2327 428 2388 anari
454 2328 552 2402 17811,
590 2333 671 2388 unta
693 2327 827 2387 omnium
848 2327 1055 2388 acclamatione
1080 2333 1207 2405 excepte
1234 2326 1371 2403 sumunt,
1399 2335 1432 2388 ut

358 2416 443 2469 aucto
459 2409 491 2470 in
515 2409 578 2470 dies
597 2409 813 2487 requirentium
838 2425 979 2485 numero,
1003 2407 1086 2470 brevi
1114 2407 1292 2486 exemplaria
1317 2407 1431 2471 delme-

356 2491 418 2550 rint
439 2491 553 2568 aliaque
577 2489 686 2552 cudere
703 2507 819 2552 necesse
837 2491 933 2552 visum
959 2490 1070 2552 luerit:
1090 2489 1122 2551 id
1141 2507 1212 2552 vero
1233 2488 1341 2552 accidit
1362 2508 1430 2569 per·

359 2571 510 2633 commode
516 2594 529 2650 ‚·
548 2589 611 2634 eam
626 2573 705 2632 enim
727 2573 906 2633 occasionem
925 2573 1051 2652 arripuit
1064 2573 1175 2634 Praesul
1193 2572 1429 2651 praeclarissimus

359 2671 431 2733 opus
465 2671 552 2714 suum
576 2653 753 2714 retractandi
787 2653 931 2732 pluraque
958 2655 1081 2734 sparsim
1108 2653 1267 2732 adjiciendi
1300 2654 1430 2716 uberiori
1539 2705 1540 2720 .

357 2733 586 2797 adolescentium
612 2735 643 2796 in
668 2753 703 2796 re
726 2735 862 2796 canonica
890 2735 1051 2798 eruditioni
1076 2735 1335 2816 opportunissima.
1361 2739 1431 2813 Qne

360 2835 449 2898 porro
464 2817 495 2878 in
509 2815 634 2898 vulgatis
644 2815 705 2898 jam
726 2817 940 2896 exemplaribus
961 2817 1203 2894 monachentur,
1225 2819 1431 2896 prestantissi-

358 2917 475 2961 morum
500 2899 631 2960 anorum
647 2899 759 2980 judicio
782 2899 918 2980 probata,
943 2907 1008 2962 tum
1027 2900 1144 2980 publico
1168 2901 1340 2961 testimonio
1357 2901 1431 2962 ccle-

360 2981 459 3056 brata,
481 2999 547 3042 meo
567 2989 646 3042 certe
660 2982 769 3044 calculo
788 3001 847 3043 non
866 2983 1001 3064 indigent
1015 2991 1050 3044 ut
1067 2983 1176 3044 iterum
1199 2983 1429 3062 imprimantur:

360 3081 426 3142 quos
447 3079 516 3122 vero
544 3079 618 3124 nova
645 3061 714 3126 huic
740 3065 836 3144 primo
857 3065 1000 3126 volumini
1022 3083 1137 3145 aspersa
1161 3073 1247 3141 sunt,
1273 3065 1431 3128 mandante

361 3143 613 3208 Reverendissimo
635 3147 714 3208 Sacri
740 3147 840 3208 Palatii
869 3146 1024 3225 Apostolici
1048 3147 1204 3228 magistro,
1228 3165 1296 3208 cum
1322 3156 1433 3210 attente

359 3225 550 3306 perlegerim,
565 3244 598 3286 ea
619 3243 655 3286 ex
677 3228 804 3308 purioris
817 3228 958 3289 doctrinm
971 3229 1102 3290 lontibus
1118 3227 1239 3304 bansta,
1255 3237 1285 3288 et
1303 3230 1433 3291 edecus·

359 3308 432 3368 sima
456 3307 622 3368 eruditione
648 3310 755 3371 relerta
777 3309 851 3370 mibi
875 3311 1029 3387 videntur,
1059 3309 1241 3390 proindeque
1261 3311 1433 3390 dignissima

359 3409 425 3468 quae
446 3389 555 3469 publici
566 3388 642 3470 juris
656 3390 740 3454 fiant.
756 3397 864 3454 Datum
875 3393 977 3454 Romae
989 3393 1086 3474 pridie
1103 3393 1173 3454 ldus
1193 3394 1346 3473 Septemb.
1364 3395 1433 3456 anni

360 3489 503 3534 aoeexcu.

771 3598 813 3657 D.
835 3593 978 3741 Coppolo,
995 3599 1117 3694 Psoton.
1138 3595 1322 3680 apostolicus
1337 3607 1366 3662 et
1379 3599 1433 3662 rit.

830 3679 863 3740 C.
903 3687 1075 3742 ceretanus.

863 3836 1037 3916 Reimprimi
1059 3845 1164 3915 potest.

714 3921 830 3982 Dolum
849 3918 963 3981 Gentio
977 3921 1016 3980 19
1029 3919 1108 3980 Maii
1123 3921 1213 3981 1852.

852 3997 923 4082 †t..
939 4003 956 4066 J
962 4045 969 4064 .
985 4005 1070 4065 Eros.
1088 4003 1182 4066 Geso.
