3100 5182
797 428 1019 498 -140-

1527 539 1528 568 l

368 581 457 652 illam
484 593 632 650 tueretur
657 596 691 650 et
725 574 921 668 custodiret,
958 578 1082 674 quique
1106 599 1220 648 omnes
1252 601 1318 647 una
1352 573 1442 664 fide,

354 705 435 748 *una
466 679 617 766 assitme,
649 701 714 747 une
744 675 880 745 demum
902 671 1035 745 ecclesia
1064 674 1305 771 conjungeret?
1332 673 1445 770 ltaque

368 775 467 853 Petro
501 776 636 872 ejusque
669 772 903 844 suecessoribus
939 773 1074 842 summis
1104 770 1319 842 Pontificibus
1349 770 1443 840 datus

369 887 419 942 est
441 873 497 942 hic
513 875 693 966 primatus,
710 885 748 940 ut
771 895 831 966 per
857 895 963 940 unum
987 881 1086 966 caput
1100 895 1166 938 una
1191 885 1273 939 esset
1291 867 1443 956 ecclesia,

371 971 449 1056 sive,
469 971 518 1038 uti
534 968 681 1064 loquitur
703 967 923 1062 Hieronymus
939 966 1014 1064 (5),
1044 977 1088 1038 eal
1114 970 1230 1063 eapite
1258 971 1445 1038 constituto
1527 971 1528 1042 ἐ

370 1065 569 1136 aeternale
586 1067 764 1136 tolleretur
777 1069 920 1137 dococto.
1527 1069 1528 1080 ³

413 1249 454 1330 (l)
477 1254 549 1312 Uter
563 1251 730 1312 testimonio
748 1250 920 1312 heterodoxi
939 1251 1083 1325 leoninis,
1106 1250 1158 1311 sed
1175 1247 1343 1329 philosophi
1358 1265 1447 1327 psaes-
1527 1263 1528 1328 ᾗ

373 1333 528 1392 santissimi
547 1333 696 1394 Guillelmi
713 1333 882 1408 Leibnitzii,
899 1333 950 1411 qui
967 1351 1003 1392 ex
1027 1333 1141 1392 ratione
1165 1331 1282 1411 agnovit
1299 1331 1447 1471 primatus
1527 1371 1528 1398 ἶ

373 1413 403 1472 in
421 1415 538 1474 eeclesia
555 1415 755 1474 necessitatem
769 1413 844 1474 etin
857 1431 891 1474 eo
909 1415 996 1474 etiam
1011 1413 1210 1474 necessitatem
1223 1411 1298 1490 juris

372 1495 446 1554 Nam
466 1493 596 1557 scribens
612 1494 649 1554 de
668 1497 800 1556 Romano
819 1493 961 1556 Pontifiee
978 1495 1062 1576 epist.
1087 1495 1105 1554 8
1125 1502 1194 1556 tem.
1220 1497 1231 1554 t
1255 1493 1356 1573 epist„
1379 1489 1446 1553 edit.
1527 1501 1528 1550 l

373 1571 454 1656 Lips.
468 1595 520 1636 an.
540 1577 633 1644 1754,
645 1594 715 1656 pap.
734 1578 772 1636 55
788 1575 876 1636 hehet
896 1575 973 1636 haec:
995 1577 1067 1637 Cata
1086 1577 1166 1637 Deos
1183 1573 1222 1636 sit
1239 1577 1320 1636 Deus
1336 1570 1448 1635 ordinis
1527 1585 1528 1638 l

374 1664 399 1715 ct
418 1674 523 1736 carpes
546 1655 639 1718 anius
657 1655 782 1718 eeclesiae
803 1654 949 1717 catholicae
972 1663 1000 1718 st
1023 1655 1202 1738 apostoliae,
1229 1673 1289 1716 aaa
1309 1652 1448 1736 sepimine

374 1733 592 1818 hierarclaiaqsac
610 1737 773 1798 enioeeala'
784 1735 991 1798 continendum
1000 1736 1083 1819 jutis
1096 1735 1193 1799 divini
1205 1735 1258 1812 sit,
1273 1751 1448 1829 consequens

374 1826 431 1888 cst,
458 1825 491 1878 et
510 1815 637 1899 ejusdem
663 1817 702 1880 sit
719 1817 804 1903 jeria
827 1836 983 1899 supremus
1005 1819 1038 1878 ic
1057 1837 1089 1880 eo
1106 1815 1274 1900 spiritualis
1293 1823 1448 1898 camlia-
1527 1829 1528 1894 l

374 1905 421 1958 tas
424 1939 602 1957 ........
619 1897 772 1962 directos-ic
784 1905 935 1980 potestate,
954 1897 1092 1981 amnique
1102 1897 1267 1961 samssarie
1279 1895 1320 1958 od
1331 1894 1447 1978 explen-

373 1975 445 2038 dem
457 1995 567 2039 messes
578 1997 633 2060 pro
649 1977 743 2044 salute
757 1977 882 2041 ecclesiae
899 1977 1006 2061 apendi
1014 1975 1154 2060 facultate
1167 1979 1338 2042 instructas.
1356 1981 1444 2055 Utor,

374 2058 506 2136 inquam,
519 2059 576 2120 hoe
587 2062 765 2139 testimonio,
778 2069 812 2122 nt
822 2078 923 2123 omnes
935 2061 1111 2141 intelligant,
1119 2060 1192 2140 quid
1202 2061 1261 2121 sola
1269 2059 1361 2138 possit
1372 2067 1448 2120 recta

374 2140 450 2200 ratio
471 2140 501 2198 in
524 2140 644 2202 homine
661 2143 708 2204 vel
733 2141 889 2220 heretico,
908 2142 960 2204 sed
979 2142 1098 2223 ingenio
1122 2149 1293 2222 praestante3
1320 2148 1449 2201 ceterum

375 2220 509 2282 catholini
528 2241 629 2284 omnes
651 2231 812 2305 agnoscunt
825 2223 902 2285 hanc
915 2224 1059 2304 primatus
1077 2224 1279 2284 necessitatem
1297 2222 1446 2302 eiusquea

375 2301 606 2366 Christolaetem
618 2304 930 2384 institutionem,quod
937 2305 1044 2387 dogma
1050 2306 1200 2368 catholicas
1210 2305 1280 2368 fidei
1291 2311 1354 2380 est3
1371 2302 1449 2382 cujus
1527 2309 1528 2376 i

375 2383 1176 2552 still,tdtlttlttfflsttstt¹ttstt
1193 2385 1365 2530 lilim?
1383 2391 1450 2527 tlt

376 2552 402 2605 ct
415 2563 488 2627 seq„
501 2553 570 2607 tom.
586 2550 600 2608 t
615 2565 651 2630 op
676 2593 683 2608 .
699 2547 767 2612 edit.
786 2551 883 2622 Venas,
900 2513 998 2628 titt}
1010 2485 1450 2631 nameetnui'drtylaieiamt-

377 2626 453 2707 quit.
466 2625 633 2704 christian,
647 2569 696 2691 lib.
713 2633 825 2712 lpcrt.
840 2633 859 2692 2
873 2651 938 2712 cap.
957 2635 968 2692 l
987 2639 1014 2694 et
1027 2649 1102 2712 aeq,
1118 2639 1187 2692 tom.
1205 2633 1223 2691 o
1233 2649 1300 2712 par.
1320 2631 1338 2690 o
1348 2645 1417 2710 pap.
1433 2629 1446 2687 l
1527 2635 1528 2718 p

375 2715 503 2870 iioeqfi'}
527 2713 632 2772 Petrus
655 2713 829 2775 Bedcainius
849 2709 884 2774 de
906 2713 936 2774 oi
955 2731 991 2774 oc
1016 2713 1129 2774 ratione
1150 2711 1298 2795 primatus
1323 2712 1449 2772 Roman.
1527 2727 1528 2744 t

404 2791 468 2850 onti
506 2835 513 2851 .
1413 2793 1419 2807 “
1527 2803 1528 2836 ³

418 2869 460 3031 gp
481 2874 586 2934 Confer
599 2875 789 2938 salterinium
804 2871 857 2938 loe.
871 2873 932 2952 cit,
946 2893 1011 2958 cap.
1025 2877 1082 2936 8et
1092 2891 1153 2956 seq.

481 2949 544 3012 La'ls.
570 2957 580 3014 t
607 2955 721 3016 advers.
740 2954 893 3016 leviatan.
920 2974 986 3038 cap.
1009 2957 1047 3018 26
1073 2952 1127 3017 col.
1154 2957 1217 3016 279
1241 2964 1300 3018 tom
1324 2958 1360 3031 2,
1383 2953 1448 3018 edit.
1527 2969 1528 3020 ἴ

383 3030 527 3093 l'allarsii
546 3035 677 3096 Veronae.
1319 3065 1328 3074 ·
1527 3039 1528 3100 ξ

425 3183 455 3284 §.
484 3184 542 3256 111.
569 3185 737 3282 Apostolos
759 3190 846 3259 misit
866 3187 1012 3260 Christus
1033 3189 1076 3259 ad
1098 3189 1324 3262 nunciandum
1349 3189 1452 3260 Evan-

379 3282 499 3377 gelium
528 3287 563 3355 in
605 3287 791 3356 universum
833 3287 948 3360 arbem
997 3301 1188 3378 terrarum,
1228 3313 1338 3384 neque
1369 3289 1453 3358 inter
1527 3339 1528 3382 p

377 3379 520 3474 singulos
537 3383 718 3480 provincias
737 3399 795 3452 aut
816 3387 959 3456 civitates
984 3383 1162 3456 distribuit.
1191 3383 1258 3456 Sed
1278 3387 1338 3482 ipsi
1362 3384 1452 3456 dein·
1527 3383 1528 3432 t

377 3501 470 3572 oeps,
496 3495 591 3550 aucto
618 3476 767 3550 fidelium
794 3507 951 3571 numero,
973 3480 1164 3552 divisionem
1186 3477 1278 3552 illam
1300 3485 1453 3552 institue·-
1527 3481 1528 3542 l

378 3589 477 3662 runt,
518 3601 617 3671 quam
659 3581 868 3650 neeessariam
905 3605 972 3650 esse
998 3581 1246 3669 existimarunt,
1289 3595 1325 3648 ut
1367 3595 1455 3650 recta
1527 3621 1528 3676 p

379 3672 543 3766 regiminis
566 3676 648 3745 retia
671 3691 845 3746 constaaet.
869 3675 979 3773 litque
993 3675 1070 3748 hine
1086 3679 1190 3773 prima
1210 3691 1259 3746 est
1276 3675 1454 3773 repetenda

379 3771 470 3865 origo
492 3769 656 3841 divisionis
678 3770 878 3863 dioeceseon,
903 3790 936 3845 et
956 3775 1048 3870 origo
1072 3776 1170 3844 etiarn
1195 3772 1454 3870 patriarcharum
1527 3831 1528 3872 p

378 3891 416 3938 ac
438 3867 733 3965 metropolitanum.
759 3867 886 3941 Cuncta
909 3869 982 3942 haec
997 3871 1038 3940 ab
1059 3870 1211 3968 apostolis
1239 3870 1452 3954 adumbrata,
1527 3873 1528 3882 ’

379 3963 533 4062 deinceps
556 3965 598 4035 ab
623 3965 754 4038 eeclesia
778 3967 924 4038 absolute
947 3993 984 4038 ee
1006 3967 1144 4040 definite
1167 3971 1345 4040 constituta
1361 3980 1450 4039 sunt.
1527 4011 1528 4082 l

1320 1411 1444 1473 ietionis
1527 1423 1528 1480 j
