3122 5170
800 449 1020 520 -720-

379 629 490 676 eorum
525 600 657 672 arbitrio
689 597 884 696 relinquitur
923 595 990 693 (l).
1027 593 1189 666 illoriente
1221 619 1295 666 roro
1329 593 1454 666 clerieo

378 705 447 773 sine
485 713 699 786 testamento,
747 697 817 790 baee
857 695 944 768 bono
992 709 1162 764 transtrum
1207 691 1246 762 nd
1291 711 1457 786 cognatos

147 775 158 850 ⁸·
244 849 246 856 ,
378 801 541 898 proximos
571 797 612 867 ab
642 799 812 884 intestato,
848 819 885 864 no
912 795 936 863 si
971 789 1056 863 nulli
1082 791 1207 862 suerint
1235 791 1285 862 rel
1309 817 1349 861 ex
1379 807 1456 861 tes-

378 913 545 986 tamento,
586 893 636 966 vel
666 893 708 964 ab
733 896 883 966 intestato
914 889 1081 978 haeredss,
1118 888 1161 960 ed
1201 888 1364 960 oedoeiam
1393 889 1456 959 de-

381 995 531 1068 feruntur
557 992 625 1090 (2).
698 1094 708 1107 ·

436 1167 463 1246 1)
479 1168 587 1228 Com
607 1184 673 1245 cop.
689 1165 726 1224 tt
741 1183 793 1247 qu.
811 1165 846 1238 5,-
860 1180 927 1244 cop.
940 1163 959 1222 9
972 1169 1000 1222 et
1017 1163 1055 1222 ¹2
1067 1158 1102 1221 de
1116 1169 1231 1223 testum.

420 1167 463 1330 li)
478 1251 551 1330 Cup.
568 1251 580 1309 i
600 1245 682 1322 tod.;
697 1265 762 1328 cop.
783 1247 797 1306 l
813 1243 849 1305 de
860 1247 975 1306 Sueten.
991 1241 1029 1304 ab
1041 1242 1141 1304 intest.

429 1403 462 1504 §.
488 1403 551 1476 lll.
580 1401 646 1474 Sed
673 1403 708 1472 in
737 1400 948 1473 ecclesiastico
976 1399 1105 1498 peculio
1134 1398 1217 1470 illud
1245 1424 1330 1495 saepe
1361 1425 1455 1497 quae·

380 1505 480 1576 situm
503 1517 572 1592 est,
603 1526 684 1572 num
717 1499 825 1572 elerici
858 1501 893 1570 in
927 1525 967 1570 eo
995 1498 1179 1570 dominium
1209 1497 1376 1586 habeant,
1411 1526 1453 1567 an

382 1605 490 1699 potius
516 1615 643 1671 tantum
675 1625 772 1670 nsum
801 1613 835 1669 et
866 1595 1190 1670 administrationem.
1214 1595 1299 1679 Quae
1335 1593 1454 1692 dispu-

381 1702 460 1772 tatio
481 1724 520 1770 eo
548 1713 691 1795 spectet,
713 1714 752 1768 ut
772 1699 889 1767 sciatur
918 1721 998 1766 num
1028 1694 1080 1766 lex
1110 1696 1265 1794 justitiae,
1301 1721 1345 1763 an
1386 1697 1454 1790 pie

380 1801 453 1868 tntis
490 1813 524 1868 et
555 1795 801 1882 miseridordiae,
839 1819 876 1864 ae
897 1795 954 1890 jus
981 1795 1158 1889 positivum
1185 1791 1327 1864 melmin
1351 1791 1452 1862 eleri-

384 1920 437 1968 cos
463 1911 557 1988 cogat
587 1897 622 1964 in
677 1918 829 1990 nuperos,
862 1906 920 1961 out
951 1891 1028 1964 elios
1059 1893 1131 1988 pios
1157 1916 1232 1960 usus
1262 1905 1452 1962 convertere

382 1991 544 2092 quidquid
576 2019 614 2064 ex
649 1920 777 2062 lebenti
810 1987 1007 2062 exhibitione
1036 2015 1094 2060 sua
1122 2005 1268 2085 superest
1292 1987 1337 2058 de
1360 1988 1453 2058 redi·

383 2091 469 2162 tibus
495 2117 605 2162 rernm
633 2089 914 2160 ecelesiasticorum
943 2087 1010 2184 (l).
1037 2087 1235 2158 Alterutrum
1262 2089 1356 2183 sequi
1385 2091 1453 2182 opi·
1527 2163 1528 2172 ἵ

386 2193 516 2262 nionem
551 2187 694 2285 placent,
734 2201 859 2258 certum
897 2201 946 2256 est
979 2185 1112 2256 clerioos
1144 2209 1182 2255 ex
1220 2183 1315 2255 bonis
1346 2183 1454 2255 eoele-
1527 2223 1528 2276 r

382 2289 515 2360 sinstieis
554 2303 683 2356 tontum
725 2311 871 2374 sumere,
908 2283 998 2380 quod
1038 2286 1112 2380 ipsis
1151 2299 1200 2353 est
1238 2286 1453 2354 neoessnrium

384 2386 425 2456 nd
457 2386 592 2457 honeste
623 2411 661 2456 no
692 2383 845 2456 decenter
880 2382 1075 2471 vivendum,
1114 2380 1278 2478 reliquum
1311 2383 1347 2452 in
1383 2387 1454 2476 pios

384 2510 459 2556 usus
484 2483 633 2556 conferre
658 2499 822 2580 oportere.

424 2645 466 2728 (t)
493 2645 726 2708 Controversiam
751 2602 841 2720 bene,
863 2643 1002 2706 omnibus
1019 2644 1145 2706 exeums
1161 2645 1359 2723 argumentis,
1383 2643 1453 2704 dili-

385 2729 553 2808 gentissime
567 2726 705 2806 expendit
715 2729 786 2788 Bon.
799 2729 869 2788 xiv
882 2725 918 2788 de
932 2746 1000 2809 syn.
1016 2725 1100 2788 diret.
1115 2723 1138 2786 l.
1154 2728 1173 2787 7
1191 2743 1258 2808 cop.
1269 2725 1289 2785 2
1301 2725 1453 2786 Videndus

386 2821 429 2874 est
441 2813 529 2872 etium
542 2809 655 2872 Tbeod.
669 2808 839 2889 Rupprocbt
852 2817 916 2870 not.
932 2807 1002 2870 bist.
1020 2807 1112 2892 injus
1124 2827 1193 2868 rao.
1209 2803 1231 2868 l.
1249 2810 1305 2868 δε.
1320 2808 1370 2868 25.

434 2941 467 3042 §.
491 2941 550 3013 lv.
581 2941 716 3038 Antiqui
748 2965 887 3014 conones
917 2939 959 3013 de
995 2940 1205 3013 ecelesiastioo
1233 2937 1363 3036 peculio
1392 2939 1454 3010 ele-

386 3046 468 3114 rinos
500 3043 609 3112 testari
643 3037 816 3130 vetabunt,
882 3043 1015 3112 uoniam
1052 3037 1135 3110 illud
1165 3037 1275 3109 redire
1316 3035 1455 3109 debebat

387 3140 428 3210 ud
463 3136 652 3229 eeclesiam,
688 3135 777 3211 unde
806 3065 989 3234 proiectum
1026 3154 1096 3208 erut
1133 3137 1200 3233 (l).
1236 3135 1304 3208 Sed
1338 3139 1456 3208 sensim

386 3235 621 3308 eonsuetudine
679 3263 716 3306 ao
768 3236 938 3332 privilegio
984 3261 1186 3308 summorum
1232 3233 1455 3309 Pontificum.

388 3337 567 3432 praesertim
599 3334 642 3406 ob
671 3335 856 3430 frequentes
884 3333 975 3423 lites,
1012 3359 1092 3430 quos
1119 3333 1280 3404 excitabat
1309 3330 1458 3404 difficul-

386 3451 435 3503 tes
473 3431 676 3504 discernendi
722 3432 808 3502 bonu
853 3432 1061 3504 ecelesiastica
1100 3456 1118 3500 a
1151 3431 1455 3528 patrimonialibus‚

387 3531 558 3601 inductum
591 3547 659 3620 est,
701 3547 737 3598 ut
767 3528 873 3600 clerici
909 3533 1006 3601 etiam
1043 3529 1087 3600 de
1116 3527 1211 3602 bonis
1240 3528 1458 3602 eeclesiastieis

386 3643 618 3700 testamentum
654 3626 808 3698 oondunt.
856 3625 993 3700 Interim
1034 3631 1070 3698 in
1106 3625 1190 3700 Foro
1230 3627 1341 3700 velent
1390 3627 1456 3698 bec

389 3743 602 3814 testamentu3
643 3725 700 3796 sed
734 3727 823 3820 gravi
865 3741 953 3798 certe
987 3727 1124 3800 crimine
1164 3721 1356 3820 obligantur
1390 3725 1458 3796 ole-

389 3827 465 3913 riei,
503 3827 562 3921 qui
586 3826 695 3921 potius
723 3848 823 3920 quam
855 3826 890 3896 in
922 3827 1011 3922 pios,
1038 3823 1215 3896 oonlerunt
1241 3827 1276 3894 in
1306 3823 1456 3920 profanos

387 3947 482 4010 usus,
511 3939 568 3993 aut
599 3927 635 3992 in
671 3920 811 3992 ditandis
845 3924 1090 4019 consanguineis
1120 3924 1293 3993 insumunt
1333 3921 1453 3994 fnum

389 4045 499 4090 rerum
537 4019 832 4094 ecclesiasticarum.
868 4019 945 4093 Non
991 4022 1080 4092 enim
1111 4019 1314 4093 consuetudo
1351 4019 1452 4092 bono
