3134 5144
781 401 1001 472 -268-

352 552 497 641 habent,
538 547 587 621 vel
613 550 916 647 praesentationem,
957 549 1007 620 vel
1049 548 1336 646 supplicationem,
1379 566 1417 618 ut

352 650 542 749 pragmatici
573 647 774 750 loquuntur,
805 673 866 746 pro
904 650 980 718 viris
1012 645 1136 722 idoneis
1165 665 1197 722 et
1229 651 1416 746 episcopatu

354 749 459 845 ‹11ng
475 747 541 845 (5).

353 963 436 1108 Api)
457 959 634 1026 Conoorduts
645 961 808 1024 Germanic
820 980 838 1021 n
848 961 965 1024 Nicoluo
979 964 1021 1039 V,
1034 961 1285 1042 probutsluemnt
1296 961 1328 1022 iu
1340 961 1418 1022 bulte

416 1047 630 1107 Smruuwotd
648 1046 751 1104 tom
806 1063 834 1103 r.
851 1046 953 1126 ὅμως.
970 1045 1006 1105 ot
1021 1041 1132 1106 totto.

393 1126 435 1209 (2)
456 1126 533 1190 Vide
554 1127 656 1188 Leonis
674 1129 702 1187 Χ
721 1125 831 1186 hulam
851 1129 962 1188 Pastor
975 1135 1108 1200 eternus
1126 1129 1163 1188 11
1183 1134 1253 1188 tous.
1275 1128 1376 1208 oper.
1398 1128 1416 1186 3

349 1228 424 1292 pap.
440 1211 501 1271 150
518 1215 623 1293 etseq.
640 1205 778 1285 oduei,
801 1207 872 1270 edit.
890 1209 958 1286 eit,
981 1229 1038 1287 qua
1061 1209 1219 1290 abrogatur
1243 1209 1417 1290 pmgmsts'cu

353 1293 463 1352 sunnio
487 1298 516 1351 et
535 1290 645 1351 bullum
663 1291 825 1351 Primitiuu
842 1309 913 1374 puy.
940 1292 1020 1368 455,
1045 1311 1103 1370 que
1130 1291 1418 1369 comprehenduntur

351 1383 434 1452 pactu
446 1381 586 1434 convente
598 1374 677 1432 iuter
687 1377 811 1434 Leonem
825 1375 853 1434 Χ
865 1381 896 1433 et
909 1373 1095 1435 huuciscum
1108 1377 1121 1435 1
1135 1374 1254 1438 Gallim.
1267 1391 1376 1454 regem.

394 1454 435 1551 (ὅ)
458 1455 582 1517 Consule
597 1455 704 1536 Rigant
719 1453 760 1515 ad
780 1451 874 1536 repul.
893 1457 912 1516 2
929 1453 1087 1517 cancellar.
1111 1453 1169 1538 §.i
1196 1475 1250 1537 per
1271 1464 1323 1516 tot.
1330 1501 1340 1532 ,
1368 1455 1419 1516 ubi

353 1556 450 1598 omnm
471 1538 548 1598 inter
572 1537 671 1598 sedem
696 1539 888 1616 Apostolicum
916 1545 1004 1616 utque
1027 1543 1151 1618 Europe
1172 1539 1317 1619 principes
1339 1545 1421 1616 pects

354 1627 512 1698 conventu,
530 1619 629 1700 eisque
649 1636 780 1680 concessu
805 1619 919 1680 indultu
942 1630 971 1681 et
989 1621 1141 1702 privilegia
1164 1628 1295 1682 accurate
1317 1637 1421 1681 recen-

353 1711 466 1762 sentur.

404 1903 434 2006 §.
476 1901 572 1976 XIII.
601 1901 775 1974 Pertinent
808 1904 878 1977 haec
910 1905 951 1976 ed
983 1909 1208 2006 episcoporum
1235 1907 1416 1980 electiones.

356 2001 488 2075 Praelati
516 2017 625 2074 autem
652 2005 750 2073 ceteri
778 2003 829 2074 rel
867 2004 1035 2077 saeculares
1068 2005 1119 2078 vel
1153 2005 1325 2102 regulares,
1359 2023 1419 2076 eut

356 2102 568 2173 nominantur
593 2127 610 2172 e
638 2101 858 2198 principibus,
886 2118 925 2173 ut
956 2129 1010 2176 eos
1050 2103 1202 2176 Pontifex
1227 2103 1416 2194 confirmet,

355 2199 407 2271 vel
436 2197 643 2294 eligunturu
682 2199 815 2295 collegio
850 2199 1002 2291 illorum,
1033 2203 1151 2300 quibus
1179 2203 1416 2301 praelieiuntur.

404 2295 434 2398 §.
471 2295 563 2366 xlv.
615 2295 738 2368 Electio
770 2303 923 2370 canonice
955 2325 1023 2371 esse
1061 2300 1178 2392 debet,
1207 2317 1243 2371 ut
1267 2305 1329 2372 vim
1356 2301 1422 2371 hu-

355 2397 450 2482 beat,
497 2409 596 2490 etque
630 2411 668 2466 ut
704 2399 856 2468 canonice
887 2401 941 2488 sit,
974 2397 1040 2470 duo
1071 2402 1250 2496 praescrtim
1277 2415 1423 2498 spectare

356 2493 467 2581 decet,
485 2495 651 2589 primum,
677 2496 734 2590 qui
765 2495 901 2590 eligere,
932 2495 1071 2568 ulterum
1094 2501 1152 2594 qui
1177 2499 1250 2593 eligi
1282 2499 1417 2594 possint.

359 2591 536 2681 Omnibus,
574 2593 692 2687 quiec
716 2593 792 2689 jure
820 2593 885 2664 frui
908 2610 1063 2692 possunt,
1090 2622 1203 2668 vocare
1229 2595 1320 2670 decet
1342 2595 1422 2692 (l),

357 2717 400 2762 ne
449 2693 475 2762 si
515 2689 630 2786 aliquis
659 2695 892 2786 praetermissus
939 2709 1005 2784 est,
1047 2696 1212 2790 querelem
1260 2711 1426 2792 proponet

355 2815 467 2878 suem,
495 2805 533 2858 ut
560 2787 674 2860 electio
702 2791 791 2860 irritu
816 2789 997 2864 declaretur
1021 2791 1087 2888 (2).
1116 2793 1272 2864 Absentes
1298 2819 1426 2864 vocen-

356 2902 411 2957 tur
438 2913 497 2982 per
519 2885 662 2976 litteras,
686 2889 748 2958 nisi
772 2890 808 2958 in
829 2892 960 2962 remotis
990 2889 1068 2962 locis
1086 2908 1327 2964 commorentur
1343 2891 1423 2989 (5);

357 3008 455 3055 nemo
478 2985 597 3056 invitus
623 2987 776 3056 interesse
799 2989 926 3082 cogitur
953 2987 1102 3062 electioni
1127 2991 1194 3088 (l),
1219 3005 1253 3062 et
1287 2991 1344 3086 qui
1363 2991 1427 3062 in-

358 3098 474 3153 teresse
512 3085 628 3182 nequit
661 3098 796 3180 propter
824 3087 952 3182 justum
1001 3088 1293 3184 impedimentum,
1332 3107 1427 3160 recte

357 3179 545 3274 suffrogium
578 3205 674 3250 suum
694 3183 870 3254 committit
893 3187 952 3266 uni
980 3209 1019 3256 ex
1040 3189 1220 3276 canonicis,
1247 3185 1296 3257 vel
1320 3188 1428 3260 etiem

354 3295 526 3367 extraneo,
539 3279 565 3348 si
580 3277 757 3375 capitulum
774 3287 969 3354 consenserit
984 3284 1051 3382 (5).

397 3499 439 3582 (1)
461 3503 536 3582 Cup.
553 3501 591 3561 18
606 3502 683 3562 etse
697 3499 733 3563 de
746 3500 840 3564 Eleet.

396 3583 437 3664 (1)
459 3581 544 3660 Quod
569 3584 592 3644 si
615 3583 718 3646 absens
741 3595 836 3648 retum
861 3586 966 3651 hebeat
993 3589 1177 3664 electionem,
1205 3591 1252 3650 rel
1277 3593 1432 3668 expressis

357 3667 466 3743 verbis,
480 3665 527 3728 vel
541 3665 656 3726 silentio
667 3685 730 3741 suo,
745 3685 779 3728 es
791 3669 912 3732 minime
922 3672 1042 3732 vitietur
1054 3691 1121 3756 cup.
1137 3674 1177 3734 28
1187 3671 1224 3733 de
1234 3669 1312 3734 elect.

395 3749 437 3830 (5)
460 3753 533 3832 Cup.
552 3751 590 3809 18
604 3757 632 3808 ct
644 3749 683 3810 28
698 3745 732 3808 de
742 3747 836 3811 Elect.

397 3834 439 3915 (1)
462 3835 584 3914 Argum.
601 3851 668 3914 cup.
687 3831 705 3890 6
726 3827 761 3892 de
776 3831 885 3894 Prioil.
904 3837 1016 3896 Verum
1030 3837 1053 3898 si
1075 3835 1190 3898 intersit
1210 3837 1350 3914 ecclesie,
1372 3843 1431 3902 vel

355 3917 565 3977 consuetudine
587 3923 638 3974 eut
659 3920 767 3974 statuto
793 3915 946 3978 induetum
972 3920 1025 3992 sit,
1050 3919 1127 3997 quod
1155 3937 1255 3980 omnes
1275 3939 1333 3980 non
1359 3921 1433 3983 im-

355 3997 446 4076 pediti
466 3998 504 4060 ud
521 3997 682 4060 isoimdsm
700 3995 870 4060 electionem
894 4001 995 4062 venire
1011 4001 1149 4078 debeant,
1173 4019 1222 4063 eos
1241 4019 1342 4064 omues
1366 4022 1433 4068 se-
