3140 5168
813 429 1035 520 ..520-

383 577 479 638 simiis
491 579 655 656 exemplnm
668 576 837 656 suppeditat
862 578 947 640 initio
969 595 1036 639 sur.
1052 577 1122 640 Vlii
1139 577 1227 658 erog.
1248 578 1293 655 11,
1311 573 1364 655 qui
1376 575 1457 638 Ge·-

387 661 479 720 manis
489 661 653 720 facultatem
667 659 749 722 dedit
770 659 903 722 nubendi
927 668 992 739 post
1006 667 1146 740 quartam
1156 659 1301 740 padum,
1318 673 1378 735 qno
1387 658 1459 736 qui·

385 741 452 800 dom
466 741 560 822 gradu
574 742 689 802 nulium
703 759 736 802 ea
753 751 924 822 tempestate
938 741 1159 804 matrimonium
1183 747 1262 813 erat,
1274 739 1319 802 uti
1330 747 1413 817 patet
1423 757 1458 800 ex

341 835 345 848 ·
385 822 447 900 ejus
461 842 506 906 ap.
532 827 567 886 75
590 821 631 884 od
648 821 752 908 Bonis.
777 823 1081 912 Mopuntr'numppud
1106 823 1198 886 babb.
1212 817 1280 884 7777.
1302 839 1385 884 aoso.
1398 824 1459 882 t.8

385 901 440 964 777.
460 905 516 966 777
530 905 576 967 ed.
598 907 697 967 venat.
719 906 781 967 Alia
795 907 887 968 muita
906 906 1007 967 eadem
1028 906 1066 967 de
1078 923 1113 966 re
1133 911 1322 966 monumenta
1340 901 1460 984 collegit

385 993 486 1047 auctor
499 989 610 1066 operis,
633 986 711 1066 quod
736 989 868 1070 Fulginei
889 988 1000 1068 prodiit
1012 1005 1089 1050 anno
1104 987 1185 1049 7787
1206 1005 1275 1048 oum
1286 983 1374 1046 titulo
1390 1005 1401 1044 :
1419 986 1460 1046 be

383 1077 472 1130 storto
486 1067 548 1131 ider
561 1067 752 1131 roddrizzotr
765 1089 831 1153 oop.
859 1073 878 1132 5
893 1089 967 1153 pop.
984 1071 1024 1130 89
1038 1079 1068 1131 77
1085 1087 1147 1154 seq.
1168 1069 1321 1132 Interdum
1341 1065 1459 1128 etiamn

383 1151 502 1229 synodis
527 1151 751 1232 provincialibus
782 1153 876 1214 laxata
920 1161 990 1214 sunt
1021 1152 1201 1214 matrimonii
1226 1149 1457 1229 impedimus,

383 1233 500 1310 quando
527 1235 635 1294 soiiioet
657 1233 816 1296 Pontificiis
846 1234 1118 1308 constitutionibus,
1142 1241 1192 1293 aut
1217 1233 1308 1292 totius
1328 1231 1457 1291 77777777

382 1313 447 1394 lega
460 1316 592 1376 nondum
610 1315 730 1394 probato
744 1318 871 1378 inerant.
890 1317 979 1378 biulta
995 1317 1073 1376 enim
1099 1315 1309 1394 impedimenta
1326 1313 1457 1390 primum

413 1397 542 1458 conciliis
556 1397 779 1478 provincialibus
793 1400 949 1460 constituta
960 1405 1045 1470 sunt;
1058 1405 1088 1457 et
1104 1405 1175 1458 tune
1191 1414 1224 1456 ea
1243 1396 1305 1456 tolli
1321 1401 1457 1472 poteraut

385 1478 487 1540 eadem
508 1481 694 1557 auctoritate,
720 1499 777 1559 qna
799 1481 925 1542 stabilita
952 1480 1082 1541 inerant.
1116 1479 1175 1541 Sed
1196 1485 1389 1556 posteaquam
1409 1476 1456 1555 jos

384 1557 457 1620 iliud
479 1563 568 1622 totius
589 1563 715 1624 eoelesiae
736 1562 782 1624 lex
803 1564 910 1638 evasit,
934 1570 965 1622 et
984 1569 1063 1622 oerte
1087 1579 1148 1622 non
1173 1560 1297 1638 amplius
1314 1557 1457 1639 (langare

385 1644 480 1720 potuit
493 1645 622 1724 synodus
636 1645 834 1724 provincialis,
849 1645 931 1725 eujus
945 1651 1071 1723 potestas
1088 1644 1165 1704 inira
1181 1642 1261 1702 illam
1281 1647 1454 1720 potestatam

384 1732 438 1784 est.
455 1728 539 1786 Certe
555 1727 782 1788 matrimoniales
806 1747 904 1788 eausas
919 1727 997 1788 inter
1009 1743 1107 1787 oaums
1128 1725 1267 1804 maiores,
1281 1739 1358 1802 quas
1368 1725 1454 1784 Rom.

386 1805 518 1866 Pontifici
533 1817 659 1869 serratas
671 1809 826 1870 voluerunt
840 1813 940 1871 innoe.
956 1813 984 1885 1,
1010 1813 1067 1871 Leo
1087 1811 1127 1870 bi.
1151 1815 1182 1868 et
1204 1805 1310 1881 netem,
1329 1823 1454 1884 qnorum

385 1885 446 1946 toea
460 1887 585 1948 indicavi
597 1887 647 1951 lib.
667 1889 773 1952 77775
795 1899 865 1952 7777.
883 1895 896 1952 7
919 1889 946 1972 §-
964 1895 1003 1952 tt
1022 1899 1084 1951 not.
1172 1933 1179 1949 .
1197 1889 1273 1964 778,
1302 1895 1455 1948 renensent

385 1969 557 2032 Coelestinns
571 1975 611 2033 111
627 1991 672 2054 ep.
687 1971 758 2032 bod
770 1971 899 2055 orebiep.
913 1975 1022 2034 Seston.
1035 1991 1092 2052 apu
1128 1971 1218 2033 babb.
1247 1978 1319 2030 tom.
1341 1970 1382 2030 75
1398 1965 1452 2032 eol.

385 2051 445 2111 798
473 2050 544 2112 odit.
578 2055 695 2130 Venet.;
718 2055 880 2134 sigefridus
900 2056 1089 2137 moguntinus
1112 2071 1159 2135 op.
1174 2049 1216 2114 od
1238 2049 1326 2113 Atre.
1345 2052 1385 2112 77
1395 2059 1418 2111 t.
1435 2052 1453 2110 5

385 2129 488 2193 7777777.
507 2135 648 2195 German·
662 2153 735 2216 pop.
753 2139 829 2214 1525
850 2139 975 2198 Annales
990 2136 1150 2198 Bertiniani
1162 2133 1204 2196 od
1214 2153 1267 2194 ort.
1283 2135 1340 2194 ast
1348 2157 1361 2210 ‚-
1376 2133 1453 2211 apud

385 2215 541 2276 Eekartum
557 2215 660 2278 Gallio
671 2217 809 2279 oriemol.
829 2227 898 2280 torn.
915 2217 999 2281 att.
1020 2221 1061 2280 28
1078 2217 1104 2299 §-
1126 2219 1197 2279 795.
1213 2214 1349 2297 synodon
1367 2214 1450 2277 Trid.

385 2303 492 2358 sartam
504 2306 609 2360 tortam
625 2317 686 2358 esse
700 2299 791 2360 voluit
808 2309 995 2380 potestatam,
1007 2319 1064 2380 qua
1077 2317 1194 2380 semper
1205 2297 1359 2378 apostoliea
1367 2295 1450 2356 sedes

384 2396 435 2438 usa
447 2379 553 2456 suerat,
569 2381 737 2442 removendi
749 2382 917 2444 dirimentis
928 2384 1148 2462 impedimenta,
1163 2381 1290 2460 ideoque
1304 2377 1449 2458 «Regulos

384 2461 417 2520 in
431 2463 552 2522 materia
574 2463 813 2542 disponsationis,
835 2484 868 2525 ae
888 2466 1037 2546 signanter
1055 2483 1144 2543 super
1165 2462 1451 2542 impsdinsnusna-

384 2543 515 2604 trimonii
530 2546 728 2625 praescriptas,
744 2546 781 2606 ad
795 2550 880 2608 Rom.
897 2547 1068 2608 Pontifioem
1082 2547 1228 2625 precipue
1240 2543 1357 2606 direxit.
1372 2567 1386 2596 a
1405 2541 1448 2602 uti

385 2633 449 2702 post
460 2629 507 2686 Du
522 2629 651 2688 Cassium
664 2626 699 2688 de
712 2627 833 2690 lurisd.
846 2626 947 2690 777777.
966 2637 1036 2690 toor.
1052 2633 1068 2690 7
1083 2647 1150 2711 rap.
1164 2631 1204 2689 70
1217 2625 1244 2708 S.
1262 2629 1299 2704 b,
1318 2625 1450 2687 observat
1481 2679 1488 2698 ,

385 2708 525 2785 Espenius
542 2709 597 2792 jos
614 2708 684 2771 7777.
697 2729 769 2792 por.
792 2713 812 2772 i
831 2718 900 2772 7777.
928 2711 1010 2774 itit.
1025 2715 1065 2774 ii
1087 2730 1154 2793 cop.
1176 2713 1191 2771 7
1213 2727 1301 2769 num.
1316 2711 1369 2770 78.
1393 2710 1451 2768 imo

384 2807 451 2847 oum
465 2789 645 2868 disputatum
656 2801 756 2854 esaeta
769 2794 914 2872 patribus,
928 2811 1000 2854 num
1011 2795 1184 2855 satiusesset
1194 2792 1356 2870 episeopis,
1366 2807 1450 2868 quun

384 2887 461 2930 sum.
477 2873 610 2933 Pontifici
625 2875 790 2935 facultatem
812 2876 927 2936 laxandi
943 2875 1151 2954 impedimenta
1174 2891 1342 2951 reservare,
1363 2874 1450 2953 potia·

383 2951 490 3012 simum
503 2954 573 3014 Pius
594 2959 634 3018 iv
648 2975 732 3035 equo
753 2959 851 3018 animo
868 2959 1095 3035 assentiebatur,
1110 2965 1144 3018 ut
1160 2957 1399 3036 oonsanguinitaa
1419 2957 1448 3016 in

383 3041 488 3111 quarto
511 3036 619 3115 gradu,
655 3039 723 3118 quia
750 3039 947 3118 frequentior,
973 3061 990 3101 a
1021 3039 1180 3104 Pontifieiis
1204 3037 1449 3100 reservatimibus

384 3115 550 3212 tolleretur,
576 3127 605 3216 et
639 3121 841 3218 episcoporum
868 3121 991 3183 arbitrio
1017 3123 1248 3217 pemnitteretur.
1274 3123 1313 3216 At
1342 3119 1447 3220 synodo

382 3199 766 3365 atttttttttttttt
786 3207 836 3364 77
851 3203 1061 3348 ittam
1077 3207 1450 3366 iifflimai‘iiitpi

383 3361 437 3422 boo
450 3362 585 3424 facultate
606 3365 699 3426 multo
712 3367 825 3428 iaoilins
842 3377 872 3428 77
895 3369 1094 3447 frequentius,
1109 3367 1190 3448 quod
1211 3375 1332 3448 patrum
1357 3368 1449 3430 stadio

383 3445 976 3594 {afimpgositopdversnbaturb'irrtudjusssogi
987 3450 1334 3594 venia⁷aoonoe11erentuu
1349 3450 1450 3595 cahier

382 3545 555 3705 itistrweordlon.1
565 3539 780 3674 817736ιίἱὲξῦ
795 3575 872 3697 sup..
886 3617 904 3675 9
924 3551 1021 3676 off
1036 3536 1327 3694 {afflatum
1342 3537 1404 3692 Est,
1418 3551 1449 3675 dt

382 3691 471 3770 aliqui
485 3699 606 3770 putant,
632 3695 715 3755 Trid.
739 3696 884 3775 synodum
902 3715 973 3759 sess.
991 3700 1032 3761 87
1050 3717 1118 3780 cop.
1136 3701 1176 3761 78
1193 3697 1231 3760 da
1244 3693 1372 3780 reforio.
1390 3697 1448 3758 dis-

381 3773 521 3850 pensandi
536 3777 737 3838 necessitatem
754 3779 940 3857 imposuisse,
959 3799 1026 3842 enm
1040 3799 1142 3842 revera
1158 3799 1284 3844 canonas
1300 3789 1404 3842 777777
1414 3775 1449 3840 rt

381 3853 517 3918 munibus
536 3865 565 3918 77
577 3855 746 3921 indistinete
765 3858 916 3922 observari
928 3864 1063 3924 voluerit.
1084 3867 1211 3926 Tantum
1232 3865 1352 3938 statuit,
1373 3870 1407 3924 ut
1422 3861 1445 3922 si

381 3937 530 3998 interdum
545 3957 667 4001 canones
681 3943 768 4020 justis
782 3942 819 4002 de
836 3945 928 4004 nnsis
942 3943 1090 4022 laxentur,
1105 3947 1137 4006 id
1151 3963 1210 4008 non
1225 3946 1282 4006 nisi
1296 3961 1393 4006 7777777
1402 3963 1445 4004 77-

378 4018 464 4096 777777
485 4039 520 4082 oo
534 4039 653 4086 mommo
667 4023 841 4088 maturitate
854 4025 917 4088 fiat.
932 4027 1045 4103 Quibus
1058 4029 1156 4090 verbis
1177 4047 1236 4091 non
1257 4024 1443 4108 dispensandi
