3140 5168
528 434 748 506 -509-

146 573 177 675 §-
215 574 303 649 Clll.
341 575 586 652 Confirmantur
615 579 774 680 sponsalia
807 579 1035 654 donationibus
1062 607 1166 681 spon·

94 672 205 747 salitiis
237 676 310 772 (l),
340 675 474 774 aliisque
502 679 780 767 solemnitatibus3
810 679 876 751 imo
908 695 942 752 et
970 679 1168 754 adhibentur

96 789 193 846 testes
219 773 294 869 (ἢ),
329 790 362 846 ct
401 777 651 849 matrimoniales
688 775 809 850 tabulas
845 775 1086 870 conficiuntur,
1128 795 1168 850 ut

95 895 132 940 ea
158 875 231 970 jam
259 889 423 944 contracta
453 874 548 947 luisse
571 890 697 948 constet
723 873 790 973 (ὅ).
835 871 903 948 Sed
943 891 1011 962 tota
1051 903 1166 951 corum

94 972 142 1039 ris
180 973 283 1067 posita
320 986 368 1042 est
395 975 431 1044 in
473 997 631 1046 consensu
663 973 944 1064 contrahentium,
977 978 1035 1074 qui
1066 975 1167 1048 modo
1381 1059 1392 1070 Η

93 1070 136 1139 sit
160 1087 288 1159 certus,
310 1068 391 1140 nihil
422 1070 520 1142 relert
554 1087 681 1144 nutune
713 1075 997 1169 quisassentiatur
1024 1099 1186 1148 curer-1
1309 1107 1313 1116 ·
1437 1083 1465 1104 ''

94 1165 157 1258 bis7
185 1169 249 1240 sire
280 1191 336 1240 ore
369 1167 520 1264 prolatis,
553 1172 618 1242 sive
648 1170 782 1270 epistola
819 1171 1091 1268 comprehensim
1110 1197 1167 1245 ne·

94 1291 160 1360 que
190 1268 288 1337 etiam
315 1265 414 1337 relcrt
438 1293 496 1366 per
526 1293 559 1340 se
590 1269 663 1367 quis
690 1267 878 1361 contrahat,
911 1294 952 1340 an
982 1296 1045 1368 per
1067 1295 1167 1368 ‚pro-

93 1379 289 1436 curatorem.
317 1361 408 1451 Quin
435 1367 533 1440 etiam
561 1393 576 1438 s
622 1365 719 1438 usalia
751 1365 838 1439 hunt
870 1365 1163 1460 subscribtione,

94 1485 169 1557 quas
197 1461 320 1560 pendet
343 1461 385 1532 ab
413 1465 536 1538 incerto
585 1481 683 1538 uturo
707 1482 851 1558 eventu,
885 1491 929 1562 qu
985 1491 1026 1538 ue
1049 1455 1078 1538 'si
1109 1465 1166 1538 ho-

94 1577 185 1630 nesta
214 1577 248 1632 ct
265 1560 421 1658 possibilis
444 1567 504 1654 sit,
537 1565 602 1634 vim
634 1580 818 1636 contractus
842 1489 1032 1662 suspeiidit,
1061 1565 1167 1636 donec

93 1661 228 1748 existat,
270 1678 303 1731 et
333 1663 359 1730 si
396 1685 464 1732 non
504 1663 628 1753 existit,
661 1679 865 1734 contractum
895 1659 1000 1735 solvit.
1037 1663 1166 1760 Turpes

93 1771 202 1828 autem
246 1773 344 1857 atque
389 1759 601 1858 impossibiles
643 1759 846 1834 conditiones
882 1761 1093 1858 rejiciuntur,
1128 1785 1166 1830 ac

94 1851 188 1926 firma
229 1873 363 1929 manent
397 1857 575 1954 sponsalia3
606 1883 680 1956 quae
714 1876 824 1930 tamen
863 1857 1096 1952 infirmantur,
1139 1859 1165 1929 si

92 1953 236 2026 conditio
263 1957 461 2028 matrimonii
486 1955 573 2030 hono
597 1956 851 2055 adversandi).

133 2142 176 2224 (ll
197 2147 317 2208 Munera
340 2145 414 2222 hae,
433 2165 500 2226 qua
525 2143 626 2209 anta
647 2156 675 2208 et
699 2146 831 2230 pipooro
854 2155 1006 2224 vocantur,
1028 2166 1045 2208 a
1070 2147 1166 2208 chris-

94 2226 181 2287 tianis
194 2227 281 2288 etiam
295 2237 433 2308 usurpata
446 2238 588 2290 memorat
604 2229 692 2312 (ἶνες.
713 2233 827 2291 Toron.
845 2227 881 2290 da
894 2231 948 2290 vit.
964 2231 1051 2291 Patr.
1074 2248 1100 2290 c.
1124 2233 1164 2290 90

92 2327 163 2392 pop.
185 2311 262 2372 tuot
280 2309 349 2372 adit.
366 2309 466 2372 Porio.
487 2311 577 2372 i699.
594 2315 675 2372 inter
692 2330 831 2388 munera,
850 2329 916 2407 quta
932 2311 1165 2408 inospcnsalihus

93 2391 300 2468 tradebantur,
326 2393 472 2490 eminebat
498 2395 660 2472 presertim
682 2393 824 2536 apponius,
843 2411 893 2488 qur
913 2411 1012 2536 appo
1036 2395 1164 2491 imminua

91 2473 699 2642 tttt‘tt‘tttt‘ttfft'tllit.
715 2473 930 2620 milli.
953 2478 1164 2652 attuit

93 2653 194 2714 usum,
206 2657 294 2716 quem
308 2637 459 2733 christiani
473 2659 590 2720 quoque
602 2639 782 2715 retinebant,
792 2645 955 2700 memorant
968 2647 1057 2736 etrum
1067 2639 1160 2738 Clam.

92 2717 528 2864 statuuntur.
539 2719 1165 2900 stlta{susustinetis

92 2885 305 2959 adhibebatur,
321 2903 388 2946 cum
402 2885 506 2947 darent
524 2887 570 2946 vel
586 2885 739 2965 pecuniam
752 2885 798 2946 vel
811 2885 970 2961 annulum,
986 2893 1020 2946 ut
1034 2904 1165 2966 pignoris

92 2967 154 3027 loco
175 2975 265 3042 esset,
281 2967 393 3030 Plinius
413 2965 463 3030 lib.
482 2970 521 3029 55
542 2987 609 3052 cop.
626 2965 730 3030 otor.
754 2969 867 3030 Notur.
885 2977 907 3030 t.
925 2969 942 3028 il
958 2985 1000 3049 po
1023 3012 1029 3028 .
1051 2971 1090 3029 lb
1113 2967 1161 3029 ed.

93 3047 196 3110 Poris.
222 3051 317 3125 soso·
339 3051 374 3109 t.
399 3053 434 3112 ll
457 3049 484 3132 S.
507 3053 525 3112 6
567 3095 573 3111 .
597 3048 633 3112 da
654 3053 720 3111 Act.
739 3058 831 3132 ampt.
855 3049 892 3111 t.
912 3046 968 3110 ult.
987 2985 1072 3132 lide
1091 3052 1162 3132 Lep.

93 3131 257 3210 ammosa
278 3133 314 3192 t.
340 3135 357 3192 5
376 3131 403 3214 5.
420 3134 458 3194 tt
475 3131 510 3215 ff.
549 3131 673 3194 ainstit.
691 3133 765 3193 iiiuc
780 3131 818 3192 ad
837 3129 1012 3192 firmandam
1030 3135 1164 3211 sponsio-

93 3231 179 3288 nem,
191 3231 257 3292 qua
268 3213 491 3310 innsponsalihus
502 3213 604 3290 tiebat,
618 3213 743 3310 annulus
753 3213 888 3276 adhiberi
903 3214 1063 3358 oopsucrittg
1074 3231 1164 3310 quem

92 3297 351 3440 bilbili?
361 3295 1039 3462 tttttttttt‘ttttttttttt
1053 3307 1162 3474 {til

93 3459 164 3520 edit.
188 3459 238 3520 eit.
266 3477 371 3522 aureus
391 3470 464 3522 erat.
489 3461 610 3540 Antiqui
628 3459 702 3524 Galli
717 3478 774 3543 per·
791 3457 921 3522 mutam
940 3468 969 3522 ct
987 3458 1161 3538 desonam,

95 3539 258 3604 secuudum
276 3543 380 3626 tapam
401 3541 546 3620 Salicum,
567 3541 708 3622 sponsalia
727 3541 953 3618 contrahebant,
976 3544 1019 3604 uti
1035 3550 1112 3622 patet
1126 3561 1162 3602 cx

93 3621 229 3704 [annulo
250 3626 268 3685 5
293 3627 442 3708 mananti,
461 3634 491 3686 et
514 3643 549 3685 ex
565 3621 699 3708 [annulo
718 3627 756 3686 to
776 3623 963 3706 Lindehrogii
983 3625 1060 3706 apud
1077 3623 1163 3685 Baiu-

93 3706 172 3766 zium
186 3704 346 3790 capitular.
363 3727 424 3790 rep.
441 3709 586 3770 Francos.
607 3713 677 3768 tom.
695 3707 714 3768 2
729 3703 784 3768 col.
801 3709 861 3769 ott
878 3705 925 3768 cd.
948 3708 1047 3768 Versat.
1069 3707 1161 3766 1775.
1186 3773 1190 3782 ,

94 3789 241 3852 Nimirum
261 3787 348 3850 arrha
368 3797 431 3852 erat
451 3799 481 3854 et
505 3789 641 3850 denarius
660 3797 690 3850 et
710 3789 849 3867 annulus,
876 3787 1000 3868 ideoque
1021 3787 1162 3848 alterutra

92 3869 236 3948 sponsalia
250 3871 506 3934 contrahebantur.
532 3875 606 3934 Sunt
630 3872 680 3951 qui
706 3872 806 3933 annuli
825 3871 1026 3932 caeremoniam
1046 3879 1104 3928 non
1123 3868 1171 3930 ad'
1186 3884 1204 3944 ;·’
1216 3865 1232 3958 ‚¹
1256 3929 1279 3944 „

94 3953 253 4030 sponsalia,
277 3951 328 4014 sed
346 3953 383 4015 ad
406 3955 482 4034 ipsas
503 3955 619 4033 nuptias
641 3954 833 4048 referendum
850 3959 970 4033 putant3
983 3950 1047 4046 ¹sad
1074 3950 1162 4032 longe

94 4033 175 4096 aliud
196 4035 356 4097 ostendunt
367 4039 453 4120 Greg.
470 4043 580 4102 Toron.
598 4033 653 4098 loc.
670 4043 737 4114 ott,
755 4043 784 4096 et
798 4035 931 4099 Nicolaus
950 4035 1009 4095 lm
1022 4049 1099 4116 resp.
1121 4031 1161 4096 od
1188 4073 1190 4078 ,
