3100 5182
805 403 1026 472 -ldd—

376 551 572 648 dignitates,
616 565 824 646 personatus,
860 547 990 638 officia,
1038 571 1113 644 quae
1149 549 1263 617 'omnia
1297 547 1455 640 'generali
1534 545 1535 572 ¹

376 645 611 720 beneficiorum
643 649 775 719 nomine
801 672 874 718 com
901 643 1140 718 rehenduntur.
1165 643 1364 740 hdjuuctam
1390 644 1455 714 ha·

376 744 457 816 beat
490 745 683 838 dignitatem
710 770 747 815 ea
784 673 962 832 berelais,
997 767 1139 840 quorum
1168 757 1325 831 rectores,
1358 767 1455 839 prse-

375 843 486 914 sertim
526 845 561 912 in
600 841 863 930 cathedralibus,
906 855 963 911 aut
1003 843 1038 910 in
1077 837 1251 934 collegiatis
1289 839 1451 927 ecclesiis,
1534 879 1535 888 2

376 954 410 1009 et
441 939 582 1035 quadam
617 939 773 1010 srauntur
811 939 944 1012 honoris
977 940 1209 1035 praerogativa,
1244 939 1311 1008 sire
1350 961 1456 1032 praee-
1534 1001 1535 1024 Ξ

376 1038 534 1108 minantia
560 1052 592 1107 et
627 1037 925 1126 administratione,
958 1060 995 1106 ac
1024 1033 1268 1132 jurisdictione,
1312 1032 1456 1130 ideoque

378 1137 506 1204 tametsi
530 1160 605 1204 cum
629 1135 761 1230 reliquis
787 1136 949 1205 canonicis
974 1158 1092 1229 corpus
1126 1157 1229 1204 uuum
1257 1129 1454 1219 conficiant,
1534 1167 1535 1198 i

378 1229 419 1300 ab
450 1232 488 1302 iis
514 1247 624 1302 tamen
652 1247 787 1330 propter
816 1231 902 1304 hanc
933 1230 1264 1318 administrationem,
1298 1231 1456 1324 praemi-
1534 1235 1535 1238 ’

378 1331 535 1399 mantiam
574 1346 607 1400 et
640 1329 903 1428 jurisdictionem
940 1329 1196 1422 distinguuntur,
1235 1326 1455 1398 Personatum

275 1497 280 1508 ,
377 1424 498 1496 habere
524 1427 700 1516 dicuntur,
720 1431 761 1516 ii,
797 1430 855 1525 qui
883 1427 985 1498 solam
1021 1425 1144 1497 habent
1172 1424 1303 1496 honoris
1324 1447 1454 1518 praero-
1534 1429 1535 1484 i

378 1525 517 1616 gatiaam
547 1527 617 1596 sine
642 1524 921 1596 administratione
952 1540 986 1594 et
1008 1523 1234 1621 jurisdictione
1269 1520 1342 1617 (i);
1379 1518 1454 1590 offi-
1534 1533 1535 1614 J

379 1623 465 1690 cium
499 1621 661 1718 denique,
706 1625 764 1718 qui
798 1621 1112 1694 administratione·
1153 1619 1294 1709 habent,
1339 1633 1455 1688 cerem
1534 1631 1535 1706 j

379 1721 626 1813 praeeminentia
639 1735 672 1792 et
684 1719 925 1816 jurisdictione.

420 1935 462 2018 (l)
483 1941 659 2000 Personatus
684 1958 790 2002 nomen
821 1941 951 2020 primam
976 1941 1007 2002 in
1032 1941 1100 2019 jure
1126 1939 1261 2001 canonino
1283 1933 1458 1998 adhibuisse
1534 1907 1535 2000 Ξ

379 2017 577 2080 Alexandrum
597 2024 654 2098 111,
673 2020 806 2099 illudque
823 2041 840 2082 a
864 2023 954 2086 Gadis
979 2023 1136 2100 sumpsisse
1159 2020 1248 2082 tradit
1267 2017 1398 2095 cujacius
1419 2017 1457 2078 in

382 2097 426 2160 tit.
450 2099 484 2162 dc
505 2099 634 2182 pratea.
658 2109 686 2164 ct
704 2100 810 2183 dipsis.
838 2111 909 2166 tom.
939 2106 958 2164 6
986 2101 1041 2164 ccl.
1070 2105 1146 2180 962,
1171 2099 1239 2166 edit.
1261 2098 1371 2160 Matio.
1398 2115 1457 2160 aaa

388 2179 485 2243 Venet.
505 2185 597 2244 1778.

427 2384 457 2484 Ξ.
495 2387 556 2457 Xl.
591 2385 780 2458 Generatim
809 2391 907 2458 statui
934 2415 1003 2462 non
1029 2403 1155 2485 potest,
1193 2409 1266 2482 quaa
1296 2379 1456 2454 beneficia
1534 2385 1535 2478 Ξ

380 2485 466 2553 inter
499 2483 693 2578 dignitates,
719 2509 794 2581 quae
817 2489 905 2558 inter
938 2501 1149 2583 personatus,
1205 2507 1255 2556 use
1290 2483 1375 2550 inter
1398 2479 1456 2550 os·
1534 2479 1535 2574 Ξ

380 2576 454 2648 ficia
480 2583 545 2652 sint
572 2581 762 2672 referenda,
792 2608 868 2654 cum
904 2609 1109 2682 unaquaeque
1140 2511 1271 2654 sedeam
1304 2601 1377 2648 suas
1396 2575 1456 2646 ha·
1534 2575 1535 2644 Ξ

382 2675 458 2748 beat
486 2679 755 2770 eonsuetudines,
782 2696 817 2751 et
848 2707 948 2777 quam
983 2681 1176 2776 dignitatem
1204 2679 1239 2748 in
1266 2701 1332 2746 una
1353 2672 1457 2745 ecole-

382 2775 425 2844 sia
448 2776 574 2848 obtinet
607 2777 871 2868 archidiaconus,
902 2779 953 2850 rel
984 2775 1261 2876 archipresbyter,
1294 2775 1331 2844 in
1354 2770 1458 2842 altera

383 2897 455 2942 earu
484 2874 639 2964 decanus,
675 2875 725 2945 vel
745 2877 960 2973 praepositus,
993 2877 1044 2946 vel
1064 2875 1265 2973 primicerius
1292 2869 1453 2942 obtineat.
1534 2891 1535 2932 i

384 2965 498 3063 ltaque
517 2970 720 3066 jurisdictio,
763 2974 1032 3065 praeeminentia,
1073 2996 1212 3059 munus,
1241 2973 1274 3039 in
1303 2965 1458 3038 omnibus
1534 3011 1535 3062 Ξ

382 3063 519 3136 ecclesiis
543 3065 756 3160 dignitatem,
788 3086 1021 3162 personatum,
1047 3068 1191 3142 officium
1212 3067 1299 3138 lacit.
1325 3063 1392 3135 Nos
1413 3061 1458 3134 de
1534 3067 1535 3158 Ξ

382 3162 534 3236 omnibus
568 3189 699 3256 agemus
738 3162 881 3252 clericis,
916 3169 974 3264 qai
1009 3169 1046 3238 in
1081 3165 1211 3238 ecclesia
1255 3161 1306 3233 vel
1334 3187 1458 3232 munus

383 3255 524 3350 hahent,
538 3261 590 3330 rel
616 3259 749 3332 honoris
777 3261 937 3354 gradum,
962 3263 1014 3334 vel
1024 3262 1296 3362 jurisdictionem.
1329 3255 1459 3330 Omnes

382 3356 470 3424 cnim
496 3355 658 3428 referendi
687 3374 762 3430 sunt
795 3357 837 3427 ad
865 3358 1076 3432 hierarchiam
1096 3359 1352 3466 jurisdictionis,
1367 3379 1460 3452 quo·

384 3452 470 3522 niam
495 3477 608 3526 omnes
646 3457 814 3551 pertinent
850 3455 892 3524 ad
922 3483 941 3528 c
966 3462 1085 3530 timum
1126 3457 1266 3528 ecclesias
1289 3477 1458 3547 regimen,
1534 3493 1535 3536 Ξ

929 3483 964 3624 alJ
979 3572 1090 3626 tamen
1114 3557 1199 3625 inter
1224 3551 1370 3638 clericos,
1397 3549 1461 3644 qui
1534 3545 1535 3592 Ξ

383 3573 449 3646 qao
488 3548 664 3623 hierarchia
690 3569 826 3648 spectat.
864 3552 926 3624 lllu

379 3645 641 3746 jurisdictionem
662 3649 785 3720 habent
815 3651 968 3747 interque
995 3649 1150 3742 clericos,
1178 3653 1293 3748 quiea
1320 3662 1458 3734 carent,

384 3745 558 3816 discrimen
583 3762 651 3836 eat,
683 3745 773 3844 quod
800 3745 833 3816 hi
863 3763 993 3820 tantum
1023 3751 1162 3820 ministri
1187 3764 1282 3835 sunt,
1306 3743 1353 3814 illi
1378 3767 1459 3813 vero
1534 3787 1535 3814 Ξ

383 3857 469 3954 εΞιιιιιΙ
488 3845 605 3933 etiam,
636 3860 710 3942 post
740 3844 926 3942 episcopos,
959 3849 993 3916 in
1028 3845 1235 3919 ecclesiastica
1279 3838 1459 3914 hierarchia

386 3955 601 4036 magistratus.
