3102 5184
802 497 850 510 -
877 457 1022 526 set-

377 613 416 669 tis
427 605 647 668 demonstravit.
664 605 776 684 Synod.
792 605 928 666 Trident.
942 623 1012 666 acea.
1029 605 1064 665 il
1081 623 1149 686 cop.
1163 605 1183 666 2
1198 627 1212 657 a
1226 603 1359 666 Declarat
1373 601 1443 664 banc
1520 621 1521 636 ³

379 695 551 770 potestatem
567 695 708 766 perpetuo
722 687 754 746 in
769 687 887 748 ecclesia
904 687 1007 762 luisse,
1029 693 1062 746 ut
1077 687 1108 745 in
1125 693 1374 746 sacramentorum
1390 686 1445 746 dis-

379 771 563 850 pensatione,
587 769 664 830 salva
685 769 804 829 illorum
825 769 1002 844 substantia,
1021 785 1055 828 ea
1075 775 1216 828 statueret
1237 768 1282 828 vel
1305 775 1443 844 mutaret,

379 872 444 931 quse
465 851 687 931 suscipientium
704 851 839 928 utilitati,
864 869 916 912 seu
937 851 1066 931 ipsorum
1083 859 1332 910 sacramentorum
1362 869 1446 910 vene·

376 935 498 1011 rationi,
519 951 708 1014 procerum,
731 941 898 1013 temporum
916 941 946 993 et
965 933 1096 993 locorum
1110 933 1267 1008 verietate,
1290 933 1383 1013 magis
1397 949 1444 992 ex-

379 1016 481 1095 pedire
505 1015 661 1094 judicaret.
689 1042 702 1070 ιι
727 1019 822 1093 Quam
839 1022 1011 1096 potestatem
1027 1014 1138 1074 babere
1156 1034 1188 1076 se
1208 1015 1334 1076 Ecclesia
1360 1013 1444 1076 verbo

378 1098 545 1174 declaravit,
568 1097 701 1158 camdem
727 1099 829 1176 quovis
856 1105 988 1176 tempora
1015 1097 1161 1172 exercuit,
1188 1098 1232 1157 uti
1260 1115 1296 1158 ex
1323 1097 1445 1175 antiquis
1521 1113 1522 1152 4

380 1180 639 1324 scriptorurgkeoel.
652 1181 1112 1324 ιιὲέηυωεηιίἱρῗερίρυιιίηᾷἒῑ.
1131 1182 1161 1242 S.
1178 1179 1288 1276 lustin.
1305 1183 1346 1241 ll.
1364 1175 1445 1318 ,4ροὶἰ

380 1344 416 1404 ab
424 1281 549 1406 ²ltalc'ltesia
562 1281 988 1424 pfflc'ffipmzeffl'gsseffiffi'
996 1279 1444 1406 conficieerffafflllgldlizstrllffidrl.

380 1427 520 1508 Baptismi
540 1427 615 1488 ritus
632 1426 772 1488 describit
789 1427 914 1489 Tertull.
937 1424 972 1488 de
986 1429 1077 1508 Bapt.
1095 1445 1127 1486 n.
1148 1427 1166 1486 7
1181 1435 1209 1487 et
1226 1443 1287 1509 aeq.
1304 1443 1376 1509 paq.
1392 1427 1444 1486 226

381 1506 425 1569 ed.
445 1512 544 1570 Vocet.
563 1511 653 1571 titt.
672 1509 798 1590 cyrillus
819 1507 962 1570 llierosol.
977 1508 1008 1568 in
1026 1510 1086 1570 suis
1101 1509 1306 1590 mystagogicis
1320 1507 1446 1570 eatecbe·

380 1591 461 1652 sibus
477 1592 679 1668 caeremonias,
696 1611 762 1670 quae
780 1591 859 1670 apud
878 1589 1041 1652 orientales
1061 1591 1213 1671 vigebant,
1231 1589 1446 1652 catechumenos
1522 1665 1523 1668 Ἴ

379 1673 474 1735 docet.
498 1678 574 1754 Aug.
601 1692 660 1734 non
684 1673 774 1734 semel
795 1673 920 1752 explicat
947 1673 1007 1734 vim
1032 1674 1280 1748 exorcismorum,
1309 1673 1362 1751 qui
1386 1679 1446 1732 aute

379 1757 561 1834 baptismum
573 1755 802 1819 adhibebantur.
818 1756 902 1816 blitto
915 1763 1026 1817 ceteros
1041 1759 1152 1817 Patres.
1173 1759 1301 1817 Tantum
1319 1753 1445 1815 indicabo

381 1839 582 1899 testimonium
596 1839 734 1914 Tertull,
750 1839 801 1917 qui
814 1834 865 1899 lib.
882 1835 917 1898 dc
929 1840 1045 1899 Corona
1055 1857 1089 1898 ec
1112 1839 1238 1921 .'o'pa9.
1255 1839 1315 1899 l02
1326 1834 1372 1898 ed.
1387 1837 1443 1908 eit,

380 1919 545 1981 traditionis
573 1919 774 1980 necessitatem
801 1919 946 1996 vindieat,
981 1857 1114 2000 exempli)
1136 1921 1248 1981 'rerum
1275 1921 1444 1991 mmmmm,

378 2019 450 2079 quas
461 2021 511 2062 sua
529 2011 614 2063 etate
622 2002 741 2063 ecclesia
752 2001 938 2072 observabat,
951 2019 1127 2081 quamquam
1139 2003 1256 2082 scriptae
1269 2019 1327 2062 non
1340 2009 1442 2062 essem

380 2083 462 2144 Idem
481 2102 598 2164 quoque
622 2083 796 2145 confirmant
821 2083 990 2165 euchologia
1015 2103 1176 2164 graccorum
1197 2093 1226 2145 et
1248 2083 1364 2144 rituales
1378 2081 1444 2142 libri

380 2164 554 2238 latinorum,
576 2166 734 2245 exquibus
753 2166 960 2247 intelligimus,
986 2167 1093 2226 multas
1106 2167 1189 2245 lapsa
1205 2174 1369 2246 temporum
1391 2182 1445 2224 ce-
1523 2181 1524 2212 1

380 2247 525 2310 aemonias
545 2247 583 2308 ab
603 2249 721 2310 ecclesie
740 2249 903 2326 institutas,
922 2267 1082 2327 earumque
1095 2247 1343 2310 observandarum
1357 2247 1445 2327 legem
1523 2245 1524 2248 ’

380 2330 523 2390 ministris
561 2332 737 2408 impositam.
764 2331 871 2392 Conler
896 2331 1003 2408 claris,
1032 2331 1197 2392 Zaccariam
1225 2327 1304 2392 Bibl.
1335 2326 1441 2391 llituol.

380 2409 452 2506 diac.
475 2410 510 2506 de
526 2412 593 2496 jur.
615 2409 751 2495 liturgic.
772 2419 843 2472 tom.
864 2415 899 2488 l,-
920 2416 1006 2474 Laur.
1026 2415 1157 2508 Bcrtium
1176 2411 1212 2474 de
1234 2409 1371 2495 Tbeoloo.
1391 2409 1445 2472 dia-

381 2491 843 2673 tzt;,tt·t.⁰ct,.²t‘n
864 2496 938 2659 iat.
951 2493 1443 2652 {incunctatae

381 2661 465 2740 plura
481 2660 569 2720 etiam
590 2657 792 2721 discrrbuntur
805 2659 972 2721 testimonia
989 2658 1214 2738 hereticorum,
1236 2659 1289 2740 qui
1310 2659 1385 2720 bane
1401 2675 1444 2718 ve·
1524 2691 1525 2734 t

382 2743 499 2802 ritatem
511 2743 576 2821 plus
587 2743 675 2803 semel
688 2743 772 2804 lateri
785 2741 963 2803 debuerunt.
1524 2737 1525 2750 *

422 2823 464 2902 (ll)
485 2828 573 2886 Cone.
595 2825 730 2885 Trident.
756 2841 828 2885 aces.
852 2827 869 2882 7
894 2821 929 2884 de
948 2823 1252 2907 Sacrouirum.
1275 2842 1346 2884 con.
1367 2825 1403 2885 lb
1420 2831 1444 2881 et

383 2905 581 2967 Cateebismua
595 2909 683 2967 Rom.
695 2926 729 2987 p.
742 2907 762 2967 ἢ
774 2925 801 2966 ο.
816 2909 829 2966 l
845 2903 872 2988 ς.
889 2908 940 2968 lb.
956 2906 1034 2982 Quid
1045 2913 1143 2967 tamen
1158 2905 1305 2987 agendum
1322 2908 1374 2976 sit,
1386 2922 1444 2966 eam

381 2989 536 3049 necessitas
547 3007 606 3048 non
620 2995 722 3050 omnes
740 2987 883 3048 adbibere
894 2987 965 3048 sinit
984 2989 1171 3050 caeremonim
1189 2988 1226 3049 ab
1247 2987 1367 3050 ecelesia
1379 3006 1444 3068 pre·

381 3069 519 3150 scriptas,
530 3069 651 3132 rituales
662 3070 731 3131 libri
746 3069 961 3132 demonstrant.

428 3247 459 3350 §.
497 3247 591 3320 xlx.
636 3249 688 3320 Ab
726 3253 794 3348 ipsa
829 3276 906 3322 sane
947 3249 1167 3348 apostolorum
1209 3265 1305 3321 aetate
1347 3277 1444 3321 mera-

381 3349 498 3418 mentis
530 3349 726 3421 extrinsecus
771 3363 974 3421 accesserunt
1005 3350 1165 3420 solemnes
1204 3347 1341 3448 quidam
1372 3351 1445 3419 ritus

381 3459 416 3516 et
441 3449 663 3538 caeremoniae,
701 3445 819 3546 quibus
840 3449 944 3546 major
974 3449 1050 3544 ipsis
1081 3447 1271 3546 adjungitur
1297 3472 1445 3518 reseren-

380 3547 442 3634 tia,
477 3559 511 3616 et
542 3571 657 3617 eorum
681 3549 831 3619 sanctitas
860 3544 953 3616 altius
982 3549 1019 3617 in
1054 3545 1227 3618 hominum
1254 3547 1368 3616 animis
1391 3543 1446 3615 im-

381 3645 536 3738 primitur
569 3661 601 3714 et
621 3648 816 3717 necessarius
832 3647 868 3715 in
891 3643 1021 3716 ecclesia
1047 3643 1128 3716 ordo
1161 3657 1360 3716 sustentatur
1381 3644 1442 3739 (l).

381 3741 504 3813 Earum
541 3747 805 3814 caeremoniarum
844 3768 913 3814 non
942 3741 1055 3814 eadem
1094 3746 1243 3814 omnium
1279 3745 1445 3840 antiquitas

381 3857 441 3910 est.
482 3839 645 3927 Quaedam
681 3844 769 3914 enim
798 3841 838 3910 ab
876 3843 952 3937 ipsis
979 3839 1129 3938 apostolis
1159 3843 1318 3937 originem
1354 3867 1445 3937 repe-

381 3953 459 4008 tunt
489 3937 562 4036 (2),
594 3956 692 4037 atque
724 3939 780 4010 bas
808 3956 944 4036 propter
982 3943 1225 4030 auctoritatem,
1255 3939 1345 4012 unde
1377 3963 1445 4009 ma-

384 4052 525 4128 narunt,
561 4037 683 4137 ubique
721 4041 841 4111 retinet
878 4064 915 4110 ac
948 4036 1123 4138 diligenter
1169 4037 1307 4114 custodit
1343 4035 1445 4112 Eccle-
