3122 5178
502 422 700 493 ..79-

74 569 207 648 pieirudos
219 569 398 630 existimant.
416 571 535 630 Constat
549 569 628 632 enim
642 568 696 632 hos
710 587 833 632 oenones
847 575 916 630 onte
932 571 973 632 vt
990 569 1129 631 soouiurn

74 652 168 712 tardari
193 651 378 712 consuevisse
400 651 547 730 fuisseque
568 653 696 733 agnitam
717 670 819 717 eorum
840 651 1058 726 auctoritatum,
1086 653 1129 712 uti

73 733 217 794 ostendunt
235 733 339 794 iratres
354 733 502 794 uatertnti
525 733 557 794 iu
575 731 704 816 append.
733 731 774 796 ud
792 753 860 818 opp.
882 735 914 796 S.
935 731 1042 796 Leonta
1060 737 1126 810 tt,

74 823 130 874 tum.
146 819 163 876 5
176 834 248 910 pur.
263 818 359 896 amp.
378 817 411 890 5,
426 813 453 898 S.
470 817 572 898 ἄρας.
589 817 632 912 88Ι
642 835 702 914 sep.
716 818 813 893 Quare
823 815 933 892 omnis,
945 815 969 876 si
984 816 1123 912 quisset,

73 899 187 958 Gratiana
200 917 285 958 error
298 897 430 958 consistit
444 898 474 957 in
491 899 590 974 titulo,
610 917 671 959 stus
685 899 889 978 inscriptione,
904 899 972 976 quia
985 897 1129 958 nimirum
1225 953 1228 962 ,

74 981 182 1039 mouiiu
191 979 416 1061 Csnbsgiuensi
436 983 475 1042 iv
492 997 614 1040 mounes
637 981 791 1059 adoripsit,
811 982 861 1060 qui
881 981 943 1060 ejus
956 998 1058 1041 revera
1073 997 1132 1040 nun

74 1071 143 1134 sarot3
157 1063 210 1122 sed
238 1070 335 1122 umen
355 1061 408 1122 bos
428 1079 551 1122 oenones
568 1070 714 1142 unquam
734 1063 946 1124 summentitios
968 1081 1002 1124 ao
1020 1060 1131 1123 nullius

73 1144 241 1204 auctoritatis
253 1144 363 1224 despici
377 1151 407 1204 et
431 1143 580 1222 repudiari
594 1163 694 1224 posse,
710 1144 900 1206 vehementer
910 1163 995 1226 nego.

113 1247 141 1348 S.
182 1249 353 1322 LXXVlil
410 1249 449 1320 ln
489 1250 751 1347 inscriptionibus
793 1253 958 1348 sapitum,
990 1273 1064 1348 qute
1092 1251 1128 1320 in

74 1345 193 1432 decreto
225 1347 432 1436 referuntur,
463 1372 547 1444 serpe
578 1351 718 1422 occurrit
751 1373 872 1422 nomen
897 1348 961 1421 boo
997 1347 1129 1434 Polou,

94 1447 153 1516 uod
187 1445 275 1518 unde
317 1447 359 1516 sit
394 1445 625 1544 desumptum,
655 1461 743 1518 oerto
783 1449 880 1518 statui
914 1471 981 1518 nun
1008 1461 1127 1541 potest.

73 1471 212 1624 {uidam
242 1570 278 1612 sa
303 1545 405 1641 capita
430 1543 492 1615 boc
520 1547 654 1616 numine
677 1543 838 1640 designari
868 1557 1008 1640 putant,
1040 1542 1129 1638 qood

72 1640 131 1708 sub
158 1640 220 1711 ibis
242 1643 356 1712 ineerta
384 1667 421 1712 ao
452 1639 571 1713 nullius
602 1643 719 1738 pretii,
762 1641 811 1712 rel
848 1642 1036 1738 antiquata,
1077 1655 1134 1709 aut

74 1741 171 1808 etiam
213 1743 341 1836 repetita
373 1742 623 1826 contineantur3
669 1739 725 1810 sed
756 1739 874 1812 borum
908 1739 1018 1836 opinio
1055 1763 1131 1808 reru

73 1861 139 1908 esse
161 1861 228 1907 non
258 1853 383 1933 potest,
412 1864 488 1910 oum
524 1863 593 1910 non
623 1863 750 1935 semper
779 1837 828 1908 his
855 1836 1013 1936 capitibus
1036 1835 1130 1924 uilia,

73 1936 218 2032 antiqua,
248 1937 360 2006 iterata
393 1933 724 2032 eomprehendantur.
762 1933 905 2008 Similior
943 1935 1027 2007 sorte
1055 1957 1131 2006 vero

73 2047 117 2103 ost
140 2035 250 2129 opinio
280 2033 431 2124 illorum,
457 2037 514 2131 qui
540 2049 705 2124 statuunt,
742 2034 889 2108 Pulsum
921 2058 1043 2106 nomeu
1065 2056 1132 2104 esse

73 2133 223 2221 auowris,
268 2159 286 2202 a
330 2157 396 2229 quo
437 2157 575 2204 oenones
616 2131 754 2204 utilitate
798 2147 897 2228 atque
942 2132 1133 2202 auctoritate

73 2245 254 2324 praestantes
283 2229 400 2328 adjecti
432 2232 522 2320 sint,
548 2231 604 2328 qui
643 2255 780 2303 canonos
804 2233 897 2301 initio
922 2231 957 2299 in
987 2230 1132 2322 margine

74 2329 207 2423 appositi
217 2327 365 2426 deinueps
381 2331 416 2398 in
430 2326 505 2398 libri
517 2341 705 2400 contextum
718 2330 906 2426 irrepserint
924 2327 991 2424 (1).

110 2447 151 2528 (t)
171 2449 332 2512 Observant
352 2451 476 2514 Romani
498 2457 690 2528 suffecturos,
708 2451 741 2512 in
763 2449 967 2512 vetustissimis
988 2445 1137 2512 oodioibus

75 2531 238 2608 paucissima
255 2550 319 2594 esse
337 2533 445 2612 oapita,
464 2551 530 2612 quoe
545 2529 641 2594 Puteo
657 2550 764 2594 nomen
782 2551 843 2612 prae
863 2550 895 2593 se
911 2532 1027 2610 terune
1049 2537 1137 2607 atque

76 2612 169 2673 od-
186 2615 218 2674 in
234 2631 294 2674 uno
307 2615 407 2676 oudioe
422 2613 507 2674 valde
520 2614 675 2676 emendato
689 2615 720 2676 in
739 2615 871 2696 margine
887 2613 1027 2694 reperiri,
1042 2612 1074 2672 in
1087 2629 1137 2671 re-

75 2695 246 2757 eeutioribus
258 2704 355 2757 autern
369 2697 478 2758 decreti
494 2697 708 2776 exemplaribus
722 2695 807 2775 plura
821 2713 943 2756 numeru
957 2711 1034 2770 esse,
1050 2711 1138 2771 quam

76 2777 103 2836 in
112 2777 239 2857 antiquio
249 2777 397 2840 oodieihus
410 2779 606 2858 reperiantur.
622 2782 664 2840 Ex
674 2796 733 2857 quo
744 2777 919 2852 conficiunt,
934 2775 1036 2836 eadem
1047 2774 1142 2852 capito

76 2858 204 2939 deinoeps
223 2859 323 2920 addita
344 2861 449 2937 tuisse,
474 2879 540 2922 oum
565 2869 649 2922 antea
670 2860 702 2920 in
724 2859 842 2920 decreto
866 2875 924 2918 non
946 2855 1136 2918 haberentur.

76 2943 132 3001 iton
146 2949 245 3002 umen
265 2961 341 3003 unus
361 2943 450 3004 tuisse
472 2942 589 3004 vitetur
606 2959 709 3004 eorum
732 2941 865 3001 omnium
881 2938 1008 3018 sapitum
1022 2944 1136 3012 auctor,

76 3040 162 3102 aeque
174 3025 276 3085 omnia
288 3024 391 3086 eodem
408 3033 540 3104 tempore
555 3025 662 3105 soaipta
680 3031 767 3100 sunt;
786 3021 853 3084 ideo
868 3021 1041 3082 vetustiores
1055 3019 1137 3081 oudi-

77 3121 117 3164 oes
133 3106 280 3167 minorem
293 3105 402 3168 babent
423 3107 552 3186 sapitum
565 3107 684 3169 illorum
709 3123 882 3180 romaum,
896 3122 985 3182 quam
1010 3101 1137 3166 babeant

79 3189 257 3249 rauentiores.
280 3189 310 3250 Si
333 3185 457 3250 Puteum
472 3191 598 3251 aucturis
614 3205 723 3250 nomen
744 3205 807 3248 esse
824 3186 972 3263 volumus,
995 3185 1139 3264 cumipse

79 3269 181 3344 primus
199 3270 263 3330 bare
282 3271 374 3349 oapita
386 3270 495 3330 addere
508 3271 644 3352 ooeperb,
659 3271 767 3330 mirum
785 3287 844 3329 non
859 3275 902 3329 ost
916 3311 926 3344 ,
938 3267 1017 3346 quod
1035 3265 1139 3341 reteri,

80 3352 123 3426 uui
143 3369 209 3412 euin
236 3351 352 3430 sequuti
377 3360 461 3428 sunt,
484 3354 543 3413 suis
565 3369 681 3432 quoque
701 3350 900 3412 additionibus
919 3367 1025 3410 nomen
1043 3349 1139 3428 ipsum

81 3431 286 3512 inscripserint.
302 3435 402 3512 Neque
426 3433 610 3512 despicienda
628 3441 672 3494 est
694 3432 858 3512 conjecturo
876 3449 996 3508 eorum,
1017 3431 1068 3508 qui
1081 3448 1139 3509 pu-

82 3521 152 3590 tant,
173 3517 285 3577 douai
307 3515 451 3576 studiosos
466 3515 530 3576 ilias
542 3517 573 3576 in
587 3515 721 3597 margine
734 3513 1057 3593 sonpsissoadditiones
1071 3529 1138 3571 eum

81 3595 258 3680 ratispon
279 3594 355 3674 olio,
380 3598 441 3660 sive
465 3601 498 3660 P.
524 3595 587 3664 utto
605 3606 639 3660 ut
662 3596 878 3680 significarent,
903 3613 936 3656 oa
961 3594 1053 3673 sapito
1079 3611 1142 3654 esse

78 3677 235 3741 mbuoanda
245 3687 312 3760 post
326 3697 375 3754 aa,
388 3699 454 3758 qus
465 3681 620 3742 Gratianus
634 3681 803 3760 scripserat3
822 3695 923 3740 errore
936 3685 1034 3738 autem
1048 3675 1141 3736 libra-

77 3759 182 3823 riorum
206 3781 242 3822 ex
266 3763 301 3822 iis
323 3761 421 3822 verbis
440 3761 577 3842 deinoeps
599 3763 708 3824 sautum
726 3779 787 3822 esse
806 3757 906 3822 Paleas
924 3776 1041 3820 nomen.
1063 3754 1141 3818 Vide

77 3843 179 3903 tutuo.
193 3845 351 3925 Augustin.
367 3841 403 3904 de
416 3843 562 3906 mensu.
580 3845 717 3906 Grotiou.
730 3841 779 3905 to.
800 3845 814 3905 t
833 3838 945 3924 diolop.
961 3841 1064 3921 ἤρας.
1081 3837 1136 3912 26,

75 3931 103 3981 et
119 3933 199 3986 nutas
214 3927 245 3987 in
267 3927 406 3987 eumdem
419 3925 530 4002 loeurn²
549 3925 599 3987 ubi
622 3923 666 3989 lit.
682 3945 713 3987 o.
729 3929 928 3988 Romanorum
941 3927 1139 3984 ourreoturum

73 4023 106 4066 er
117 4007 155 4068 de
166 4027 198 4070 re
204 4008 352 4090 judicium
367 4007 554 4070 describitur.
