3140 5168
794 447 1016 519 —572-

365 597 558 668 monasteria
596 593 838 694 Mesopotamiae
874 621 910 667 ac
950 593 1135 668 Palaestiuae
1167 591 1443 665 consuetudinem

365 694 585 782 induxerunt,
616 709 653 764 ut
687 694 837 766 monachi
866 694 944 767 hora
987 697 1103 782 tertia,
1148 707 1235 764 sexta
1272 707 1307 763 et
1347 717 1442 763 noua
1545 691 1546 738 ³

362 791 492 888 publice
523 793 761 884 convenirent,
801 808 838 862 ut
880 817 991 890 preces
1021 791 1199 862 funderent
1228 791 1441 890 psalmosque

363 905 517 962 canerent
549 887 616 984 (ἢ).
641 887 706 960 Sed
735 891 884 962 noudum
914 906 984 962 erat
1009 915 1132 962 novum
1163 887 1297 988 aliquod
1324 905 1443 958 msto·

364 991 471 1058 tinum
510 989 747 1079 ministerium,
777 987 968 1060 distinctum
997 987 1039 1058 ab
1066 989 1202 1084 antiquo
1239 985 1327 1084 quod
1359 1003 1442 1058 unte

363 1085 471 1156 lucem
493 1085 719 1182 peragebatur.
754 1087 823 1158 lloc
859 1090 1005 1186 primum
1031 1089 1068 1160 in
1098 1089 1292 1158 monasterio
1324 1082 1443 1155 Bem-

365 1181 549 1254 lebemitico
587 1185 771 1258 institutum
812 1201 880 1276 est,
929 1211 972 1255 ne
1016 1183 1168 1256 monachi
1208 1199 1281 1280 post
1321 1181 1442 1252 laudes

364 1306 401 1350 us
427 1306 467 1352 ue
507 1279 548 1350 ad
595 1280 706 1352 horam
751 1285 879 1354 tertiam
915 1285 1035 1354 inertes
1077 1297 1110 1352 et
1146 1281 1353 1354 somniculosi
1406 1282 1442 1351 iu

364 1307 450 1449 celiis
469 1381 634 1476 jacerent,
665 1407 741 1451 cum
765 1407 819 1454 eos
847 1381 936 1452 nulla
977 1397 1155 1452 conventus
1193 1381 1365 1452 necessitas
1400 1379 1443 1448 ad

363 1503 474 1571 preces
505 1475 639 1548 vocabat
675 1479 742 1576 (ὅ).
777 1479 927 1576 Denique
962 1477 1231 1575 completorium,
1262 1476 1354 1574 quod
1386 1502 1443 1548 ro·

364 1591 474 1665 catur,
512 1589 549 1644 ut
592 1575 780 1647 distinctum
810 1604 829 1647 a
859 1579 1062 1673 vespertino,
1096 1602 1154 1646 seu
1181 1573 1338 1648 lucernali
1373 1579 1444 1646 mi·

363 1675 514 1762 nisterio,
544 1675 684 1745 instituit
696 1673 731 1746 S.
776 1674 989 1766 Benedictus,
1039 1690 1077 1745 ut
1122 1673 1294 1763 monachi,
1332 1674 1442 1745 finitis

364 1769 428 1840 diei
450 1771 601 1868 operibus
626 1776 662 1844 in
688 1799 791 1844 unum
812 1773 960 1863 collecti,
994 1795 1106 1870 preces
1135 1771 1312 1871 laudesque
1338 1796 1442 1843 com·

365 1867 493 1962 plereut
525 1895 562 1940 ac
583 1870 720 1942 solemni
746 1875 811 1942 ritu
833 1870 1036 1943 absolverent
1056 1871 1122 1969 (l).

420 1990 447 2070 l)
465 1991 691 2135 iiiismim'
706 1997 784 2058 lost.
802 1992 916 2057 Conob.
938 1991 989 2057 lit.
1013 1998 1112 2078 desp.
1133 1997 1198 2077 lp.
1211 1997 1251 2056 50
1264 1993 1311 2056 ed.
1333 1996 1442 2056 Γαιη-

364 2081 475 2134 coorta
568 2119 575 2135 .

405 2152 447 2236 (2)
460 2157 587 2218 Cassian.
603 2154 658 2219 loc.
673 2159 726 2219 cit.
744 2155 794 2220 tit.
815 2161 917 2242 δρας.
934 2160 974 2222 52
988 2156 1035 2220 sd.
1051 2159 1100 2220 cit.
1108 2183 1121 2237 ,·
1136 2159 1261 2222 Tertull.
1277 2155 1312 2220 dc
1325 2159 1437 2242 Jejuas.

364 2253 430 2316 cop.
444 2239 483 2296 {0
493 2257 564 2320 paq.
580 2241 639 2302 sta
650 2238 719 2301 edit.
735 2241 836 2302 Poris.
855 2244 934 2303 ¹675
945 2287 954 2318 ,
967 2249 997 2300 et
1008 2244 1098 2320 Cypr.
1114 2239 1151 2302 de
1165 2244 1249 2302 Orat.
1266 2238 1343 2302 dom.
1354 2261 1438 2324 pay.

365 2319 424 2378 Ι180
434 2316 506 2381 edit.
521 2323 617 2383 Amat.
642 2325 722 2384 1700
735 2333 899 2384 memorant
913 2323 1001 2384 boras
1013 2325 1148 2400 tertiam,
1163 2331 1291 2398 sutum,
1304 2341 1438 2400 nouum,

363 2417 466 2460 verum
493 2421 552 2464 nou
581 2404 633 2465 bas
658 2405 746 2466 boras
772 2423 826 2485 pro
860 2405 985 2484 publicis
1016 2405 1216 2474 ecclesiasticis
1241 2403 1439 2468 censentibus

362 2483 532 2545 constitutas
557 2485 646 2547 luisse
672 2487 816 2548 scribunt.
847 2489 898 2548 ilis
925 2487 1046 2567 quidem
1067 2487 1165 2564 boris,
1190 2485 1337 2548 christiani
1362 2489 1439 2565 pri-

363 2563 453 2624 vatim
484 2583 584 2646 preces
610 2569 721 2630 fudisse
747 2569 901 2645 videntur,
937 2570 1074 2649 deinceps
1108 2588 1179 2632 vera
1208 2569 1264 2628 illu
1288 2588 1303 2627 s
1331 2587 1440 2630 mons·

363 2645 439 2722 chis,
461 2657 494 2708 ut
514 2649 647 2729 plerique
672 2652 802 2712 sentiunt
829 2651 886 2711 viri
914 2651 1009 2726 docti,
1027 2652 1150 2732 publicis
1175 2650 1363 2712 conventibus
1379 2651 1440 2712 ad-

360 2725 446 2788 dicta
457 2739 536 2791 suut.
563 2733 638 2794 Vide
658 2737 719 2796 los.
742 2733 861 2793 Medum
879 2751 924 2815 ep.
941 2736 981 2794 66
995 2742 1025 2794 ct
1037 2738 1084 2796 Jo.
1109 2730 1437 2814 serenianum

363 2807 396 2869 in
408 2819 468 2871 oct.
488 2822 583 2894 apost.
609 2834 642 2876 n.
668 2817 730 2875 set
742 2816 773 2876 4.
796 2819 882 2878 Certe
902 2817 1015 2895 antiqui
1041 2819 1140 2878 Patres
1163 2817 1309 2891 ilicium,
1329 2816 1437 2895 mett,

363 2893 451 2974 Greg.
477 2897 625 2974 Nysscuus
653 2896 761 2976 aliique
782 2915 849 2959 saec.
875 2901 915 2959 tv
938 2899 1175 2978 scriptoreacum
1197 2905 1361 2958 memorant
1376 2897 1438 2960 ho-

361 2989 409 3034 ras
435 2977 602 3056 canonicos,
627 2987 743 3040 tantum
762 2978 919 3042 monachos
945 2981 1116 3059 rmpiciunt.
1141 2980 1248 3060 Chrys.
1274 2997 1363 3040 seras
1386 2982 1441 3042 IV

362 3053 398 3116 de
412 3059 587 3120 Aestatem.
615 3062 647 3120 l.
660 3079 692 3143 p.
719 3063 778 3122 757
801 3059 850 3123 cd.
865 3061 969 3124 Poris.
994 3065 1090 3139 atat,
1110 3061 1149 3124 de
1167 3063 1265 3122 tribus
1278 3061 1337 3122 diei
1351 3061 1437 3125 boris

362 3156 416 3216 pro
439 3139 564 3216 publicis
587 3145 778 3204 conventibus
809 3145 974 3204 constitutis
999 3145 1145 3224 loquitur3
1176 3162 1300 3221 verum,
1326 3153 1438 3223 praten

361 3221 535 3282 matutinam
556 3231 586 3284 ct
606 3228 816 3304 vespertinam,
836 3245 902 3306 que
923 3226 977 3286 alia
996 3229 1086 3289 luerit
1110 3225 1201 3304 bora,
1227 3243 1288 3287 nou
1310 3227 1435 3289 indicat.

362 3307 493 3366 Fortasse
509 3305 571 3382 jam
593 3315 663 3368 tune
687 3307 759 3369 bora
779 3327 855 3368 nonu
880 3308 910 3368 in
937 3309 1056 3371 ecelesia
1079 3312 1136 3371 CP.
1162 3308 1282 3369 inducto
1303 3317 1386 3387 erat,
1405 3321 1438 3371 et

361 3405 425 3447 eam
439 3387 559 3464 quidem
580 3387 688 3450 diserte
705 3391 890 3452 commendat
907 3389 969 3469 ipse
982 3392 1087 3472 Chrys.
1106 3394 1197 3452 Hom.
1210 3391 1230 3452 2
1244 3387 1283 3450 de
1294 3389 1436 3473 &script

361 3481 419 3532 oct.
439 3477 535 3549 apost.
553 3477 623 3532 tom.
647 3475 666 3533 5
687 3491 719 3532 n.
735 3477 755 3534 l
774 3491 845 3555 puy.
874 3474 911 3534 66
936 3471 982 3534 ed.
1000 3475 1101 3536 Porta.
1120 3475 1213 3548 1721,
1238 3479 1327 3551 atque
1342 3475 1437 3535 etism

361 3571 442 3616 conc.
458 3551 573 3612 Lacdic.
589 3571 657 3614 een.
675 3557 730 3630 18,
748 3557 890 3618 Gentiano
916 3556 1046 3617 liervero
1059 3557 1220 3634 interprete
1237 3555 1316 3633 apud
1336 3555 1432 3618 Labb.

361 3635 464 3698 toret
487 3632 541 3694 col.
568 3637 646 3696 {554
670 3635 740 3698 edit.
774 3637 873 3699 Versat.
899 3637 957 3699 Sed
980 3657 1047 3700 eum
1073 3639 1111 3700 de
1124 3635 1275 3698 monacbis
1299 3637 1436 3717 loquitur

361 3719 466 3796 Chrys.
489 3717 578 3776 Hom.
607 3719 646 3778 li
670 3715 767 3780 in'od
794 3721 872 3781 Tim.
888 3727 910 3780 t.
935 3722 968 3780 ll
998 3739 1071 3804 pap.
1098 3722 1157 3780 sta
1182 3739 1215 3780 n.
1232 3721 1267 3796 5,
1295 3737 1434 3800 expresse

359 3806 502 3862 memorat
520 3799 675 3860 matutinas
699 3820 733 3862 ac
755 3802 934 3882 vespertinas
955 3820 1077 3881 preces,
1105 3802 1266 3880 horamque
1287 3804 1432 3880 tertiam

359 3893 484 3956 sextam,
511 3899 630 3942 nonam.
656 3885 762 3966 Negari
785 3894 881 3945 tamen
903 3886 1018 3961 nequit,
1034 3884 1112 3964 quod
1128 3885 1292 3946 inricote
1314 3884 1347 3944 in
1361 3887 1433 3964 qui-

360 3965 483 4026 busdam
505 3963 631 4024 ecclesiis
651 3965 712 4045 jam
738 3965 836 4028 iudea
856 3964 897 4026 tv
907 3965 1012 4027 seculo
1033 3975 1150 4046 recepta
1170 3975 1232 4027 erat
1242 3965 1292 4025 illa
1306 3980 1362 4046 prc
1375 3983 1433 4046 pu·

359 4045 442 4108 blicis
461 4045 651 4107 conventibus
675 4049 814 4110 horarum
839 4046 1024 4124 distributio,
1052 4050 1096 4111 uti
1119 4055 1232 4110 constat
1252 4065 1288 4110 ex
1309 4057 1432 4111 auctore
