3102 5184
816 461 1040 532 -loo-

387 607 422 673 o
444 607 521 694 offic.
538 606 606 672 eoo.
627 605 679 672 to.
697 610 717 674 n
732 616 801 672 cm.
820 610 861 672 so
877 593 965 672 aar
979 627 1054 692 pop.
1079 609 1140 670 coo
1160 615 1188 670 o
1204 609 1267 672 ero
1284 603 1333 670 co.
1358 603 1462 667 aare.

388 697 482 768 1601,-
496 693 615 754 Rabano
631 690 667 752 dc
686 691 758 752 inat.
778 687 876 754 cleric.
901 688 953 752 tio.
973 693 986 752 1
1008 710 1076 774 cop.
1093 693 1133 752 26
1149 698 1221 754 tom.
1242 695 1262 754 6
1283 689 1392 773 pop-‘l
1414 687 1460 750 eri.

388 773 486 836 Colore.
508 777 604 850 16263
625 773 767 836 Leidrado
788 774 881 858 bugd.
905 771 942 834 de
961 773 1098 836 Sacram.
1119 775 1272 856 Baptism.
1296 792 1322 834 c.
1348 772 1363 831 1
1385 767 1464 850 apud

387 858 590 918 blubillonium
602 864 659 917 oct.
676 853 759 916 anal.
770 876 844 940 pop.
863 855 903 917 78
917 853 963 917 ecl.
980 855 1082 917 Paria.
1101 855 1194 917 1725.
1211 860 1319 919 Contra
1331 851 1464 932 plerique

387 939 570 1000 ecclesiastici
589 939 745 1017 scriptores
754 939 862 1016 passim
878 946 1031 1000 recensent
1045 946 1105 998 tres
1122 947 1174 999 aut
1184 949 1310 1018 quatuor
1327 933 1464 995 catechu-

388 1039 543 1082 menorum
558 1019 682 1102 gradus3
697 1037 764 1098 qum
782 1020 936 1082 diversitas
953 1020 991 1080 ad
1010 1028 1180 1099 temporum
1202 1030 1232 1081 et
1250 1021 1382 1080 locorum
1395 1033 1464 1077 usus

389 1103 543 1164 reserenda
560 1101 688 1162 videtur.
707 1101 828 1164 Probari
846 1111 944 1164 tamen
959 1103 1062 1181 nequit
1082 1101 1183 1182 opinio
1203 1107 1264 1166 los.
1291 1097 1462 1182 Ringhami,

389 1185 440 1262 qui
461 1182 512 1246 lib.
536 1187 576 1245 10
594 1184 677 1280 Orip.
701 1181 772 1246 eccl.
793 1203 861 1268 cop.
883 1187 903 1246 2
927 1182 953 1266 §.
981 1186 1001 1244 2
1085 1229 1093 1242 .
1115 1187 1154 1246 17
1178 1188 1284 1247 torma
1305 1179 1352 1244 cd.
1379 1177 1465 1242 Helm

390 1265 496 1349 Mopd.
510 1267 605 1338 1755,
621 1267 712 1328 alium
726 1267 840 1328 invenit
849 1266 974 1348 gradum
984 1276 1064 1327 antec
1086 1283 1280 1342 umenorum,
1293 1281 1396 1327 ennom
1408 1262 1463 1322 sci-

389 1349 457 1410 licet
470 1351 537 1428 qui,
558 1367 625 1409 cum
640 1349 672 1408 in
686 1365 745 1410 uno
761 1348 1038 1410 catechumenorum
1055 1347 1150 1429 gradu
1166 1356 1349 1429 pennensem,
1366 1344 1404 1405 ab
1418 1361 1463 1404 ec·

390 1430 475 1492 clesia
484 1431 718 1511 expellebantur,
730 1449 803 1510 quos
812 1431 876 1510 ipse
888 1435 1117 1512 εζωθουμενουσ
1129 1441 1228 1508 vocat,
1245 1439 1363 1508 sumpto
1381 1443 1462 1488 voca·

391 1517 460 1580 bulo
477 1539 494 1580 a
510 1539 590 1582 conc.
614 1523 774 1583 amemur.
790 1539 859 1580 con.
880 1517 970 1583 bcol.
991 1523 1052 1583 28l
1068 1530 1140 1582 tom,
1159 1519 1172 1576 1
1193 1510 1265 1576 coll.
1283 1511 1376 1575 llard.
1393 1511 1460 1576 cuo.

392 1601 508 1680 Porta,
520 1602 571 1664 ubi
585 1603 729 1664 sancitum
739 1609 783 1664 est
793 1601 873 1682 quod
883 1604 907 1666 si
917 1601 1040 1665 audiens
1050 1599 1214 1682 peccaverit
1226 1601 1390 1676 εζωθι-ἱσθω
1404 1599 1462 1659 lion

393 1701 456 1754 crat
468 1693 517 1752 hic
530 1692 806 1753 catechumenorum
819 1691 944 1773 gradus,
959 1692 1012 1753 sed
1033 1699 1098 1753 erat
1118 1687 1250 1768 expulsio
1263 1691 1294 1745 et
1313 1684 1416 1763 ejectio
1429 1682 1462 1742 ab

393 1775 472 1836 omni
489 1774 582 1856 gradu
602 1774 892 1850 catechumenorum,
912 1793 978 1853 qum
995 1774 1098 1836 eadem
1120 1769 1159 1832 de
1174 1767 1402 1850 paenitentibus,
1414 1770 1459 1843 qtri

394 1864 575 1935 peccassent,
591 1856 744 1936 disciplina
765 1855 928 1918 obtinebat.
945 1859 1006 1918 lloc
1021 1865 1120 1917 nmen
1137 1863 1201 1914 erat
1214 1851 1373 1912 documen
1389 1850 1461 1909 inter

395 1937 618 1998 catechumenos
633 1946 663 1997 et
675 1937 867 2018 prenitentes,
883 1938 963 2017 quod
983 1939 1004 1999 ii
1021 1955 1108 1999 sunm
1126 1935 1215 1996 ctiam
1236 1931 1384 1994 habebant
1400 1947 1463 2010 gra·

396 2019 467 2080 dum
494 2027 575 2080 extra
594 2019 756 2095 ecclesiam,
785 2037 845 2098 quo
866 2021 929 2081 loco
957 2029 1042 2081 erant
1059 2021 1177 2104 paea,
1198 2014 1251 2078 sed
1268 2011 1460 2075 catechumeni

397 2101 512 2162 nubum
531 2101 700 2179 hujusmodi
720 2101 846 2182 gradum
864 2102 1052 2178 obtinebant,
1070 2111 1102 2163 ct
1124 2099 1191 2161 ideo
1212 2115 1281 2158 cum
1293 2095 1331 2156 ab
1351 2093 1461 2155 ccclesia

397 2184 632 2263 expellebantur,
653 2185 829 2244 arcebantur
851 2203 867 2244 a
894 2184 1137 2245 catechumenatu
1158 2179 1406 2256 mittebanturque
1426 2173 1460 2234 ad

397 2266 477 2341 illos,
497 2283 570 2344 qnos
588 2266 707 2327 ecclesia
721 2265 758 2325 ab
775 2283 807 2326 sc
826 2283 945 2343 prorsus
959 2267 1069 2327 alienos
1088 2264 1225 2327 habebat.
1246 2261 1341 2324 Simili
1357 2259 1461 2320 ratione

397 2347 526 2426 synodus
545 2347 722 2408 Eliberitana
740 2345 978 2424 catechumenas,
998 2367 1064 2428 qum
1088 2347 1232 2410 haberent
1250 2351 1394 2416 cernuos,
1413 2345 1461 2399 out
1516 2423 1517 2426 1

397 2429 477 2490 viros
493 2429 671 2506 cinerarios,
693 2437 772 2491 arcet
793 2449 812 2489 n
834 2429 1211 2502 emmerammenses
1231 2427 1269 2488 ab
1286 2425 1415 2499 ecclesia,
1434 2428 1460 2478 et
1516 2429 1517 2484 ζ

398 2532 414 2572 a
438 2511 694 2587 catechumenatu,
714 2519 748 2572 ut
770 2529 838 2572 eum
857 2529 998 2573 canonem
1018 2521 1098 2575 recta
1125 2511 1249 2591 explicat
1272 2507 1459 2587 Alhnspinaeus
1516 2487 1517 2551 1

397 2614 471 2678 pop.
489 2596 548 2656 185
560 2593 609 2656 cd.
624 2597 723 2676 Ncnp.
739 2595 830 2656 1770.

447 2750 478 2852 1.
512 2751 634 2824 XXX.
667 2752 706 2822 ln
737 2754 804 2822 imo
831 2749 932 2847 gradu
968 2767 1061 2823 erant
1084 2753 1289 2840 oudiantes,
1321 2753 1342 2821 ii
1370 2749 1458 2819 nimi·

402 2875 494 2942 rum,
536 2853 593 2948 qui
631 2854 667 2921 in
705 2848 835 2921 eeclesia
876 2874 1042 2920 sermones
1085 2875 1253 2948 sacrasque
1300 2851 1458 2944 scripturas

400 2945 593 3034 audiebant,
637 2947 726 3019 unde
771 2973 883 3019 eorum
924 2973 1047 3020 nomen
1087 2947 1207 3019 sactum
1242 2963 1304 3019 est.
1341 2945 1405 3031 Qui
1431 2968 1457 3012 se
1515 2949 1516 3041 1

400 3045 552 3143 baptismi
605 3045 763 3118 desiderio
799 3047 903 3118 teneri
947 3047 1224 3142 significaverant,
1263 3045 1458 3140 signabantur

400 3148 491 3238 signo
523 3151 626 3214 crucis
653 3145 726 3242 (1),
753 3169 791 3216 ac
818 3169 976 3215 manuum
1006 3147 1212 3240 impositione
1249 3144 1322 3242 (2),
1357 3143 1457 3215 certis·

402 3269 467 3338 que
505 3243 654 3340 precibus
695 3242 750 3339 (5)
790 3241 1014 3313 catechumeni
1049 3243 1187 3314 fiebant.
1219 3243 1262 3313 Hi
1299 3255 1457 3340 praesentes

401 3365 470 3411 non
503 3357 615 3429 erant,
656 3367 732 3412 cum
770 3341 963 3411 sacrificium
1003 3341 1234 3437 peragebatur3
1280 3341 1336 3412 sed
1377 3339 1456 3410 finita
1514 3377 1515 3434 3

401 3441 632 3536 scripturarum
669 3439 881 3537 explicatione
924 3465 999 3510 cum
1035 3441 1173 3511 ethnicis
1213 3437 1367 3530 abibant,
1402 3435 1456 3507 cla·
1514 3437 1515 3529 1

401 3553 512 3608 mente
538 3537 696 3626 diacono,
739 3564 783 3610 ne
820 3541 902 3634 quis
928 3539 1177 3630 undantium,
1206 3565 1251 3610 nc
1283 3538 1364 3634 quia
1392 3529 1456 3626 insi

360 3729 366 3740 .
403 3637 535 3708 delium
552 3636 619 3732 (1).

444 3795 485 3878 (l)
507 3799 581 3878 hug.
602 3795 638 3858 dc
658 3794 769 3858 catech.
788 3796 858 3860 rod.
875 3817 941 3881 cop.
959 3800 998 3858 16
1015 3805 1086 3860 tom.
1105 3800 1123 3858 o
1140 3793 1194 3860 col.
1213 3799 1272 3860 295
1287 3795 1333 3860 ed.
1358 3797 1455 3860 Venti-2·

401 3877 603 3942 Theodoretus
617 3877 686 3940 bist.
699 3877 769 3941 eccl.
786 3878 807 3942 l.
824 3884 844 3941 1
859 3900 926 3963 cup.
945 3883 983 3941 l8
994 3899 1067 3962 pap.
1084 3883 1142 3942 169
1156 3879 1203 3942 ecl.
1218 3877 1359 3942 Contobr.
1381 3873 1453 3938 1710·
1513 3929 1514 3952 ,

403 3964 436 4020 ln
454 3963 574 4040 antiquo
591 3962 690 4023 codice
707 3964 874 4023 monasterii
892 3962 1060 4034 Bnbicnsis,
1079 3981 1169 4040 quern
1191 3961 1375 4025 hlabillonius
1388 3953 1455 4020 dedit
1513 3955 1514 4019 l

401 4039 520 4106 inmun.
533 4039 635 4107 Italic.
651 4052 722 4107 wan.
737 4046 889 4126 l,tumin
901 4045 1013 4124 fronte,
1025 4052 1090 4106 tum
1101 4045 1132 4106 in
1147 4045 1235 4107 corde
1249 4045 1365 4126 signum
1375 4033 1454 4103 crutis
