3134 5144
554 355 779 426 -all-

160 504 204 584 (2)
228 509 273 568 lta
298 504 493 566 subdiaconus
518 505 622 585 accipit
649 504 767 564 calicem
791 521 913 565 menum
941 511 976 566 et,
988 509 1123 584 putenam
1138 509 1191 569 'si-

120 589 232 650 militer
256 607 398 664 vamum,
420 587 573 668 acolythus
594 587 800 648 ceroferarium
822 605 889 648 eum
908 605 992 648 cerco
1013 595 1043 648 et
1065 591 1196 652 urceolos

120 689 241 748 vacuos,
268 671 361 731 lector
389 669 500 731 librum
528 670 732 750 epistolarum,
762 669 903 730 exorcista
929 669 1039 732 librum
1068 672 1196 734 exorcis-

123 772 257 824 morum‚
273 755 411 813 ostiarius
421 753 515 813 claves
528 761 558 814 et
571 753 672 813 lunem
693 769 909 832 campanarum.
933 755 967 814 ln
987 749 1197 816 subdiaconatu

121 843 212 915 atque
224 837 258 896 in
273 833 439 895 minoribus
451 834 606 896 ordinibus
621 833 700 894 nubs
712 833 871 896 adhibetur
882 851 1023 894 manuum
1037 833 1195 915 impositio,

121 927 153 978 et
168 918 257 996 plane
274 916 415 978 mendosa
432 925 478 977 est
496 918 613 998 vulgata
638 915 725 978 lectio
746 915 780 978 in
800 935 867 998 cop.
891 917 1200 980 tauromenum

121 1001 249 1075 iterum,
276 999 330 1060 ubi
353 1000 539 1060 innocentius
570 1002 610 1061 lll
641 999 730 1060 etiam
757 999 788 1060 in
816 997 1024 1060 subdiaconatu
1055 1017 1195 1062 manuum

122 1082 343 1160 impositionem
363 1081 530 1142 desiderare
551 1081 682 1142 uidetur.
702 1079 884 1161 iampridem
902 1081 982 1141 enirn
1006 1079 1198 1146 observarant

121 1165 179 1223 uiri
203 1163 333 1241 auditi,
348 1164 512 1243 prasertim
528 1163 673 1224 Antonius
692 1164 873 1244 Augustinus
890 1171 921 1223 et
936 1165 1106 1225 Emmanuel
1119 1169 1199 1228 Gon-

121 1247 199 1306 ntea
215 1246 250 1306 in
268 1256 333 1308 out.
350 1244 392 1307 ud
407 1244 478 1307 dict.
497 1263 563 1328 cop.
585 1247 619 1322 l,
636 1245 700 1306 loco
716 1243 945 1308 subdiaconatus
963 1245 1120 1326 legendum
1136 1265 1200 1310 csse

121 1325 330 1390 stamme.
361 1329 455 1391 Graeci
475 1336 573 1390 umen
596 1345 737 1388 manuum
759 1328 944 1408 impositione
959 1326 1151 1390 subdiaconos
1170 1339 1198 1390 et

120 1409 250 1470 lectores
270 1411 424 1487 ordinent,
447 1411 491 1471 uti
512 1409 639 1470 babetur
658 1410 691 1470 in
715 1413 770 1472 vll
789 1409 891 1470 mucii.
912 1411 1108 1471 Olicumenico
1129 1429 1197 1472 cuo.

122 1493 167 1552 lt
194 1500 267 1552 tosa.
294 1489 390 1553 ticol.
413 1495 494 1554 1258
519 1489 631 1553 collect.
658 1488 777 1552 labbei.
802 1493 903 1554 Ritum
931 1491 1009 1552 bunc
1036 1509 1197 1572 grecorum

122 1593 143 1632 a
160 1573 323 1634 latinorum
338 1575 398 1636 ritu
420 1575 570 1636 diversm
588 1574 619 1633 in
638 1573 823 1636 ordinatione
844 1573 1090 1636 subdiaconorum
1111 1583 1200 1654 utque

121 1655 292 1730 lectorum,
315 1656 378 1718 ride
403 1655 437 1717 iu
458 1653 637 1738 li'uabclopt'o
662 1657 760 1719 Goorii
844 1701 850 1716 .
875 1657 935 1718 253
956 1665 984 1718 et
1008 1657 1068 1717 tlt
1094 1658 1194 1718 Paria.

126 1737 232 1814 5647,
256 1745 283 1798 et
307 1737 338 1800 is
359 1736 453 1802 codiee
476 1737 608 1822 liturpic.
635 1739 795 1800 Assemanai
835 1736 873 1800 ib.
902 1740 1007 1822 dpur.
1027 1739 1135 1820 lpop.
1160 1742 1198 1802 55

122 1828 157 1879 et
168 1837 303 1982 (575566
316 1903 485 1978 Pontifiote
505 1907 627 1966 Roman.
648 1909 732 1986 port.
756 1905 770 1965 l
793 1903 838 1964 tit.
858 1905 877 1964 5
894 1911 923 1964 ct
939 1920 1058 1986 sequen.
1071 1923 1144 1986 pop.
1161 1907 1200 1967 tt

120 1991 152 2042 et
166 2002 230 2068 roq-
250 1991 322 2046 torn.
347 1987 381 2062 l,
404 1985 475 2048 edit.
502 1981 643 2047 Catuluoi
661 1985 761 2046 none
785 1985 1201 2060 Heautontimorumeno·
1226 2043 1231 2054 ,

120 2067 251 2146 §nense
278 2071 318 2128 tv
347 2069 426 2146 apud
454 2069 625 2131 Gratianum
650 2084 718 2126 eoo.
746 2067 784 2127 to
807 2071 931 2152 sequen:
957 2065 1027 2128 dist.
1055 2071 1112 2145 255
1140 2073 1201 2132 Eu.

119 2150 315 2293 3521}an
341 2149 373 2208 in
395 2151 512 2212 decmto
526 2146 630 2212 concil.
651 2143 781 2210 Floreat.
798 2149 878 2229 apud
900 2149 1047 2212 labbeum
1068 2159 1139 2212 tom.
1162 2155 1199 2213 l8

168 2423 205 2526 ς.
251 2421 296 2493 vl
338 2423 462 2520 Dignus
494 2421 696 2495 ordinatione
724 2421 814 2496 locus
842 2437 891 2493 est
922 2422 1053 2494 ecclesia
1084 2424 1197 2496 cathe-

116 2521 249 2612 dralis,
278 2520 398 2618 iliaque
431 2525 526 2594 certis
563 2523 717 2618 statisque
748 2521 862 2591 diebus
890 2517 962 2591 fieri
1001 2520 1099 2592 debet
1129 2523 1144 2619 (
1169 2525 1195 2620 ).

118 2621 273 2718 Majores
303 2619 432 2691 ordines
454 2620 508 2692 die
539 2617 671 2688 Sabbati
706 2621 741 2688 in
775 2617 926 2690 omnibus
957 2635 1097 2716 quatuor
1124 2624 1201 2690 anni

114 2717 331 2816 temporibus
360 2717 435 2815 (2),
470 2745 507 2790 ac
543 2715 685 2790 Sabbata
721 2731 832 2788 saneto
877 2730 911 2786 ct
949 2713 1090 2788 Sabbato
1126 2734 1201 2789 ante

113 2817 326 2890 dominicam
358 2817 512 2912 passionis
543 2815 597 2911 (5)
625 2817 710 2887 inter
742 2817 912 2885 missarum
941 2815 1098 2886 solemnia
1125 2841 1201 2888 con·

113 2917 294 2987 seruntur.
336 2911 403 3000 Qui
440 2930 529 2986 extra
567 2929 685 2984 statuta
735 2927 882 3011 tempore
928 2939 1031 2985 sacrm
1072 2913 1201 2986 ordines

117 3014 296 3109 suscepit,
337 3037 451 3084 corum
495 3009 684 3084 muneribus
710 3011 801 3106 iungi
831 3009 906 3108 (d),
937 3027 971 3083 et
1007 3013 1197 3109 episcopus,
1287 3025 1291 3032 '

112 3114 178 3280 tl
208 3107 1022 3304 lt)”il„itimatitialtlttltllli
1041 3109 1200 3280 ltili}

112 3321 296 3406 precepto
323 3309 418 3377 etiam
450 3322 540 3378 extra
565 3309 712 3396 mnsam,
740 3303 796 3375 sed
816 3318 891 3376 ante
922 3305 1090 3376 meridiem
1115 3331 1200 3379 con·

110 3407 283 3477 feruntur·
310 3403 382 3501 (6);
417 3421 550 3476 masura
581 3419 689 3474 autem
722 3427 931 3500 quocumque
965 3403 1058 3495 loco,
1098 3404 1196 3495 bora,

114 3505 189 3578 die.

155 3699 207 3783 (5)
234 3699 343 3760 Conari.
360 3699 567 3762 Tridentinum
586 3718 657 3762 sesa.
680 3702 720 3761 25
741 3701 843 3782 rapti
866 3697 902 3762 de
923 3697 1047 3780 reform.
1071 3701 1144 3761 cum
1160 3697 1198 3758 ab

107 3781 255 3847 ethnicis
268 3789 423 3842 vexaretur
436 3783 570 3861 sedecia,
587 3782 675 3842 ctiam
690 3785 721 3842 in
739 3782 860 3861 privatis
874 3780 987 3843 aedibus
1001 3780 1199 3842 ordinationes

105 3863 360 3948 peragebantur,
385 3867 416 3926 S.
445 3867 606 3944 Cyprianus
630 3864 715 3944 epist.
739 3866 795 3940 55,
821 3865 876 3941 55,
901 3865 940 3924 68
959 3881 1032 3944 pop.
1055 3863 1110 3938 59,
1139 3863 1195 3938 66,

108 3951 198 4026 m,
228 3944 301 4006 edit.
317 3943 441 4028 liupoltii
459 3945 560 4008 Paris.
588 3947 677 4008 root.
699 3946 757 4008 Sed
777 3952 843 4024 post
862 3963 895 4006 ea
912 3953 1042 4022 tempora
1055 3943 1198 4094 ffinstitu-

229 4051 306 4096 τοι.
338 4053 359 4096 ι.
