3140 5168
790 427 1013 498 -552-

368 579 565 660 disciplinam,
590 585 623 640 ut
644 577 757 657 nuptiae
779 595 840 640 non
853 578 944 650 clam,
966 577 1018 640 sed
1036 575 1153 656 publice
1173 577 1205 640 in
1221 576 1295 638 lacie
1309 576 1443 640 ecclesis.¹

367 681 465 726 coram
493 661 631 738 testibus,
651 667 681 720 et
704 659 743 720 de
766 659 862 739 cpiaoo
884 659 892 720 i
916 659 1060 722 sententia
1084 658 1327 734 nominarentur,
1356 659 1445 720 lreile

367 745 514 827 colligitur
527 761 563 804 ex
579 746 610 804 S.
633 743 747 824 lgnatio
765 761 811 826 sp.
892 739 1087 824 Policnrpnm
1108 761 1141 804 a.
1160 743 1193 820 b,
1217 739 1297 820 apud
1313 743 1441 804 coteler.

369 829 438 890 BP.
457 827 560 908 Apoat.
576 833 647 886 lom.
673 823 776 907 Ἄρας.
800 822 881 886 tect.
905 823 970 902 cit„
987 831 1017 884 et
1039 821 1165 886 Tertull.
1191 820 1213 884 l.
1236 825 1255 885 ἓ
1281 823 1321 885 od
1347 825 1443 884 Uxor.

368 927 400 970 a.
426 911 460 984 8,
476 903 701 969 etdePodicit.
721 907 844 968 numi
861 923 936 990 pop.
954 907 1010 968 lll
1038 915 1066 968 ct
1085 907 1145 968 557
1164 903 1210 967 cd.
1242 907 1317 968 Van.
1346 906 1440 967 alta.
1524 937 1526 941 ·

368 989 477 1054 Eadem
501 997 545 1050 est
559 987 711 1068 disciplina
732 987 767 1050 in
780 1007 850 1048 ¹ciart.
878 991 897 1048 ἢ
917 1007 984 1071 cop.
1001 989 1041 1050 50
1054 1005 1107 1071 pu.
1132 991 1167 1064 5,
1191 1005 1279 1066 quem
1296 1005 1443 1050 cannam

367 1071 500 1152 exemplo
521 1070 684 1132 Burcberdi
706 1078 736 1131 ct
750 1071 863 1146 lvonis,
886 1071 1049 1132 Hormisdae
1066 1073 1100 1132 P.
1123 1069 1196 1131 falso
1212 1070 1369 1132 Gratianus
1387 1069 1444 1130 ad·

367 1156 485 1230 scribit3
501 1153 602 1214 eadam
624 1153 655 1212 in
670 1152 877 1232 capitularibus
900 1171 1005 1234 rogum
1019 1155 1123 1215 Franc.
1142 1147 1193 1213 lib.
1210 1154 1312 1234 ticop.
1336 1152 1398 1214 155
1413 1159 1444 1212 ct

368 1235 419 1300 lib.
445 1239 462 1298 7
483 1253 550 1316 cop.
571 1237 630 1297 llll
645 1243 716 1296 wan.
739 1237 753 1296 l
773 1231 829 1296 cot.
852 1236 912 1296 652
926 1244 954 1296 ct
973 1237 1032 1296 loa
1047 1232 1094 1296 sd.
1109 1231 1237 1296 Bolaaii
1253 1236 1326 1298 Van.
1343 1236 1440 1309 1772,

368 1328 398 1379 ct
413 1319 444 1380 iu
465 1317 625 1380 canonibus
647 1319 724 1378 lsaac
737 1317 825 1396 episc.
845 1317 1036 1399 Lingonensis
1057 1315 1103 1377 tit.
1120 1317 1180 1378 bc.
1195 1317 1233 1391 o,
1255 1317 1334 1396 apud
1349 1315 1441 1379 labb.

369 1409 392 1462 t.
410 1404 450 1463 lo
463 1397 519 1462 col.
535 1402 575 1460 ib
597 1396 645 1460 ad.
669 1399 769 1461 Versat.
791 1401 907 1475 Quanta
921 1417 990 1460 vero
1003 1399 1042 1460 ait
1058 1397 1165 1460 bamm
1184 1397 1445 1460 denuntiationum

370 1483 497 1561 utilitas,
517 1481 572 1561 ipsi
597 1481 686 1542 etiam
704 1489 898 1560 protestantes
918 1489 1083 1554 noverunt,
1107 1480 1159 1560 qui
1183 1481 1310 1542 cassula
1329 1479 1447 1562 legibus

371 1565 482 1645 pluries
502 1565 730 1638 confirmarunt,
749 1564 794 1624 uti
811 1563 970 1625 ostendunt
990 1561 1180 1625 llenckaniua
1193 1560 1230 1624 de
1250 1563 1354 1625 ornias.

368 1644 462 1710 dnm.
473 1644 590 1710 mend.
607 1641 692 1707 rica.
708 1647 772 1723 l,et
783 1645 955 1708 lioebmerua
964 1645 1037 1707 lor.
1046 1641 1173 1728 mmcd.
1187 1652 1258 1707 aest.
1271 1647 1357 1708 iob
1369 1581 1447 1727 w

1286 1842 1387 1875 mm:-

1294 1894 1304 1921 ι’
1315 1895 1331 1921 's‘
1341 1879 1383 1921 ¹OE
1418 1920 1421 1921 a

1287 1923 1394 1941 *tubat-:v

1288 1944 1305 1971 rii
1315 1946 1332 1972 ιί
1343 1944 1359 1971 dt
1370 1944 1388 1972 μ’·
1400 1888 1439 1981 3*

1401 2004 1413 2017 Ἰ1

1397 2022 1405 2034 Ι

755 2175 970 2264 storto
1008 2177 1063 2264 Χ.

673 2374 712 2439 ,bc
733 2375 916 2459 inpedimentis
938 2377 1133 2460 inpellentibus

369 2677 494 2756 cxliiii.
523 2678 641 2757 ¹antiqua
683 2681 856 2750 impedimenta
903 2681 908 2790 Ι
945 2683 1281 2754 Cllbllbllodieqtmsint?

438 2741 595 2812 impedientia
608 2747 679 2815 plura
690 2765 800 2800 nurnero.

783 2863 814 2966 p.
844 2863 1024 2938 cxnvrn.

419 3009 630 3084 lurnnrurura
666 3011 875 3110 impedientia
908 3039 975 3085 ease
1008 3013 1166 3107 diximus,
1190 3041 1265 3114 quar
1290 3035 1443 3092 contrac-

369 3125 441 3180 tum
478 3112 722 3184 matrimonium
771 3137 839 3184 non
890 3111 1064 3202 dirimunt,
1098 3113 1156 3185 scd
1208 3129 1340 3187 tantum
1365 3141 1443 3190 con·

368 3203 567 3280 trahendum
609 3209 805 3306 impediunt.
847 3207 934 3280 Sunt
970 3212 1070 3306 igitur
1108 3238 1183 3284 cum
1220 3212 1269 3284 bis
1295 3215 1441 3304 impedi·

370 3305 489 3374 mentis
524 3308 633 3377 minus
680 3305 857 3378 laudabiles
902 3325 935 3379 ct
967 3311 1077 3380 minus
1114 3309 1258 3383 honestae
1293 3317 1440 3412 nuptia,

368 3401 468 3474 irritae
506 3428 581 3474 varo
621 3429 690 3476 non
728 3422 817 3478 sunt.
855 3405 993 3504 Magnus
1036 3407 1114 3479 olim
1152 3408 1270 3482 horum
1303 3411 1442 3510 impedi-

368 3517 556 3574 mentorum
587 3528 756 3576 numerus.
796 3503 882 3577 Nam
902 3531 977 3576 reus
1009 3509 1162 3601 gravioria
1201 3511 1368 3600 criminis,
1408 3527 1444 3584 et

369 3602 427 3696 qui
461 3597 626 3696 publicam
678 3601 794 3697 agebat
836 3605 1063 3700 poeuitentiam
1101 3631 1120 3675 a
1158 3607 1282 3704 nuptiis
1312 3607 1444 3680 meaba-

367 3711 422 3766 tur
451 3698 525 3795 (1);
567 3723 629 3770 noc
681 3699 799 3798 puellae
839 3701 965 3772 nubere
1011 3719 1158 3799 poterat,
1200 3708 1258 3802 qui
1293 3731 1367 3778 eam
1399 3706 1441 3777 ad

367 3793 574 3867 christianam
617 3795 806 3895 religionem
847 3801 1054 3894 instituerat,
1104 3804 1160 3902 qui
1199 3803 1349 3901 patrinus
1383 3831 1442 3876 cn·

370 3891 517 3964 techismi
538 3893 717 3967 dicebatur.

408 4013 451 4096 (l)
473 4020 547 4078 Con.
566 4020 595 4094 5,
614 4020 651 4080 li
667 4027 778 4102 etseq„
793 4037 860 4102 cop.
876 4022 915 4082 55
929 4041 960 4104 q.
976 4023 1006 4100 2,
1021 4042 1048 4084 c.
1063 4021 1129 4086 ilde
1139 4043 1220 4106 pun.
1236 4033 1265 4087 ct
1278 4025 1397 4088 remiba.
