3100 5182
421 544 527 613 niores
557 540 718 637 episcopi,
751 540 809 635 qui
836 537 1013 611 cardinales
1039 537 1118 610 dicti
1149 554 1248 630 sunt,
1276 554 1481 638 posteaquam
1533 573 1534 596 κ

418 638 626 710 Lateranensi
674 636 819 710 basilicae
860 637 1012 735 adscripti
1055 638 1211 725 fuerunt,
1260 638 1382 735 quique
1426 665 1480 710 suo
1533 651 1534 724 Ξ

421 764 489 810 non
521 737 643 808 desunt
675 739 804 807 muneri
838 738 1058 834 episcopatus,
1091 735 1168 806 licet
1197 736 1314 808 Romae
1340 762 1484 810 cummo-
1533 745 1534 810 ἒ

421 851 550 924 rentur,
586 849 780 906 ut·summo
807 833 961 905 Pontifici
999 859 1096 931 opem
1129 834 1299 931 praebeant
1336 838 1372 906 in
1399 839 1483 931 regi·

419 937 511 1005 mine
538 931 677 1004 ecclesiae
703 935 874 1004 universas.
899 933 942 1003 Hi
962 932 1041 1005 olim
1068 947 1162 1004 erant
1180 949 1304 1030 septem
1327 959 1483 1025 numero,
1533 929 1534 1014 l

421 1058 542 1130 nempe
585 1029 742 1102 Ostiensis
792 1030 963 1103 Veliterno
1009 1033 1225 1130 conjunctus,
1277 1029 1482 1118 Portuensis,
1533 1047 1534 1120 g

420 1130 586 1220 Albanus,
617 1129 855 1220 prenestinus,
891 1128 1050 1221 Sabinus,
1083 1129 1283 1202 Tusculanus
1316 1145 1349 1201 et
1381 1128 1483 1202 Sanc-

421 1245 464 1300 tae
489 1227 638 1317 Rufina,
667 1254 721 1299 seu
748 1225 845 1299 Silvae
872 1227 1049 1315 Candidae3
1073 1227 1131 1299 sed
1154 1231 1340 1326 episcopatu
1365 1245 1482 1302 sanctae
1533 1295 1534 1316 ,

421 1325 552 1398 Rufinae
576 1351 652 1397 cum
680 1325 853 1398 Portuensi
880 1329 1077 1426 conjuncto,
1109 1352 1164 1398 sex
1189 1325 1287 1399 hodie
1311 1353 1482 1399 recenseri·
1533 1339 1534 1398 Ξ

422 1441 478 1495 ur
514 1421 583 1522 (a).

461 1570 504 1653 (i)
524 1575 568 1634 De
584 1572 725 1650 episcopis
742 1572 938 1634 cardinalibus
951 1572 1160 1634 suburbicariis
1178 1571 1321 1633 videndus
1335 1573 1486 1634 Andreae·
1533 1573 1534 1632 ξ

422 1655 484 1714 cius
506 1651 650 1715 hierarch.
676 1651 773 1716 eccles.
800 1663 883 1715 tract.
906 1657 942 1732 5,
975 1655 1149 1718 stridendi
1173 1655 1352 1715 suntetiam
1380 1657 1486 1716 Panri-
1533 1653 1534 1664 ¹

422 1737 504 1812 nius,
529 1737 578 1813 qui
599 1736 657 1795 late
673 1737 733 1816 agit
754 1732 789 1796 da
812 1735 1036 1820 episcopatibus,
1055 1735 1168 1810 titulis,
1189 1734 1329 1798 diamuiis
1347 1736 1486 1798 curdino-
1533 1739 1534 1768 ³

423 1816 509 1890 lium,
521 1826 552 1878 et
565 1821 712 1898 Tamagna
725 1811 779 1878 loc.
793 1816 844 1878 cit.
858 1836 924 1900 cap.
940 1821 1029 1880 bort.
1046 1823 1076 1881 5.

848 391 1069 462 -170-

471 1961 502 2062 δ.
531 1961 659 2034 XXVI.
699 1959 870 2034 Ornarunt
907 1963 1088 2061 plurimum
1117 1961 1288 2036 cardinales
1320 1961 1491 2034 iunocen—
1533 2037 1534 2050 ,

423 2063 488 2132 tius
519 2060 569 2131 IV
594 2075 628 2132 ct
652 2059 772 2130 Paulus
798 2061 830 2134 Il
853 2059 925 2157 (l),
955 2087 1096 2160 quorum
1125 2061 1206 2132 alter
1230 2060 1318 2131 dedit
1344 2059 1489 2132 rubrum
1533 2075 1534 2128 ἴ

424 2160 593 2257 galerum,
623 2157 704 2229 alter
732 2157 872 2230 rubrum
899 2185 1068 2256 pannum,
1098 2184 1164 2256 quo
1195 2162 1373 2256 equitantes
1402 2177 1491 2230 ster·
1533 2177 1534 2236 l

423 2274 541 2330 nerent
573 2281 693 2354 equos,
725 2256 852 2355 aliaque
881 2257 1014 2328 honoris
1045 2260 1198 2353 insignia,
1233 2283 1306 2354 qnae
1367 2259 1491 2326 dmum

423 2354 640 2428 cardinalibus
684 2380 723 2424 cx
763 2354 849 2428 clero
891 2356 1035 2427 seculari
1077 2355 1151 2426 data
1196 2373 1290 2445 sunt,
1336 2283 1493 2454 deinceps
1533 2415 1534 2430 2

424 2453 600 2548 Gregorius
635 2451 717 2524 XIV
751 2453 806 2552 (ἢ)
837 2457 935 2524 etiam
965 2453 1166 2548 regularibus
1198 2454 1335 2526 rubrum
1364 2453 1493 2550 pileum
1533 2435 1534 2524 l

424 2553 583 2622 attribuit.
629 2551 779 2648 Denique
818 2551 969 2622 Urbanus
1001 2551 1080 2621 Vlll
1111 2578 1164 2624 eos
1202 2551 1295 2624 titulo
1326 2557 1494 2624 emiuea-

424 2655 555 2724 tissimi
598 2648 791 2721 honestavit.
843 2650 988 2721 lncertus
1034 2649 1112 2721 olim
1153 2665 1187 2720 et
1225 2653 1330 2720 rarius
1373 2675 1493 2720 eorum
1533 2631 1534 2720 l

425 2773 581 2820 numerus
601 2748 663 2818 suit
689 2745 765 2844 (5),
790 2773 880 2819 nunc
908 2751 1109 2845 septuaginta
1132 2773 1198 2820 esse
1218 2747 1360 2836 debent,
1387 2773 1494 2844 quem

423 2871 598 2917 numerum
646 2843 796 2916 definivit
840 2845 950 2917 Sixtus
995 2845 1047 2936 V,
1090 2847 1238 2944 exemplo
1286 2849 1496 2942 septuaginta

424 2941 613 3032 Saniorum,
649 2967 730 3040 quos
766 2969 876 3015 secum
912 2947 1083 3042 assumpsit
1115 2943 1242 3044 Moyses
1277 2943 1344 3040 (4),
1390 2960 1498 3041 atque

425 3067 464 3112 ex
490 3043 528 3110 iis
553 3042 790 3138 quinquaginta
817 3058 948 3140 oportet
979 3068 1045 3114 esse
1077 3043 1304 3142 presbyteros,
1338 3041 1499 3113 diaconos
1533 3043 1534 3118 l

424 3137 688 3234 quatuordecim,
717 3141 883 3238 episcopos
913 3165 985 3231 sex,
1012 3167 1052 3212 ex
1081 3140 1305 3230 vicinioribus,
1334 3142 1382 3210 uti
1411 3139 1501 3210 dixi·

425 3261 516 3325 mus,
554 3237 802 3334 episcopatibus.
1533 3233 1534 3328 l

464 3399 507 3482 (1)
528 3400 633 3462 Confer
651 3399 875 3463 'thomassinum
898 3403 958 3465 Vet.
977 3411 1003 3464 et
1020 3422 1087 3465 auo.
1108 3400 1173 3465 eccl.
1195 3401 1356 3498 dissipatio,
1377 3419 1459 3482 pur.
1484 3409 1497 3464 t
1533 3425 1534 3486 p

425 3479 476 3542 tit.
500 3484 519 3542 2
539 3500 564 3542 c.
594 3484 650 3543 115
675 3502 761 3544 aum.
777 3485 810 3554 7,
831 3493 861 3545 et
880 3483 1050 3548 Michablem
1066 3485 1240 3548 cunensium
1262 3505 1293 3546 ru
1313 3481 1372 3545 cita
1394 3485 1506 3548 Pauli
1533 3487 1534 3560 l

424 3565 458 3624 11
471 3563 603 3624 editama
616 3564 755 3626 cardinali
770 3567 905 3643 Quirino.
1533 3567 1534 3636 l

476 3645 505 3726 b)
528 3647 648 3708 Constit.
668 3647 878 3710 Sanctissimae
893 3650 932 3710 Ὦ
945 3667 1014 3731 pap.
1033 3650 1095 3710 ⁶276
1114 3657 1182 3710 tom.
1206 3651 1223 3710 5
1244 3649 1341 3730 paul
1365 3645 1505 3712 Bullur.
1533 3639 1534 3726 l

476 3727 506 3808 5)
527 3727 603 3788 Vide
625 3747 658 3788 ca
673 3729 710 3788 de
729 3747 763 3790 re
777 3730 999 3792 Thomassinum
1024 3730 1076 3792 loc.
1093 3731 1140 3792 cit.
1165 3749 1229 3812 cap.
1254 3733 1312 3791 lib
1326 3749 1415 3792 aum.
1439 3736 1505 3796 15.

426 3821 456 3872 ct
478 3811 593 3906 Pistum
615 3807 650 3871 de
674 3809 839 3907 Cordiuplis
860 3809 1017 3908 dipuiuet
1033 3809 1108 3894 offic.
1132 3831 1196 3894 cop.
1219 3813 1238 3874 2
1260 3811 1286 3893 §.
1313 3815 1329 3873 b
1351 3831 1428 3895 puy.
1461 3819 1507 3876 58

425 3902 452 3955 ⁶‘
465 3891 1278 4060 {caeduallattttusttp,
1294 3977 1352 4038 aa
1366 3975 1508 4041 aa
