3164 5174
607 453 828 578 ..aar-

172 629 335 728 regulares
368 631 445 728 (5),
478 632 581 730 iisque
609 657 677 704 sese
712 648 787 704 roto
820 631 1023 729 obstringere
1056 631 1130 728 (4);
1166 634 1251 706 alte·

170 757 265 820 rum,
314 746 351 800 ut
386 733 524 828 quisque
561 729 754 826 profiteatur
794 729 942 802 ordinem
987 731 1029 800 ab
1065 732 1250 828 Apostolica

170 828 249 902 sede
274 828 492 926 approbatum
523 828 598 925 (5),
632 831 767 900 tertium
796 845 834 902 ut
867 827 984 901 domus
1021 853 1165 928 quaeque
1194 857 1250 902 re-

172 927 336 1024 gularium
362 953 436 999 suos
461 928 635 999 ministros·
651 926 770 998 habeat
795 941 830 998 ct
853 925 1044 1026 praefectos,
1073 953 1252 1026 omnesque

172 1028 231 1097 uni
263 1027 376 1122 capiti,
405 1043 574 1122 tamquam
608 1050 736 1096 summo
766 1024 978 1116 moderatori,
1012 1025 1248 1125 subjiciantur3

171 1139 350 1220 quartum,
377 1139 416 1196 ut
445 1123 600 1222 quaelibet
623 1122 823 1219 regularium
849 1123 970 1195 familia
993 1127 1163 1222 propriam
1189 1122 1251 1194 ha-

171 1221 249 1294 beat
268 1224 455 1312 ecclesiam,
478 1247 534 1292 seu
562 1221 737 1311 sacellum,
760 1221 817 1292 ubi
845 1247 914 1293 non
937 1221 1044 1294 solum
1070 1221 1117 1294 illi
1140 1245 1251 1320 preces

171 1319 243 1392 Deo
261 1319 418 1411 madent,
445 1319 619 1392 sedetiam
641 1321 809 1417 privilegio
833 1317 917 1390 sedis
942 1319 1139 1417 Apostolicae
1157 1321 1251 1390 litur-

172 1421 258 1512 giam
276 1416 458 1508 celebrare,
475 1434 509 1489 et
524 1417 620 1518 plura
636 1443 724 1490 sacra
746 1418 850 1490 saoere
865 1419 1009 1515 possint,
1028 1443 1104 1514 quae
1119 1421 1251 1518 propria

172 1531 251 1587 sunt
273 1515 480 1588 eeclesiarum
495 1515 732 1588 cathedralium
756 1532 790 1588 et
803 1514 1058 1613 parochialium,
1078 1519 1248 1613 quintum,

174 1631 213 1684 ut
241 1614 403 1710 regulares
431 1640 544 1688 omnes
568 1617 634 1686 sint
661 1616 804 1712 exempti
834 1613 875 1684 ab
907 1616 1050 1712 episcopi
1076 1629 1248 1711 potestate,

174 1728 210 1782 et
234 1711 301 1782 sedi
326 1712 520 1812 Apostolicae
548 1713 686 1812 subjecti
714 1712 783 1810 (6),
812 1709 902 1810 quod
924 1711 1173 1807 intelligendum
1203 1737 1250 1782 se·

177 1810 319 1882 cundum
345 1827 490 1882 mentem
518 1837 610 1884 conc.
643 1809 849 1902 Tridentini,
880 1825 915 1882 et
939 1815 1134 1882 recentiores
1161 1833 1249 1880 con-

178 1909 357 1980 stitutiones
391 1907 592 1981 Pontificum
624 1909 849 1982 Romanorum
881 1908 948 2004 (7).
986 1909 1033 1980 Ac·
1068 1909 1250 2008 praesertim

176 2009 317 2105 episcopi
342 2008 526 2104 jurisdictio
558 2033 624 2080 sese
656 2010 774 2079 exserit
805 2009 841 2078 in
875 2007 1037 2102 regulares
1066 2009 1251 2078 animarum

171 2129 284 2176 curam
307 2121 513 2196 exercentes,
542 2107 660 2204 quiin
688 2109 744 2196 iis,
774 2131 851 2204 quae
885 2105 927 2176 ad
959 2105 1043 2178 banc
1070 2131 1180 2178 euram
1215 2120 1249 2174 et

173 2220 448 2276 sacramentorum
477 2204 790 2275 administrationem
818 2206 1004 2300 pertinent,
1040 2203 1125 2274 illius
1154 2204 1251 2302 juris·

172 2300 322 2392 dictioni,
346 2305 517 2375 visitationi
540 2319 574 2374 et
598 2305 791 2374 correctioni
815 2300 1003 2374 immediate
1019 2301 1157 2372 subsunt
1177 2299 1244 2397 (8).

212 2621 255 2704 (t)
275 2625 420 2686 eastitatis
434 2631 536 2687 votum
549 2645 608 2687 non
624 2634 738 2688 tantum
753 2625 784 2686 in
799 2624 968 2704 eopositum
982 2631 1042 2699 est,
1055 2631 1088 2683 ut
1099 2623 1247 2702 regulares

173 2704 298 2766 domitas
312 2707 440 2768 babeant
452 2707 861 2787 libidines,quodobristianis
873 2705 1010 2767 omnibus
1024 2722 1179 2764 commune
1193 2715 1248 2782 est,

172 2805 276 2932 mn
291 2789 379 2850 etiam
394 2797 428 2850 ut
442 2807 473 2850 se
490 2809 507 2852 a
520 2791 633 2870 nuptiis
644 2791 821 2852 abstineant.
837 2791 929 2869 Agam
943 2805 977 2848 ea
991 2786 1029 2848 de
1042 2805 1076 2848 re
1089 2787 1203 2868 copiose
1217 2789 1249 2848 in

214 2951 256 3033 (t)
277 2954 347 3014 Tria
376 2953 561 3032 potissimum
592 2953 625 3014 in
653 2954 865 3016 monachorum
903 2951 1070 3016 obedientia
1103 2949 1249 3014 desiderat

173 3037 205 3096 S·
222 3035 332 3096 Bened.
357 3033 452 3118 regal.
468 3055 536 3119 cop.
555 3038 573 3097 b
595 3037 674 3117 apud
692 3037 823 3098 ttolsten.
842 3033 908 3097 cod.
929 3032 1025 3120 regal.
1046 3043 1116 3096 tom.
1138 3037 1153 3094 t
1174 3053 1247 3116 pap.

175 3118 250 3192 tte,
267 3117 377 3178 scilicet
393 3127 427 3178 ut
441 3119 575 3180 monachi
593 3126 715 3198 pareant
731 3119 792 3180 suis
806 3119 970 3198 prepositis
990 3117 1055 3178 siae
1072 3135 1172 3194 moro,
1189 3135 1250 3176 aon

175 3196 271 3280 tepide
283 3206 313 3260 at
322 3219 391 3260 etam
403 3199 476 3263 berto
491 3201 603 3261 oniaco.

216 3279 257 3361 (5)
280 3283 477 3361 paupertatis,
517 3301 605 3361 quam
634 3282 825 3363 profitentur,
859 3301 942 3343 causa
984 3279 1059 3341 nihil
1096 3281 1250 3360 proprium
1379 3287 1382 3294 “

175 3361 286 3423 babere
302 3372 424 3442 possunt
440 3365 589 3446 regulares
607 3372 637 3424 et
656 3365 768 3443 siquid
786 3365 843 3424 tale
858 3365 963 3442 aliquis
982 3363 1136 3438 babuerit,
1157 3363 1249 3422 invito

174 3445 222 3504 vel
235 3446 326 3506 inscio
340 3448 507 3526 preposito,
521 3447 605 3508 tracti
617 3449 676 3508 voti
691 3466 760 3507 reus
775 3448 928 3525 utriusque
940 3445 1070 3527 suffragii
1083 3444 1151 3522 jure
1166 3445 1251 3504 bien·

174 3528 234 3620 nio.
246 3527 410 3624 privabitur
428 3537 458 3589 et
477 3529 540 3589 aliis
557 3529 651 3626 etiarn·
664 3549 719 3609 pro
732 3529 863 3590 oriminis
880 3528 1023 3610 gravitme
1044 3529 1137 3624 poepis
1150 3526 1250 3622 'mulc-

174 3609 303 3769 ffilllr’
318 3611 1250 3776 ttttttfttts”tttatttttttttttt'taut

174 3791 255 3835 coac.
288 3773 374 3834 Trid.
401 3793 473 3836 sesa.
502 3778 542 3836 at
562 3794 587 3836 c.
616 3774 652 3837 dc
674 3773 769 3859 ragal.
799 3779 895 3855 Atque
918 3775 977 3835 huo
1000 3779 1112 3854 spectat
1132 3771 1249 3852 regula,

175 3855 256 3934 quod
269 3856 414 3935 quidquid
425 3858 551 3936 acquirit
563 3859 723 3920 monachus
734 3858 771 3919 ad
782 3858 991 3920 monasterium
1005 3855 1144 3934 pertinet.

230 3937 261 4017 t)
285 3941 359 4020 Cap.
376 3941 414 3999 to
428 3938 463 4000 de
476 3936 609 4023 regular.

230 4020 258 4100 b)
281 4023 355 4102 Cup.
370 4040 428 4081 un.
441 4020 477 4081 de
490 4031 548 4084 vot.
561 4023 594 4084 ira
606 4026 624 4084 o
636 4030 665 4084 et
674 4043 739 4118 cap.
753 4021 854 4084 ultim.
871 4019 907 4082 de
920 4017 1006 4100 relig.
1026 4015 1105 4078 duat.

217 4101 259 4182 (6)
281 4103 478 4181 Exemptionis
495 4105 532 4166 ab
552 4107 681 4185 ¹episcopi
702 4104 923 4184 jurisdictione,
952 4119 1040 4180 quam
1066 4099 1251 4181 regularibus
