3134 5144
586 417 808 490 ..221-

205 565 237 666 (.
266 565 423 638 LXXIX.
468 566 507 637 ln
525 567 614 638 ltalia
635 593 721 640 unus
737 569 889 640 constitui
910 567 992 640 solet
1008 571 1159 659 vicarius,
1177 575 1230 642 cui

156 668 375 738 committitur
409 663 645 738 administratio
682 693 791 738 rerum
821 665 1038 766 spiritualium
1054 667 1104 738 'et
1134 670 1231 740 simul

154 767 254 834 etiam
278 767 481 836 contentiosa
508 765 691 863 jurisdictio
721 767 788 860 (1).
811 763 878 836 Sed
899 767 934 836 in
961 755 1064 838 Gallia
1095 763 1233 864 aliisque

156 861 409 933 ultramontanis
437 863 622 958 regionibus
644 861 789 935 officialis
814 889 833 932 a
862 865 977 936 vicario
1004 862 1227 960 distinguitur.

153 959 274 1031 Vicurii
301 977 442 1056 potestus
462 987 500 1032 ee
522 961 755 1058 amplecitur,
771 985 846 1060 qute
867 962 1056 1034 voluntariae
1081 962 1231 1060 jurisdic-

153 1061 251 1130 tionis
273 1073 370 1148 sunt,
403 1057 549 1130 officialis
567 1077 697 1151 autem,
716 1085 793 1159 quae
814 1077 891 1132 sunt
902 1059 1135 1160 jurisdictionis
1153 1085 1229 1134 con·

158 1173 321 1228 tentrosae.

193 1377 237 1460 (1)
258 1379 400 1457 Sequitur
416 1379 492 1442 hunc
515 1381 607 1444 ltaliae
633 1379 876 1444 consuetudinem
897 1381 1027 1462 synodus
1055 1381 1230 1444 Tridentino

153 1463 295 1602 mitit
311 1481 378 1544 cup.
403 1463 443 1524 ts
469 1461 505 1526 de
525 1461 665 1547 reform„
694 1463 745 1526 ubi
766 1461 919 1528 officialem
934 1483 1002 1527 cum
1027 1463 1135 1524 vicario
1161 1481 1232 1526 con-

209 1742 240 1842 §.
269 1742 403 1816 LXXX.
433 1745 534 1842 lgitur
559 1747 660 1820 ltaliae
685 1773 776 1821 more
810 1749 925 1818 transit
946 1747 980 1816 in
1010 1748 1225 1817 constitutum

157 1845 310 1918 noenum
342 1843 503 1916 ordinarie
533 1849 673 1946 episcopi
705 1845 910 1946 jurisdictio,
940 1843 997 1916 sed
1030 1869 1098 1915 non
1142 1861 1228 1914 tren·

151 1945 195 2014 sit
220 1957 359 2039 potestas
384 1943 518 2040 gerendi
539 1972 596 2036 ea,
631 1970 705 2042 quae
735 1943 898 2044 peculiare
937 1941 1129 2014 mandatum
1157 1967 1229 2040 pos·

151 2039 262 2114 tulant
292 2056 327 2112 et
356 2067 432 2139 quae
460 2045 516 2114 uni
553 2047 705 2144 episcopo
730 2059 910 2116 serrantur.
941 2041 1120 2139 Propterea
1159 2042 1228 2112 sine

149 2135 285 2237 speciali
323 2139 478 2214 mundato
517 2167 586 2214 non
619 2144 784 2238 cognoscit
819 2165 927 2214 causas
958 2139 1162 2228 criminales,
1193 2139 1228 2210 in

151 2237 273 2333 quibus
287 2239 323 2308 in
339 2263 433 2310 reum
450 2241 595 2312 criminis
610 2243 737 2336 gravius
749 2256 797 2312 est
811 2235 1137 2312 animadvertendum
1152 2235 1227 2334 (l),

151 2361 221 2408 non
244 2337 345 2424 item,
366 2351 406 2406 ut
425 2335 574 2436 plerique
596 2341 742 2412 sentiunt
770 2337 845 2436 (2),
870 2361 978 2408 causas
1010 2335 1229 2406 matrimoniu-

147 2431 217 2522 les3
241 2459 312 2505 nou
337 2433 464 2506 confert
491 2435 650 2510 beneficia
672 2437 745 2534 (ὅ),
774 2460 882 2532 neque
916 2435 953 2506 iis
1005 2431 1227 2522 ermesindis,

148 2532 323 2622 uniendis,
347 2531 508 2628 erigendis
533 2560 726 2607 consensum
748 2534 935 2630 impertitur
951 2459 1025 2628 (ιδ,
1052 2529 1109 2602 sed
1132 2531 1227 2600 insti-

149 2632 216 2700 tuit
267 2645 453 2704 retentator
475 2637 671 2730 apennis,
699 2647 733 2704 et
752 2631 879 2729 judicat
902 2653 1011 2701 causas
1049 2625 1226 2698 beneficiu-

148 2730 213 2798 rias
233 2655 364 2842 dejure
404 2743 588 2824 utronatus,
607 2731 722 2828 deque
739 2733 808 2828 ejus
826 2731 916 2827 quasi
941 2727 1137 2826 possessione
1150 2725 1224 2822 (5);

149 2851 222 2898 non
239 2830 344 2897 vintat
372 2754 556 2920 domem,
579 2854 686 2928 neque
703 2827 867 2930 synodum
890 2827 976 2922 cogit
994 2823 1068 2922 (6),
1093 2840 1228 2920 excepto

148 2926 269 2998 vicario
311 2925 451 2998 Romuni
484 2925 672 3018 Pontificis‚
706 2930 758 3000 cui
795 2926 870 2997 licet
900 2923 1020 2996 habere
1063 2919 1227 3021 synodum

148 3021 368 3096 dimccsanam
397 3024 474 3097 cleri
507 3025 645 3098 Romani
674 3025 747 3123 (7);
776 3051 845 3098 non
881 3023 1024 3096 indicere
1056 3019 1226 3116 collegium

150 3124 407 3213 canonicorum,
450 3127 546 3223 eique
570 3126 744 3215 interesse,
774 3149 811 3194 ac
844 3121 930 3194 ferre
954 3119 1143 3216 suffragium
1163 3144 1228 3216 po·

148 3235 213 3291 test
244 3221 318 3318 (8);
346 3245 413 3291 non
438 3221 608 3294 absolvite
633 3222 757 3294 casibus
780 3222 930 3318 episcopo
952 3221 1117 3292 reservatis
1151 3215 1225 3316 (9),

147 3345 260 3415 neque
301 3317 387 3390 tollit
425 3319 697 3416 irregularitates‚
735 3345 809 3418 quae
847 3345 887 3390 ex
922 3315 1050 3390 occulto
1090 3317 1225 3386 crimine

146 3417 336 3512 procedunt
360 3416 459 3515 (10),
492 3444 560 3490 non
592 3421 734 3516 denique
754 3417 903 3490 concedit
934 3415 1057 3486 litteras
1074 3411 1224 3484 dimisso-

135 3517 231 3604 rias,
258 3517 321 3586 nisi
350 3517 517 3614 episcopus
543 3519 579 3587 in
605 3517 792 3615 longinquis
819 3513 1002 3612 regionibus
1041 3512 1096 3582 diu
1133 3535 1226 3584 com-

147 3629 298 3686 moretur
324 3613 418 3710 (ll).
453 3615 568 3712 quue
593 3619 703 3687 minus
734 3616 867 3688 vicarius
903 3611 1059 3708 generalis
1100 3605 1224 3705 aliquid

146 3714 309 3807 attingere
325 3727 435 3809 potest
454 3739 587 3803 eorum,
610 3740 686 3812 quae
699 3731 776 3788 sunt
787 3711 908 3787 ordinis
925 3709 1124 3808 episcopalis.

186 3935 232 4014 (1)
257 3937 330 4017 Cup.
344 3935 363 3995 2
378 3935 413 3996 de
427 3933 504 4020 offic.
521 3938 611 4000 viror.
629 3939 662 4000 in
677 3943 706 4000 6.

184 4019 231 4098 (2)
253 4019 361 4080 Confer
387 4021 541 4082 Barbosum
561 4021 603 4084 ad
622 4019 724 4084 concil.
754 4020 887 4084 Trident.
914 4040 983 4084 sess.
1008 4022 1048 4082 ll
1073 4037 1098 4080 c.
1120 4017 1161 4078 20
1186 4013 1221 4078 de
