3134 5144
831 379 1077 500 ’446-

471 577 514 660 (t)
534 575 695 641 Curulium
708 573 914 638 Tridentium
924 597 995 640 sess.
1015 579 1055 640 23
1069 595 1134 659 cop.
1156 579 1187 638 tt
1204 575 1241 637 de
1255 573 1410 658 resumet.
1426 577 1494 638 satis

431 663 584 742 perspicue
604 659 776 729 declaravit,
798 660 941 742 etiam'in
969 660 1132 722 minoribus
1160 659 1315 720 «dinibus
1342 659 1497 719 intestitia

431 741 665 818 mesemanda,
679 759 747 802 eum
763 743 952 803 eoseonterri
966 742 1123 825 jussitper
1143 739 1497 838 temporamioteratitio5

432 843 537 886 rerum
557 823 672 884 ndllanr
689 830 803 883 uatum
826 841 929 885 eorum
949 833 1065 905 tempus
1089 823 1241 900 delinivit,
1267 841 1390 902 musque
1409 831 1498 884 totam

433 906 560 986 episoopi
573 905 696 966 arbitrio
706 904 851 984 permisit

473 989 516 1070 (5)
536 988 697 1062 Concilium
711 986 920 1048 'tridentinum
935 1006 1007 1050 seso.
1024 991 1064 1050 23
1080 1007 1147 1071 unp.
1165 989 1198 1049 ll
1207 1033 1218 1065 ,
1237 990 1277 1049 ld
1293 995 1323 1047 et
1341 989 1380 1048 tt
1393 984 1429 1046 de
1453 1005 1498 1045 re-

429 1069 552 1152 format.
570 1069 655 1131 Haud
674 1076 774 1130 tamen
788 1070 921 1148 episeopo
937 1071 1006 1132 ltoet
1020 1071 1119 1149 plures
1132 1089 1192 1131 uno
1208 1069 1258 1130 die
1277 1069 1401 1148 majores
1420 1068 1498 1128 ordi·

431 1169 484 1214 nes
499 1151 643 1213 oonierre.
661 1154 798 1214 Ceterum
814 1151 863 1212 bio
876 1153 1101 1214 interstitiorum
1114 1171 1222 1228 annus,
1238 1153 1289 1230 qui
1308 1153 1386 1212 inter
1404 1169 1498 1212 unum

431 1243 519 1314 atque
538 1233 663 1295 alterum
684 1233 826 1311 majorem
845 1233 980 1296 ordinem
1002 1235 1091 1296 debet
1115 1234 1312 1310 intereedere,
1337 1243 1382 1294 est
1403 1251 1500 1292 annus

431 1315 654 1395 eudesimtious,
672 1315 797 1394 ideoque
809 1317 962 1378 ordinatus
976 1315 1115 1380 diaeontu
1132 1319 1164 1378 in
1176 1325 1304 1394 quatuor
1318 1314 1498 1395 temporibus

430 1399 659 1479 qmdragesimu
681 1405 761 1458 reete
783 1397 937 1460 ordinatur
960 1399 1094 1461 sacerdos
1120 1401 1151 1460 iu
1168 1407 1295 1478 quatuor
1318 1397 1499 1476 temporibus

430 1481 659 1562 quadragesime
672 1480 742 1540 anni
755 1481 973 1560 oonsequentis‚
988 1482 1056 1542 lieet
1071 1481 1178 1544 Pascha
1192 1481 1315 1542 eotenus
1327 1480 1497 1553 advenerit,

430 1565 474 1624 uti
485 1563 648 1624 seeundum
663 1562 838 1622 sententiam
851 1581 908 1623 sao.
928 1563 1160 1646 oongregationis
1171 1563 1287 1624 oonoilii
1304 1569 1403 1623 mouet
1421 1563 1499 1640 Fug-

429 1663 523 1706 nanus
537 1645 571 1705 io
584 1665 651 1727 cop.
669 1641 783 1705 litterar
803 1663 887 1704 uum.
912 1642 982 1705 ide
1000 1649 1135 1728 Tempor.
1159 1644 1309 1721 ordinet,
1329 1653 1356 1705 et
1376 1644 1409 1704 iu
1424 1663 1496 1724 cop.

430 1725 480 1788 Ad
493 1735 628 1790 nostrum
640 1743 725 1788 uum.
742 1727 781 1786 18
796 1744 873 1788 oers.
887 1734 916 1788 et
928 1725 1127 1809 conlimatur
1139 1725 1176 1789 de
1189 1724 1321 1809 repulus.

477 1879 509 1980 S.
535 1879 583 1950 lX
612 1879 663 1952 Ne
683 1896 791 1952 autern
814 1881 967 1971 clericus,
993 1908 1071 1954 oum
1097 1881 1256 1954 dedecore
1279 1883 1327 1952 sui
1351 1880 1499 1970 ordinis,

430 1996 487 2050 aut
508 1981 626 2075 stipem
654 2003 820 2075 quaerere,
843 1995 900 2050 aut
920 1978 1088 2051 sordidum
1105 1981 1146 2051 ali
1173 1979 1236 2053 uod
1258 2005 1374 2049 munus
1399 2005 1502 2050 erer-

431 2103 504 2150 oere
529 2091 684 2172 nugatur,
712 2102 809 2149 nemo
832 2081 926 2148 saeris
950 2093 999 2148 est
1028 2008 1205 2150 initiandus
1226 2075 1406 2166 ordinibus,
1434 2103 1503 2146 ex-

431 2177 533 2272 eeptis
563 2173 764 2270 regularibus
792 2175 860 2274 (l),
889 2177 950 2246 nisi
978 2175 1176 2248 beneficium
1197 2177 1251 2274 (ἢ)
1274 2174 1406 2264 habeat,
1439 2189 1505 2245 aut

315 2275 319 2282 ’
430 2274 642 2370 pensionem,
672 2289 729 2344 aut
755 2277 989 2370 patrimonium
1015 2275 1089 2373 (5),
1123 2275 1213 2373 quod
1236 2271 1421 2371 suppeditet
1458 2272 1504 2343 ad

431 2370 556 2442 cultum
580 2385 615 2442 et
640 2369 682 2440 ad
704 2373 846 2463 vietum,
877 2371 1033 2470 quodque
1053 2372 1151 2444 nullis
1181 2373 1296 2471 subjici
1323 2371 1502 2460 onerthS,
1563 2379 1564 2404 ¹

431 2495 540 2566 neque
566 2467 697 2556 alienari
717 2485 844 2565 potest,
873 2472 935 2542 uisi
950 2471 1084 2543 olerieus
1100 2469 1230 2543 aliunde
1252 2470 1385 2560 habeat,
1408 2470 1503 2566 quod

433 2582 585 2665 suppetat
613 2565 655 2637 ad
682 2560 853 2638 decentem
882 2571 951 2668 ejus
977 2572 1149 2641 tuitionem
1173 2569 1240 2666 (4)
1270 2567 1337 2654 Qui
1362 2568 1504 2667 deoepto

433 2667 583 2764 episeopo
616 2663 731 2736 falsum
766 2664 906 2758 obtulit,
938 2683 994 2738 aut
1026 2653 1212 2739 simulatum
1244 2669 1502 2762 patrimonium,

432 2763 642 2860 suspenditur
659 2791 678 2834 a
694 2790 784 2836 susoe
808 2767 848 2836 tis
871 2763 1058 2857 ordinibus,
1082 2765 1186 2838 donee
1208 2761 1289 2835 illud
1313 2767 1502 2860 integrum,

434 2877 533 2957 atque
554 2860 737 2956 legitimum
762 2791 909 2935 osstineat
928 2864 1004 2960 (5);
1029 2881 1063 2935 et
1092 2866 1280 2961 episeopus,
1309 2866 1366 2961 qui
1398 2869 1505 2938 soiens

433 2957 578 3055 prudeus
605 2957 757 3030 clericum
783 2962 852 3031 sine
882 2959 1061 3052 beneficio,
1093 2977 1149 3032 aut
1179 2963 1375 3058 patrimonio
1407 2963 1505 3035 ordi-

435 3058 544 3145 navit,
569 3058 694 3150 cogitur
723 3059 753 3128 ei
776 3073 929 3154 proestare
958 3063 1132 3130 necessaria
1159 3059 1200 3130 ad
1236 3063 1333 3130 vitam
1363 3059 1507 3134 honeste

434 3151 697 3248 transigendam,
730 3153 834 3228 donec
856 3173 970 3255 aptum
995 3173 1092 3256 atque
1139 3160 1331 3230 conveniens
1367 3158 1507 3232 benefi-

435 3253 522 3322 cium
539 3266 755 3348 consequatur
769 3253 836 3351 (6).

475 3447 517 3530 (1)
540 3447 697 3529 Regulares
707 3451 884 3530 paupertatis
894 3453 980 3515 titulo
990 3453 1119 3515 ordinari
1131 3460 1311 3532 eompertum
1321 3463 1376 3529 est,
1392 3474 1511 3520 verum

436 3549 499 3608 eos,
521 3531 572 3608 qui
588 3531 796 3609 professionem
817 3551 876 3594 non
899 3537 1074 3612 emiserunt,
1100 3536 1146 3596 vel
1171 3536 1267 3610 exire,
1290 3543 1339 3596 out
1355 3536 1474 3600 dimitti
1492 3561 1510 3600 e

435 3613 560 3673 elaustro
574 3621 709 3691 possunt,
725 3615 810 3676 titolo
823 3614 879 3677 boo
891 3618 1068 3696 paupertatis
1081 3617 1211 3679 ordinari
1225 3619 1319 3678 vetuit
1334 3621 1364 3679 S.
1385 3621 1464 3682 Pius
1481 3627 1510 3686 V

436 3696 469 3755 iu
479 3701 574 3756 coust.
589 3695 741 3756 Routuuuo
751 3697 894 3782 Pontifex
909 3701 983 3776 rus,
998 3707 1067 3762 tom.
1083 3702 1103 3760 t
1110 3709 1192 3782 port.
1206 3701 1225 3759 5
1233 3717 1304 3782 puy.
1320 3702 1372 3761 to.

475 3775 518 3857 (i)
538 3775 657 3838 Nullum
671 3777 802 3838 absolute
819 3781 965 3852 ordinari,
984 3782 1080 3860 inquit
1096 3783 1250 3842 oouoilium
1264 3783 1513 3848 Chalcedonense

435 3867 493 3921 not.
508 3861 558 3920 ti.
573 3876 639 3920 ooo.
657 3861 691 3936 o,
705 3859 784 3939 apud
794 3861 939 3923 Lrbbeum
953 3871 1022 3924 tom.
1038 3861 1124 3925 deul.
1141 3864 1235 3938 t685,
1252 3863 1298 3924 ed.
1317 3867 1435 3944 Venet,
1448 3889 1511 3930 nee

433 3941 650 4021 presbyterum,
665 3959 720 4002 nee
734 3942 900 4021 disoonum,
912 3964 966 4007 nee
977 3947 1097 4006 omnino
1110 3945 1235 4024 aliquem
1246 3964 1348 4007 eorum
1363 3951 1416 4026 qui
1431 3961 1513 4012 sunt

433 4023 465 4084 iu
487 4023 592 4086 ordine
614 4023 819 4104 emlesiostioo,
840 4027 896 4088 uisi
919 4027 1082 4106 specialiter
1100 4028 1130 4088 in
1149 4028 1266 4088 erotesis
1287 4029 1431 4110 civitatis,
1455 4033 1511 4094 vel
