3134 5144
802 467 1022 537 -alt-

369 624 399 681 iu
414 623 498 682 Sacra
513 623 678 696 Scriptura,
694 616 756 676 sive
772 617 802 676 in
816 616 961 696 theologia
975 615 1144 674 scholastico
1156 612 1326 691 explicanda
1346 589 1445 674 veisc-
1547 625 1548 638 ¹

368 711 428 762 tor.
442 701 556 777 Quibus
570 707 667 759 autem
680 697 784 758 diebus
797 697 884 757 lectio
896 696 1068 776 theologalis
1082 696 1216 756 habenda
1235 696 1291 770 sit,
1307 714 1445 772 expresse

368 801 427 843 non
441 781 533 842 edixit
544 781 674 860 synodus
685 779 876 852 Tridentina3
893 795 998 838 rerum
1011 797 1069 855 qua
1083 777 1154 838 hora
1169 777 1313 855 quibusve
1324 777 1443 852 dicbus,

369 873 432 923 tum
444 882 533 942 super
543 879 602 940 quo
613 865 693 924 Sacr.
707 861 866 938 Scripturas
877 859 954 920 libro
964 859 1144 920 conficiendo
1156 859 1195 918 sit
1205 859 1302 932 lectio,
1315 859 1444 936 episcopi

275 966 281 976 ·
368 945 491 1004 arbitrio
504 945 640 1004 relietum
651 943 744 1002 voluit
754 961 829 1001 sacr.
842 941 1029 1022 congregatio
1043 941 1158 1001 concilii
1172 939 1250 1019 apud
1262 941 1394 1002 Garziam
1407 939 1446 1001 ale

368 1025 497 1109 Benefic.
512 1045 581 1106 por.
599 1028 617 1085 5
632 1043 698 1105 cop.
715 1025 833 1084 laum.
852 1025 923 1084 155.
939 1023 1031 1084 llulta
1048 1023 1136 1082 etiarn
1152 1021 1190 1081 de
1204 1021 1331 1100 theologi
1345 1020 1445 1081 officio

369 1106 457 1168 babet
469 1107 607 1170 Giraldus
620 1104 746 1188 exposit.
761 1106 834 1165 Jur.
850 1103 991 1188 Pontifie.
1002 1123 1075 1186 por.
1092 1107 1106 1164 l
1129 1099 1179 1164 lib.
1196 1105 1215 1162 5
1230 1102 1277 1162 tit.
1296 1105 1314 1163 5
1334 1110 1405 1164 tom.
1424 1103 1445 1163 5
1548 1106 1549 1112 ’

370 1190 752 1350 milbssliidiiliiiedietum
766 1269 836 1328 ΧΠ
847 1265 942 1327 instit.
954 1263 1117 1327 ecclesiast.
1134 1267 1193 1324 l07
1203 1263 1229 1345 3.
1253 1267 1272 1324 9
1286 1283 1370 1325 num.
1385 1267 1442 1340 55,

368 1359 397 1410 et
411 1351 564 1414 Giroldunr
579 1347 634 1410 loc.
657 1349 707 1410 cit.
719 1366 789 1430 por.
805 1351 818 1409 l
834 1355 905 1408 tom.
923 1349 938 1408 l
955 1345 1006 1408 lib.
1021 1349 1039 1408 5
1056 1355 1126 1408 sect.
1140 1349 1200 1408 558
1212 1365 1246 1428 p.
1263 1349 1323 1408 545
1337 1353 1443 1430 etseq.

416 1567 447 1666 §.
477 1568 587 1638 LXX.
617 1569 748 1665 Suppar
765 1585 814 1638 est
839 1569 1043 1638 institutione
1060 1565 1212 1662 theologo
1237 1568 1446 1663 poeuitentia-
1549 1599 1550 1618 r

367 1668 453 1756 rius,
482 1671 574 1762 cujus
605 1682 654 1736 est
683 1665 796 1736 audire
822 1665 1057 1752 consessiones,
1090 1679 1189 1760 atque
1215 1667 1240 1734 is
1271 1663 1442 1752 similiter,

368 1761 449 1832 dum
479 1762 540 1832 boo
569 1765 654 1856 agit,
682 1779 850 1859 tamquam
872 1788 1017 1859 praeseus
1040 1763 1075 1832 in
1094 1761 1193 1832 choro
1218 1761 1367 1832 babetur.
1390 1759 1447 1830 Sit

368 1875 478 1928 autem
502 1875 632 1954 oportet
650 1883 750 1930 sacrae
769 1859 963 1954 theologiae,
981 1875 1038 1928 aut
1059 1859 1147 1929 luris
1171 1861 1317 1930 mnonici
1333 1859 1446 1928 laurea

367 1957 558 2048 insignitus,
584 1971 617 2025 et
639 1980 742 2026 annos
768 1957 881 2026 saltem
902 1957 1116 2053 quadraginta
1137 1971 1252 2045 uatus,
1271 1959 1330 2027 nisi
1349 1955 1444 2024 aliud

367 2051 429 2122 loci
452 2055 584 2122 ratioet
607 2055 795 2141 necessitas,
817 2069 873 2122 aut
890 2055 1011 2124 utilitas
1033 2052 1175 2123 ccclesia
1207 2053 1347 2148 postulet
1367 2052 1439 2148 (i).
1550 2099 1551 2124 r

368 2147 493 2219 Neuter
529 2174 659 2234 eorum¹
679 2149 777 2220 babet
809 2149 1002 2244 dignitatem
1033 2166 1090 2219 aut
1117 2166 1345 2246 personatum,
1383 2151 1445 2220 sed

368 2249 591 2343 unusquisque
620 2245 712 2318 sedet
744 2251 779 2317 in
812 2247 931 2336 choro,
966 2263 1093 2318 serrato
1122 2245 1238 2318 ordine
1261 2245 1445 2318 collationis

367 2346 637 2438 possessionisque
668 2347 878 2441 antiquioris,
913 2345 974 2414 nisi
1004 2343 1085 2440 quid
1116 2343 1205 2413 eliud
1239 2343 1443 2416 consuetudo

367 2440 464 2526 velit3
486 2457 519 2510 et
549 2456 728 2538 utrumque
755 2442 923 2531 officium,
948 2467 1107 2513 concursu
1135 2439 1302 2528 adhibitoq
1329 2442 1445 2514 confe-

369 2535 510 2608 rendum
524 2553 572 2608 est
589 2537 656 2636 (5).

409 2771 436 2852 (l
473 2774 633 2834 Concilium
646 2773 854 2837 Tridentinum
868 2773 939 2838 ilict.
955 2793 1027 2837 acas.
1045 2776 1085 2836 55
1104 2793 1172 2857 cop.
1188 2778 1207 2835 8
1231 2775 1267 2836 de
1282 2775 1443 2857 resonant.

409 2853 439 2932 (5
473 2855 647 2916 Benedictus
659 2859 729 2918 xttl
742 2858 774 2916 in
785 2857 936 2916 constitut.
954 2853 1124 2920 Poatorolt's
1143 2853 1235 2940 officii
1257 2859 1296 2918 69
1313 2866 1384 2919 tom.
1402 2863 1441 2920 ll

366 2937 514 3074 motilitas!
526 2933 662 3076 betstgort'a',
681 2957 748 3016 que
761 2937 930 3000 constitutio
943 2957 997 3017 pro
1013 2939 1095 3000 ltalia
1108 2939 1269 3018 insulisque
1283 2939 1447 3018 adjacenti-

416 3216 447 3315 §.
476 3215 604 3288 LXXI.
634 3219 816 3292 Decretalea
832 3239 1002 3294 recensent
1016 3225 1218 3320 potissimum
1236 3227 1320 3294 inter
1335 3225 1450 3322 digni-

366 3329 448 3384 tetes
465 3313 761 3388 archidiaconatum
782 3334 816 3389 et
835 3319 1201 3420 archipresbyteratum,
1225 3321 1343 3416 quibus
1366 3341 1450 3417 post

368 3413 555 3506 episcopum
582 3439 744 3484 summam
772 3420 998 3488 auctoritatem
1025 3418 1185 3488 tribuunt.
1215 3417 1451 3491 Archidieconi

367 3533 406 3578 et
430 3507 545 3580 ordine
573 3509 785 3583 diaconorum
820 3529 933 3604 erant,
964 3515 1021 3586 aed
1045 3539 1160 3586 eorum
1190 3517 1370 3612 principes,
1409 3535 1452 3589 et

293 3603 306 3622 ⁸
367 3607 491 3676 ratione
514 3605 622 3676 habita
643 3611 836 3682 meritorum
849 3610 922 3708 (1),
937 3611 977 3682 ab
992 3615 1163 3708 episcopo,
1183 3627 1220 3680 ut
1238 3612 1450 3708 plurimum,

366 3701 569 3796 eligebantur
589 3704 656 3800 (5).
681 3705 809 3778 Ordine
827 3708 994 3781 inferiores
1012 3725 1106 3780 erant
1134 3707 1449 3806 archipresbyteris,

360 3800 587 3896 jurisdictione
615 3817 726 3874 tamen
750 3808 931 3902 superiores
958 3806 1026 3902 (5).
1056 3804 1122 3877 Sed
1157 3832 1232 3878 cum
1262 3805 1453 3879 absurdum

369 3895 543 3987 videretur,
573 3923 640 3969 nou
663 3900 870 3999 presbyteros
895 3903 1092 4002 presbyteris
1118 3919 1292 4000 prestare,
1322 3907 1360 3974 iis
1380 3903 1453 3976 de-

368 4018 459 4064 mum
475 4013 521 4067 est
536 3998 685 4092 imposita
703 4003 871 4070 necessitas
887 4000 1129 4099 presbyteratus
1142 4002 1210 4097 (4).
