3102 5184
555 400 775 472 ..569-

122 554 156 616 77
170 547 340 612 russato·
352 555 464 613 uocum
482 545 555 612 dits.
573 553 591 612 3
610 559 669 612 ort.
684 553 704 612 7
728 559 798 612 tom.
816 553 828 610 7
853 569 922 632 pop.
940 553 1017 624 567,
1036 550 1081 614 cd.
1102 555 1200 618 Veraci.

123 637 217 697 7776.
235 637 279 696 De
294 633 378 694 hirco
393 633 543 694 emissario
563 633 631 694 uide
649 633 741 694 Lavit.
765 651 791 694 c.
815 636 882 696 XVI
899 653 925 694 7.
946 637 963 695 7
981 641 1082 718 etseq.
1103 637 1204 716 ibique

120 717 250 780 Calmet.
267 717 299 776 in
321 718 481 777 Commeat.

163 799 208 878 (2)
229 797 306 859 Vide
326 801 357 860 S.
380 800 456 877 Aug.
473 793 575 859 777777.
599 793 656 859 Dct'
667 793 718 858 bb.
738 799 777 860 78
791 815 856 880 cop.
874 798 913 858 77
927 795 983 861 777.
999 799 1060 861 tao
1077 807 1148 861 ou.
1164 801 1203 876 7,·

121 880 347 942 theodoretum
368 881 511 960 Interrop.
532 881 572 940 68
590 878 622 938 iu
643 880 748 943 Geato.
768 899 837 963 opp.
858 886 929 941 tom.
947 883 961 942 7
1046 926 1054 943 .
1082 884 1138 958 bb,
1155 883 1200 946 ed.

121 963 225 1026 Poris.
244 964 342 1039 7677,
360 965 390 1024 S.
415 965 538 1042 Gregor.
555 963 594 1022 u.
618 958 742 1042 Proesot.
766 962 799 1024 iu
819 957 870 1023 tit.
894 959 961 1024 lob.
985 981 1016 1026 co
1033 1007 1041 1024 .
1061 965 1080 1024 9
1098 969 1197 1026 tom.i

120 1043 167 1106 cd.
181 1047 286 1106 Maur.
309 1043 409 1106 Por-ia.
427 1043 642 1106 1705.1isdam
657 1052 756 1106 umen
770 1043 897 1124 judaicis
916 1045 1103 1108 sacramentis
1118 1056 1202 1108 tene-

121 1128 234 1188 bantur
248 1127 336 1186 etiarn
358 1127 498 1206 proselyti
519 1123 617 1188 seco.
636 1127 705 1188 1111
723 1145 752 1188 u.
778 1129 836 1205 78,
858 1125 978 1188 advena
999 1128 1122 1208 scilicet,
1149 1131 1200 1210 qui

121 1229 159 1270 cx
172 1209 313 1291 gentibus
322 1207 360 1270 ad
373 1207 491 1272 tudacs
507 1209 714 1270 transiverant.

173 1389 207 1492 §.
236 1389 277 1460 V.
309 1385 451 1461 Sublatis
479 1387 598 1462 Christi
623 1405 730 1462 morte
758 1393 964 1462 sacramentis
991 1407 1025 1462 et
1050 1418 1199 1472 77777777-

121 1493 186 1562 niis
200 1488 435 1576 Hebraeornm,
462 1491 621 1587 quoniam
642 1513 764 1560 cessare
786 1488 957 1586 oportebat
980 1487 1112 1564 umbras
1136 1497 1200 1566 ad-

120 1605 226 1660 ventu
253 1590 341 1686 ejus,
369 1610 467 1684 quem
493 1586 682 1688 figurabant
697 1585 765 1686 (7),
784 1587 956 1658 christiana
978 1611 1197 1686 sacramenta,

115 1689 190 1784 jam
230 1689 298 1758 nati
339 1685 524 1758 mediatoris
555 1685 724 1786 symbola,
760 1684 906 1758 Christus
946 1685 1107 1760 Dominus
1145 1694 1199 1762 in-

122 1787 244 1856 stituit.
280 1785 327 1854 Ea
356 1809 430 1855 vero
462 1801 587 1882 septem
620 1809 758 1857 numero
788 1799 883 1873 sunt,
916 1783 1037 1857 scilicet
1065 1786 1198 1886 Raptis-

124 1908 222 1972 7777,
255 1881 487 1971 confirmatio,
526 1883 743 1974 Paenitentia,
784 1881 1003 1972 Eucherium,
1045 1885 1198 1960 Extrema

124 1981 264 2070 Unctio,
302 1979 416 2070 Ordo,
454 1979 701 2053 Matrimonium
740 1981 807 2078 (2)
853 1980 937 2067 Quas
967 1983 1093 2077 singula
1125 2012 1199 2058 vera

123 2105 194 2150 esse
234 2077 401 2152 catholicae
427 2078 568 2150 ccclesiae
600 2095 818 2169 sacramanta,
866 2105 927 2150 nec
995 2079 1066 2152 lura
1098 2111 1197 2182 quam

122 2193 251 2271 septem
283 2175 353 2248 baec
387 2203 406 2248 a
442 2176 571 2250 Christo
604 2203 670 2250 esse
712 2179 879 2267 instituta,
913 2106 1077 2276 eprorata
1119 2183 1198 2256 fidei

124 2275 275 2348 doctrina
290 2291 339 2346 est
353 2274 420 2375 (5).

165 2471 209 2554 (i)
231 2475 329 2536 Prima
351 2481 548 2550 sacramenta,
572 2475 669 2554 inquit
687 2476 764 2555 Aug.
786 2475 885 2536 contr.
908 2475 1053 2536 Faustum
1080 2473 1132 2538 tit.
1159 2482 1198 2542 79

123 2573 189 2638 cop.
208 2558 248 2617 75
269 2553 324 2618 soi.
352 2557 412 2618 oto
427 2563 497 2618 7777.
513 2559 550 2630 8,
574 2575 640 2636 quoe
659 2555 890 2618 observabantur
905 2563 935 2616 ct
957 2555 1197 2638 celebrabuntur,

124 2657 161 2698 cx
174 2638 260 2719 lege,
279 2639 504 2717 praenuntiutiva
523 2647 608 2700 eraut
625 2637 734 2701 Christi
751 2639 881 2698 venturi.
901 2663 915 2690 u
942 2640 1044 2716 itaque
1065 2639 1129 2702 bac
1152 2661 1200 2704 sa-

124 2727 275 2780 cramenta
291 2720 359 2781 ideo
382 2728 451 2781 sunt
475 2719 585 2798 ablata,
612 2721 681 2799 quia
701 2739 734 2781 ea
759 2737 812 2780 suo
831 2719 959 2780 adventu
985 2719 1118 2782 cbristus
1141 2724 1200 2785 im-

122 2802 235 2880 plevit,
258 2804 300 2862 uti
319 2801 417 2883 pergit
438 2805 514 2884 Aug.
535 2799 588 2864 loc.
612 2803 676 2878 cit,
702 2821 794 2880 uque
807 2819 875 2863 oum
889 2819 942 2862 suo
955 2799 1083 2866 adventu
1098 2803 1200 2868 Chris·

124 2893 174 2946 tus
188 2885 382 2964 implevisset,
398 2884 492 2946 ablata
503 2893 588 2962 sunt;
603 2893 634 2945 et
644 2885 711 2946 ideo
725 2883 836 2960 ablata,
848 2884 916 2962 quia
931 2883 1050 2962 impleta
1054 2929 1197 2948 .....

126 2975 155 3026 et
178 2967 236 3026 7777
259 2975 329 3028 sunt
355 2967 488 3028 instituta
520 2968 631 3028 virtute
655 2966 782 3046 majora,
810 2965 937 3026 utilitate
962 2967 1103 3044 meliora,
1133 2980 1200 3032 actu

125 3049 267 3124 faciliora,
283 3066 408 3109 numero
422 3049 569 3128 pauciora.
591 3075 604 3104 s
624 3049 710 3124 Quod
725 3049 813 3109 etiam
834 3047 925 3109 tradit
949 3043 1000 3108 it'b.
1017 3047 1052 3111 (77
1065 3069 1132 3112 uero
1145 3053 1198 3115 Re·

126 3127 230 3212 7797777.
247 3149 311 3213 cop.
328 3129 366 3192 77
390 3137 459 3191 mm.
480 3134 493 3192 7
512 3129 567 3192 coi.
592 3128 716 3208 7583&
737 3133 838 3192 Doctr.
857 3128 966 3192 Cbriat.
983 3127 1069 3194 77775
1093 3151 1157 3218 cop.
1180 3138 1199 3195 9

127 3221 198 3274 tom.
215 3213 314 3294 bpur.
331 3215 345 3274 7
365 3209 418 3273 cot.
433 3215 584 3293 taetep.
600 3208 823 3274 bitonutoot
841 3214 913 3274 777.

168 3294 211 3376 (7)
231 3297 318 3356 Cone.
336 3293 420 3357 mid.
436 3311 506 3358 toas.
521 3297 538 3355 7
554 3313 621 3356 rou.
635 3297 648 3355 7
666 3291 701 3356 dc
713 3295 846 3355 Suorom.

167 3375 211 3458 (ὅ)
233 3380 300 3438 bato
322 3376 360 3437 de
380 3375 436 3436 hoc
456 3375 604 3438 catholice
627 3375 697 3438 fidei
719 3375 855 3458 dogmate
876 3387 975 3440 contra
998 3375 1195 3458 7777777777,

127 3459 313 3520 calvinianos
348 3467 516 3538 ceterosque
545 3457 697 3520 haereticos
729 3457 880 3540 disputant
906 3461 1014 3523 Juenin
1047 3457 1082 3523 de
1112 3463 1199 3524 Scor.

126 3541 201 3604 dias.
218 3543 232 3601 7
251 3539 285 3602 de
304 3559 431 3604 somam.
447 3541 478 3601 77
490 3559 588 3621 persar.
606 3557 636 3624 q.
660 3544 695 3618 7,
711 3557 776 3622 ocp.
793 3543 830 3612 t,
846 3543 959 3603 Drouin
974 3541 1009 3604 dc
1021 3561 1053 3604 re
1064 3544 1197 3605 Sacrum.

127 3620 179 3684 tto.
198 3625 212 3684 7
229 3641 260 3705 q.
276 3625 294 3683 ὅ
307 3641 333 3684 7.
347 3625 391 3700 7.,
407 3623 515 3702 aliique
528 3625 684 3702 scriptores
698 3637 799 3684 rerum
813 3623 1054 3706 theologicarum.

174 3777 206 3880 §.
248 3777 307 3848 vl.
350 3777 422 3852 Jam
451 3777 577 3848 duabus
606 3779 705 3850 ueluti
734 3779 880 3877 partibus
911 3795 1062 3851 constant
1089 3805 1199 3850 sacra-
1288 3829 1291 3834 -

125 3893 257 3965 menta,
286 3879 378 3973 signo
409 3875 568 3966 sensibili,
602 3877 692 3974 quod
715 3877 861 3950 sensibus
885 3877 1073 3976 subjicitur,
1097 3894 1129 3947 et
1162 3906 1198 3950 re

125 3973 305 4143 7777777ξὲ71,
336 3999 410 4144 pum
439 4002 550 4050 sensus
588 3975 682 4072 sugit.
725 3975 863 4072 Signum
894 3973 1199 4145 sensibileigpnstnt
