3102 5184
773 405 994 475 -572-

349 555 531 618 conditione:
559 553 594 617 Si
610 573 672 618 non
688 574 720 618 cr
737 553 917 639 bcptizctas.
937 559 1011 632 Quae
1028 553 1173 626 conditio,
1193 552 1236 612 uti
1255 551 1335 626 dixi,
1361 569 1421 610 ffi-

349 640 416 700 culo
429 641 497 720 lllll
510 637 608 700 verbis
621 657 755 719 expressa
769 657 831 700 asse
844 639 947 717 eupit,
959 655 1082 716 umque
1095 635 1277 714 disciplinam
1291 652 1346 727 sisa
1357 633 1421 726 jam

350 729 434 780 astate
447 720 548 781 multis
562 721 594 781 in
610 721 683 783 locis
701 731 847 800 receptam
868 721 1004 800 probavit
1027 729 1056 780 ct
1075 718 1186 796 ubique
1212 717 1322 777 servari
1334 723 1425 793 jussit

350 803 433 864 Alex.
452 805 492 864 lll
509 803 542 863 in
558 822 626 885 cup.
642 805 662 864 2
680 801 717 864 dc
734 807 827 886 Bcpt.
843 822 876 864 ac
893 801 1021 881 denique
1033 799 1217 862 confirmarit
1233 801 1318 860 lcan.
1335 799 1422 858 XXll

334 883 428 964 'apud
440 883 585 964 Rayuald.
601 883 703 946 udum
720 888 800 946 1555
815 905 848 946 a.
863 887 904 946 hi
921 893 943 945 t.
961 889 979 946 ll
994 903 1066 968 puy.
1086 885 1144 945 boo
1161 880 1209 944 cd.
1224 881 1312 942 ducar
1328 879 1421 940 ¹750.

350 969 434 1028 Nunc
448 967 539 1048 igitur
561 967 765 1029 conditionalis
790 969 884 1029 iorma
900 967 1060 1028 adhibetur
1075 967 1107 1026 in
1126 965 1329 1036 sacramentis,
1355 980 1423 1039 que

349 1049 449 1109 iterari
459 1069 519 1112 nou
530 1058 666 1129 possunt3
680 1069 783 1112 verum
797 1069 831 1110 ea
843 1069 903 1115 nou
914 1060 1025 1110 tubere
1036 1057 1066 1110 ct
1077 1047 1241 1110 inconsulto
1252 1042 1423 1105 adhibenda

349 1139 409 1204 est,
427 1131 480 1192 aed
503 1151 571 1194 cum
585 1132 669 1194 adest
685 1131 844 1212 probabilis
858 1132 1018 1207 dubitatio,
1034 1149 1116 1192 acre
1131 1130 1261 1209 primum
1288 1127 1422 1207 cognita,

350 1221 380 1274 et
395 1215 516 1292 quesita
534 1213 709 1295 diligenter,
726 1217 769 1275 uti
784 1224 884 1276 monet
900 1215 1099 1277 catechismus
1116 1217 1202 1274 hom.
1218 1217 1301 1293 port.
1325 1213 1385 1270 ²⁶.
1403 1209 1424 1268 2

348 1313 438 1440 ot·
450 1297 624 1440 “tiro
633 1297 907 1462 iiim
917 1297 1005 1442 ot
1018 1290 1423 1458 ttll‘llti‘ldtilr

349 1459 494 1542 theologi,
522 1479 596 1522 uum
624 1463 711 1526 etiam
735 1462 767 1522 in
798 1471 978 1524 sacramento
1006 1461 1186 1542 punitentia
1218 1455 1425 1518 conditionalis

349 1541 493 1604 absolutio
507 1543 598 1604 tribui
616 1545 723 1624 possit,
741 1563 808 1604 cum
824 1545 934 1606 scilicet
947 1546 1093 1606 incertum
1113 1549 1173 1618 est,
1197 1560 1269 1602 num
1288 1539 1424 1600 minister

349 1626 510 1686 necessaria
536 1625 625 1686 verba
648 1627 902 1706 pronunciaverit,
923 1635 974 1688 aut
993 1626 1123 1702 nemis,
1144 1624 1196 1704 qui
1210 1621 1423 1684 absolutionem

349 1706 478 1784 obtinet,
496 1707 533 1776 ad
550 1726 615 1769 cum
629 1708 844 1788 suscipiendam
859 1717 942 1788 aptus
960 1717 990 1770 et
1007 1708 1129 1768 idoneus
1149 1707 1199 1766 sit.
1214 1706 1308 1784 liujus
1322 1703 1424 1764 coudi-

350 1787 467 1850 tioualis
478 1789 581 1850 forme
592 1795 623 1852 iu
633 1799 814 1852 sacramento
823 1791 1003 1870 ponitentiae
1013 1791 1131 1852 initium
1141 1788 1274 1868 plerique
1286 1793 1425 1866 repetunt

351 1891 367 1930 a
385 1871 490 1932 seculo
507 1875 592 1948 XIV,
612 1873 665 1933 scd
681 1891 783 1934 revera
807 1873 869 1952 ejus
893 1881 937 1934 est
954 1891 1089 1952 expresse
1106 1872 1218 1932 mentio
1241 1869 1319 1950 apud
1336 1871 1422 1930 Joau.

352 1955 474 2016 Gema.
484 1997 494 2030 ,
506 1954 558 2048 quui
571 1954 693 2016 incunte
706 1974 771 2016 sec.
790 1957 846 2050 lllr
857 1955 947 2014 sitam
960 1957 1079 2037 agebat.
1094 1953 1128 2015 io
1141 1962 1231 2014 tract.
1244 1949 1419 2048 chcbr'ser.

349 2032 1418 2200 trlitterato.¹lloaoctttttrittotoa

352 2197 424 2262 diss.
442 2203 456 2260 l
471 2197 647 2262 desocrcm.
661 2203 694 2263 a'r
702 2220 808 2284 panaro
821 2209 927 2284 quest.
942 2205 960 2264 5
975 2221 1042 2284 cop.
1061 2205 1078 2264 b
1097 2210 1158 2262 nrt.
1174 2203 1210 2276 23
1224 2199 1422 2278 Tournelyum

354 2279 490 2342 Proelcct.
509 2279 634 2364 tbcolop.
651 2292 723 2346 tom.
740 2281 806 2344 lde
823 2301 954 2344 sucrum.
968 2285 1000 2344 in
1013 2303 1112 2368 perer.
1128 2304 1159 2368 p.
1179 2285 1194 2344 l
1213 2292 1273 2343 ort.
1291 2285 1312 2342 l
1329 2277 1420 2342 ccccl.

354 2365 373 2424 2
397 2371 426 2422 et
450 2364 560 2424 Bencd.
586 2369 655 2427 XlV
677 2363 713 2427 dc
730 2362 837 2450 synod.
854 2363 937 2426 dioec.
958 2363 1007 2428 to.
1030 2369 1127 2447 lcop.
1146 2367 1199 2442 lb,
1214 2367 1266 2444 qui
1283 2365 1321 2424 de
1345 2383 1379 2424 ea
1393 2381 1425 2424 re

356 2445 470 2524 copiose
486 2445 648 2526 disputant.

402 2574 433 2676 ς.
463 2575 551 2648 Vlll.
595 2577 660 2649 Res
702 2577 893 2669 invisibiles,
933 2605 1013 2678 quas
1055 2581 1144 2674 sigua
1195 2579 1249 2650 itta
1294 2598 1424 2652 externa

355 2676 541 2772 significant
575 2693 609 2747 et
648 2679 836 2768 contiueat,
872 2677 948 2751 duae
982 2681 1156 2776 praecipuae
1193 2696 1289 2769 sunt,
1324 2683 1424 2776 gratia

356 2791 391 2845 et
417 2773 593 2845 character.
618 2773 730 2848 Gratia
754 2780 937 2848 communis
952 2793 1001 2847 eat
1025 2776 1177 2848 omuibus
1204 2782 1422 2850 sacramentis.

356 2872 441 2942 Nam
469 2874 615 2969 quisquis
645 2899 682 2944 ca
710 2875 772 2943 rite
802 2889 837 2944 ct
868 2890 955 2946 recte
985 2877 1136 2972 suscipit,
1168 2875 1230 2948 hoc
1256 2895 1305 2948 cst
1334 2878 1426 2949 nullo

356 2969 482 3066 posito,
516 2986 573 3040 aut
618 2973 791 3042 contrariae
839 2971 1012 3043 voluntatis
1046 2990 1102 3044 aut
1145 3000 1253 3070 pravas
1294 2975 1425 3072 disposi-

359 3067 472 3156 tionis,
513 3067 624 3158 obice,
652 3071 679 3138 is
699 3071 835 3164 gratiam
864 3075 1000 3168 accipit,
1027 3099 1125 3168 quum
1154 3072 1295 3170 theologi
1321 3101 1425 3148 sono-

359 3163 551 3260 lc'ficurstsm
585 3165 762 3264 appellant.
802 3167 880 3239 Haec
907 3186 1016 3242 autem
1042 3197 1114 3243 aton
1144 3173 1256 3244 solum
1280 3186 1425 3270 peccntc

359 3267 535 3352 remittit5
571 3263 632 3337 red
641 3264 825 3362 jmtificut
853 3280 888 3338 et
913 3281 1055 3340 renouat
1079 3275 1283 3342 imorem
1318 3271 1425 3343 hmi-

359 3387 462 3448 nem,
488 3366 554 3457 qui
570 3389 614 3434 cc
640 3367 772 3460 irp'urto
783 3363 828 3458 fit
839 3371 987 3462 justus,
1012 3380 1104 3438 stoc
1123 3374 1269 3440 inimico
1287 3375 1425 3442 amaus

361 3461 443 3548 Dei,
477 3473 521 3533 ut
545 3466 594 3533 sit
617 3459 712 3532 teres
730 3463 926 3536 suendum
951 3489 1048 3562 spem
1077 3472 1159 3538 vitre
1186 3480 1345 3558 oeter'rtoe,
1377 3469 1425 3537 uti

364 3559 459 3632 docet
484 3557 628 3659 synodus
644 3557 837 3631 Tridentina
850 3560 917 3658 (i).

405 3731 448 3813 (l)
470 3731 547 3793 Sera.
562 3734 580 3792 d
595 3729 631 3793 de
643 3730 808 3816 Jastificut.
823 3752 890 3815 cop.
906 3737 935 3795 7.

414 3885 443 3986 §.
471 3887 536 3958 IX.
563 3886 705 3958 (iraham
722 3907 920 3962 sacramenta
945 3893 1118 3964 conserunt
1137 3911 1249 3992 suapte
1270 3897 1301 3964 vi
1322 3911 1356 3967 et
1376 3921 1431 3964 na·

368 4001 460 4077 tura,
488 3989 571 4078 sire,
602 4003 639 4057 ut
661 3991 816 4088 inquiunt
834 3991 998 4088 theologi,
1022 4018 1064 4063 ec
1085 4018 1183 4090 opere
1205 3995 1372 4091 οροναιο(
1398 3995 1426 4088 ).
