3106 5170
525 413 574 428 -
593 371 685 444 ·465’
701 361 750 430 .‘..
829 419 833 426 -

87 519 262 593 Omnibus
299 533 373 617 post
415 506 622 616 baptismum·
659 519 754 616 lapsis
786 520 910 615 integra
960 536 1167 616 peccatorum
1183 501 1193 606 ¹.

88 619 255 692 confessio
273 619 351 718 jure
383 617 493 688 divino
532 619 706 689 neeessaria
733 631 806 688 est:
867 621 999 690 uoniam
1024 617 1194 695 Christus·
1222 683 1227 694 .

87 717 259 790 Dominus
304 715 346 787 ad
384 715 480 788 eoelos
523 717 719 811 migraturus
757 645 935 788 saeeriotes
980 717 1032 788 sui
1073 719 1171 816 ipsius
1206 709 1221 762 ¹·

90 818 231 888 vicarios
270 814 423 912 reliquit,
460 829 626 912 tamquam
665 811 816 912 presides
857 830 892 884 et
934 814 1077 913 judiees,
1128 818 1171 888 ad

91 939 180 1012 quos
218 915 328 985 omnia
368 912 615 984 christianorum
655 910 803 983 mortalia
842 915 978 983 erimina
1017 912 1172 986 deleran-

91 1029 165 1101 tnr,
198 1027 239 1080 ut
267 1037 328 1108 pro
364 1010 501 1082 clarium
528 1024 707 1106 potestate,
736 1010 929 1082 remissionis
968 1028 1024 1083 aut
1055 1027 1170 1084 reten-

92 1112 197 1182 tionis
227 1126 434 1206 peccatorum
457 1111 650 1180 sententiam
674 1107 853 1205 proferant.
887 1107 987 1192 Quod
1007 1108 1170 1210 judicium

93 1209 195 1299 ferri,
239 1223 273 1278 et
291 1210 400 1307 justu,
440 1231 514 1304 quae
544 1207 677 1278 facinori
716 1205 874 1298 debetur,
914 1233 1011 1304 poena
1044 1209 1181 1308 imponi

92 1331 168 1379 non
209 1321 336 1402 potest,
357 1308 419 1376 nisi
453 1308 562 1377 omnia
594 1303 780 1402 singillatim
821 1329 857 1376 ac
901 1308 1071 1404 perspicue
1103 1309 1170 1380 eri·

94 1407 191 1480 mina
208 1407 394 1502 aperiantur
410 1403 476 1501 (l).

136 1578 183 1660 (l)
202 1579 327 1640 Consule
341 1577 513 1645 catechism.
526 1580 612 1638 Rom.
627 1595 696 1657 par.
711 1579 809 1658 teop.
824 1574 880 1656 53.
898 1579 950 1638 58.

136 1661 182 1742 (2)
204 1665 292 1724 Cone.
307 1659 391 1723 Trid.
406 1677 479 1722 aeas.
494 1661 533 1722 tt
543 1657 578 1722 de
592 1660 727 1720 Sacram.
741 1659 846 1742 ponit.
862 1678 934 1741 cop,
944 1661 975 1720 6.

146 1840 178 1944 3.
213 1841 319 1914 Lxx.
357 1841 470 1940 ltaque
498 1843 606 1914 omnia
637 1839 783 1913 mortalia
816 1855 966 1937 peecata,
999 1865 1073 1938 quae
1097 1860 1172 1940 post

98 1965 217 2012 omnes
245 1965 391 2012 excussas
421 1941 520 2010 enimi
544 1939 702 2030 latebras,
731 1937 902 2034 diligenter
931 1941 1085 2034 cogitanti
1111 1965 1170 2012 oe-

100 2055 259 2129 enrrum,
292 2037 448 2112 sacerdoti
477 2041 601 2136 aperire
634 2053 782 2135 oportet,
817 2063 854 2108 ae
890 2053 1048 2133 preterea
1074 2055 1171 2134 pete-

100 2135 258 2208 laeiendae
298 2153 375 2208 sunt
409 2142 706 2225 oti-eumatontioe,
737 2161 818 2232 quar
848 2141 996 2232 speeiem
1032 2143 1174 2234 poenali

100 2247 250 2307 mutam
276 2235 344 2332 (l).
372 2233 495 2306 Cuncta
528 2235 597 2307 haec
613 2233 719 2332 ¹apud
756 2233 853 2305 solius
880 2233 1052 2305 sacerdotis
1079 2260 1171 2306 aures

101 2348 225 2404 secreto
259 2333 470 2432 deponuntur
507 2332 574 2430 (ᾖ).
630 2332 775 2404 Publieae
813 2331 1017 2402 confessionis
1066 2333 1170 2403 multa

101 2447 228 2502 exstant
254 2433 288 2502 in
319 2434 459 2530 antiquis
490 2433 711 2502 monumentis
740 2428 908 2526 exempla,
942 2456 1043 2526 eaque
1066 2431 1170 2530 justas

100 2529 245 2600 habuere
270 2555 396 2621 musas,
428 2556 507 2628 quas
530 2529 664 2600 laudant
699 2527 792 2600 Trid.
832 2525 963 2616 Patres3
993 2526 1049 2598 sed
1081 2529 1171 2600 nulla

103 2653 251 2726 unquam
293 2627 433 2702 ecalesiae
480 2627 551 2724 lege
584 2627 722 2725 publieae
761 2623 966 2698 eoniessionis
1004 2629 1171 2698 nenessitas

100 2729 252 2824 imposita
289 2742 336 2796 est
374 2727 441 2823 (5).
485 2727 574 2796 Olim
611 2725 758 2796 sedentes
789 2739 920 2820 peecata
963 2724 1171 2796 confiteban-

99 2841 156 2895 tur
178 2824 255 2920 (4),
279 2827 336 2922 qui
353 2851 443 2896 nune
462 2827 558 2894 etiam
587 2847 657 2895 mos
686 2823 875 2894 Graeoorum
899 2835 946 2892 est
972 2822 1050 2918 (5);
1073 2821 1171 2896 hodie

102 2921 210 2992 Latini
251 2947 354 3016 genua
387 2921 545 3012 flectunt,
579 2947 678 3020 quam
704 2919 973 2993 consuetudinem
1004 2947 1023 2991 a
1055 2945 1172 2992 mona·

104 3023 193 3111 ehis‚
225 3035 263 3090 ut
289 3019 435 3112 ridetur,
464 3037 644 3117 arreptam,
669 3044 741 3090 saee.
778 3017 857 3090 Xlll
876 3043 1031 3116 usurpare
1052 3044 1171 3126 ,ωερε-

106 3119 269 3215 mmm).

145 3307 177 3470 t

209 3307 315 3370 confer
328 3309 482 3370 eoneilium
494 3307 700 3370 Tridentinum
714 3303 769 3367 loe.
783 3305 832 3367 eit.

210 3393 253 3450 De
273 3391 471 3452 stmamentali
490 3392 683 3463 (animaene,
713 3407 779 3467 quae
801 3386 879 3468 apud
903 3389 1060 3451 sacerdotis
1089 3409 1173 3452 aures

106 3471 282 3549 absolvitur,
304 3491 449 3551 quamque
468 3491 583 3552 semper
603 3472 720 3554 agnovit
742 3489 775 3532 ee
796 3471 931 3550 probavit
959 3473 1091 3547 eeclesia,
1116 3473 1174 3533 late

107 3555 185 3615 inter
209 3563 320 3616 eeteros
339 3555 398 3635 egit
421 3555 575 3618 Jueninius
597 3553 633 3616 de
654 3557 787 3617 Sacram.
804 3551 877 3614 dise.
905 3555 923 3612 6
963 3573 995 3615 o.
1019 3556 1036 3614 t
1058 3561 1118 3613 ort.
1136 3556 1172 3626 2,

107 3637 233 3696 eolleetis
258 3655 433 3715 unoquoque
456 3638 560 3698 saeeulo
583 3641 703 3698 Petrum
721 3635 910 3711 testimoniis,
935 3573 1057 3712 sitisque
1084 3635 1174 3696 eecle-

108 3718 228 3780 siastieis
242 3719 454 3798 monumentis,
471 3717 551 3780 unde
566 3719 740 3800 intelligitur
759 3717 838 3778 illam
852 3735 967 3796 semper
989 3717 1093 3790 luisse,
1108 3735 1175 3794 quse

109 3819 188 3860 nune
201 3807 261 3876 est,
287 3819 320 3860 ea
341 3800 378 3861 de
390 3819 423 3862 re
443 3802 569 3862 eeclesiae
596 3803 780 3862 senteutiam.
801 3803 897 3876 Quare
919 3805 952 3858 ut
974 3805 1054 3858 reete
1075 3807 1175 3859 monet

37 3923 45 3946 .
109 3884 168 3978 Jul3
183 3885 270 3943 Laur.
287 3883 435 3978 Selvagins
450 3883 544 3967 antiq.
564 3881 669 3978 Christ.
693 3881 750 3978 tit..
761 3884 780 3942 5
795 3899 861 4024 coge.
883 3883 921 3941 ta
934 3878 960 3959 3.
988 3881 1043 3950 42,
1074 3901 1087 3932 a
1102 3881 1173 3940 Risu

110 3973 220 4042 potrus,
234 4050 237 4058 Ι
253 3983 339 4044 quam
360 3965 451 4028 solrda
473 3968 669 4028 confutatione
691 3982 821 4044 exerpren
844 3981 893 4024 um
911 3971 953 4022 est
977 3969 1174 4024 commentum

207 4069 284 4117 rou.
314 4070 336 4116 1.
1012 4042 1072 4113 ⁶20.
1127 4132 1130 4140 Ι
1168 4115 1171 4120 ,
