3134 5144
483 445 531 460 -
555 404 627 476 245
652 443 701 462 -

82 557 105 614 S.
130 556 177 614 teo
200 555 237 614 tt.
263 549 341 631 apud
357 553 528 614 Gratianum
546 573 613 614 eon.
633 556 653 615 t
671 562 700 614 ot
721 555 739 615 u
761 549 831 614 diat.
851 553 891 614 ⁷5
913 549 1003 614 tradit
1025 551 1122 614 diser-

80 635 182 710 tissime,
199 641 341 695 vetustam
358 643 530 714 essentque
555 655 571 696 a
602 635 734 715 patribus
760 641 905 713 aeeeptam
934 635 1122 696 eonsuetudi-

81 735 145 789 nem,
164 717 239 796 qood
252 717 450 777 ordinationes
468 737 527 778 non
549 719 665 800 ponem
689 715 790 778 dietata
814 715 948 778 omousius
965 707 1123 794 expedian-

82 807 132 866 tur,
152 798 200 860 sed
230 797 278 860 die
311 795 466 859 domim
490 800 716 861 resurrectiones
746 800 756 880 1
797 798 850 858 alis
876 799 947 860 otim
972 799 1124 860 dieebatur

82 880 180 956 audibat
195 880 256 940 dies
281 875 461 955 Dominieds)
488 880 538 943 eui
555 902 574 942 o
590 884 749 964 msperos
803 880 848 941 oti
866 879 988 942 initium
1011 889 1125 944 annotet

81 959 197 1023 aderiti.
216 963 332 1024 Primus
360 963 490 1024 Gelasius
511 967 524 1026 1
544 964 621 1044 apud
639 963 811 1027 Gratianum
829 981 898 1023 eoo.
919 959 975 1022 uit.
994 959 1064 1026 diat.
1085 965 1124 1024 75

83 1046 221 1120 destituit,
240 1053 274 1104 ut
289 1043 487 1106 ordinationes
501 1045 607 1106 fierent
621 1045 734 1128 jejunio
749 1043 858 1106 mensio
875 1044 980 1128 quarti
996 1042 1063 1126 (hoo
1080 1053 1126 1106 est

84 1127 161 1196 lunii,
184 1128 320 1206 qnoniam
342 1125 411 1186 olim
437 1127 587 1190 christiani
606 1129 737 1207 exempto
762 1131 959 1189 Romanorum
984 1145 1001 1186 a
1025 1145 1127 1188 mense

85 1211 169 1270 ttartio
184 1227 293 1270 annum
312 1207 497 1287 inchoabant)
513 1210 644 1292 septimi,
671 1209 727 1271 hoe
751 1217 794 1270 est
812 1205 995 1291 septentbrt'a,
1022 1207 1129 1270 decimi
1170 1259 1174 1269 ,
1283 1279 1286 1286 ,
1348 1193 1351 1202 ’

82 1288 127 1350 hoe
148 1299 187 1350 ast
208 1289 367 1353 deoendrr'a
394 1299 423 1352 et
447 1289 717 1376 quodruyeaimolia
743 1291 833 1366 initii,
863 1289 918 1350 hoo
951 1299 996 1350 est
1017 1290 1128 1372 primm

82 1367 246 1434 tddomodae
261 1371 497 1457 qundroqeaimoe
512 1393 545 1434 aa
562 1372 708 1436 audiente
722 1369 926 1448 tetmmatae,
948 1372 979 1432 id
998 1379 1041 1432 est
1055 1371 1129 1434 Sab-

83 1452 133 1512 bati
145 1462 207 1513 ante
218 1457 399 1516 Dominieom
413 1457 569 1534 passionis,
582 1457 715 1536 quintam
728 1454 974 1534 quadragesimae,
988 1471 1053 1530 qum
1066 1471 1131 1514 me-

82 1535 159 1594 diam
180 1553 287 1614 quoque
315 1539 467 1599 Dominioa
492 1538 614 1616 dieitur,
642 1539 710 1618 quia
735 1537 766 1598 in
803 1535 934 1616 ejusdem
957 1535 1131 1596 lectionibus

81 1627 305 1678 oommemoratm
318 1619 387 1680 luna
414 1621 629 1698 quartadecima
657 1628 687 1680 et
710 1618 940 1698 quintadecima,
970 1635 1036 1696 qum
1063 1626 1132 1678 sunt

83 1697 212 1758 medietas
226 1700 331 1777 periodi
347 1703 470 1762 lunaris.
491 1705 672 1782 Quamquam
689 1719 758 1762 vero
780 1702 811 1762 in
836 1699 890 1762 itae
911 1698 1031 1777 epistola
1051 1699 1131 1760 nulia

84 1781 118 1840 sit
132 1781 232 1842 mentio
250 1783 363 1846 sabbati
380 1785 489 1860 saneti,
513 1795 610 1846 nmen
630 1801 799 1864 aequoque
819 1781 867 1844 die
890 1801 907 1842 a
932 1780 1044 1842 Gelasio
1062 1799 1133 1860 per-

85 1863 177 1924 missas
188 1864 419 1944 prosbyterorum
433 1875 463 1926 et
481 1865 668 1928 diaconorum
682 1865 880 1928 ordinationes
894 1869 976 1942 putat
990 1862 1134 1925 Christia-

83 1963 130 2005 nus
141 1947 229 2024 topos
244 1947 276 2007 in
287 1946 360 2009 eote.
378 1945 475 2010 Senot.
493 1947 533 2010 od
551 1947 657 2011 decret.
676 1943 1044 2026 5,8.teonts1)ttnra
1084 1965 1131 2006 aaa.

85 2025 118 2086 ad
135 2029 153 2087 2
169 2037 269 2111 queat.
294 2038 364 2090 tom.
386 2033 406 2091 1
429 2049 501 2126 paq.
523 2031 596 2110 299,
614 2029 683 2092 edit.
708 2032 808 2090 Venot.
831 2027 889 2090 Sed
907 2026 1011 2088 elarius
1048 2026 1134 2088 einde

83 2108 227 2170 Alexander
248 2115 289 2174 111
303 2113 496 2174 ordinationis
506 2119 637 2192 tempora
651 2112 801 2174 mustituit
821 2109 853 2169 in
871 2127 937 2191 eop.
959 2109 977 2168 5
996 2105 1031 2168 de
1053 2111 1136 2169 Terra-

81 2209 137 2286 W:
159 2191 269 2268 ordin„
307 2211 374 2256 eum
401 2195 497 2272 inquit
523 2195 603 2274 quod
630 2195 667 2256 ad
699 2192 938 2288 subdiaconatum
966 2197 994 2250 et
1023 2197 1133 2250 eeteros

82 2271 1133 2440 tt{tutatutttttzttwnttttttttz

90 2447 278 2522 metaneam
287 2441 421 2501 Rmnnno
436 2438 584 2524 Pontifici,
597 2437 665 2502 ticet
675 2437 717 2500 αἱ·
737 2457 792 2501 uns
801 2436 953 2499 ordinare.

113 2519 150 2600 (t)
170 2525 241 2604 Cup.
262 2523 329 2582 det
342 2540 407 2604 cop.
427 2521 494 2584 ade
514 2525 649 2605 Tempor.
669 2541 704 2584 or
726 2522 801 2582 inat.
822 2523 1035 2582 Potesttamen
1058 2518 1136 2595 epis·

81 2619 154 2678 oopus
170 2606 339 2664 ordinatum
355 2607 392 2664 ab
409 2621 442 2666 ea
459 2623 543 2683 panna
561 2612 625 2683 post
649 2613 741 2664 aeman
770 2601 970 2682 penitentiam
990 2597 1133 2674 liberare,

82 2684 115 2741 nti
136 2685 163 2744 in
181 2706 214 2747 cn
239 2731 246 2746 .
276 2687 314 2746 16
330 2685 393 2747 eod.
416 2687 460 2748 ot.
487 2688 629 2748 sancitum
645 2694 720 2748 esta
740 2683 880 2764 Gregorio
903 2685 959 2758 ΙΧ,
984 2678 1137 2740 emendata

80 2783 106 2824 ea
119 2767 145 2826 in
156 2785 187 2829 re
219 2767 355 2843 ecretaii‚
368 2787 434 2847 quaa
445 2777 488 2829 eat
500 2769 533 2830 in
545 2769 594 2830 eit.
608 2787 673 2851 cop.
688 2770 717 2845 8,
732 2784 785 2846 per
798 2783 886 2843 qurum
897 2763 959 2824 heo
969 2760 1065 2823 elerici
1080 2778 1138 2820 res·

81 2849 163 2908 titutio
184 2852 247 2912 aedi
281 2851 479 2929 Apostololieoe
496 2852 592 2912 iuerat
614 2857 770 2912 reservata.
791 2849 827 2909 Et
846 2846 978 2926 quamvis
995 2844 1093 2907 Sixtus
1111 2845 1137 2904 V

81 2931 178 2992 aaut.
196 2935 349 2996 sonetum
367 2941 395 2994 et
409 2931 543 2996 solutore
565 2935 624 2994 tto
637 2951 709 3016 paq.
726 2933 767 2992 to
781 2937 850 2991 tom.
867 2931 884 2990 a
898 2947 968 3009 por.
984 2928 998 2988 1
1016 2921 1141 3020 laudarit

81 3029 131 3072 eam
146 3033 206 3076 rem
225 3015 369 3077 similiter
384 3015 446 3076 sedi
466 3016 636 3096 Apostolioaa
653 3017 843 3088 manasset,
862 3020 960 3073 tamen
980 3007 1050 3070 hure
1068 3025 1139 3068 con-

83 3093 209 3158 stitutioni
220 3097 529 3178 derogavitreeentior
536 3097 704 3158 constitutio
716 3097 884 3156 Romanum
895 3088 1069 3174 Pontificem
1080 3091 1135 3150 tut

85 3175 225 3240 Gementis
239 3181 314 3242 vttt
324 3197 396 3260 puy.
413 3180 451 3239 97
467 3187 537 3240 torn.
553 3183 653 3261 dpar.
669 3173 834 3238 adulterii.

111 3257 146 3339 (t)
166 3263 239 3344 Gap.
262 3259 336 3322 ute
355 3263 487 3342 Terapor.
510 3261 640 3323 ordinet.
662 3257 915 3335 Quemadmodum
940 3263 1037 3316 autem
1056 3273 1138 3316 sum-

80 3357 131 3401 nus
153 3345 294 3406 Pontifex
314 3350 396 3404 extra
419 3352 549 3422 tempora
577 3362 593 3402 a
618 3345 690 3404 ture
717 3339 872 3400 eonstituta
901 3354 996 3398 aaaron
1021 3336 1139 3398 ordines

80 3424 194 3486 anum
215 3433 334 3504 potest3
349 3425 389 3485 ita
408 3425 547 3504 episeopis
565 3422 733 3484 conterendi
748 3421 852 3482 tribuit
865 3419 1045 3497 inanitatem,
1060 3418 1141 3496 quod

79 3515 181 3580 prestat
206 3507 322 3568 litteris
345 3507 507 3586 apanotieis
531 3506 564 3566 in
585 3504 684 3574 formo
698 3503 821 3580 Brevia,
845 3521 917 3581 quas
941 3500 1029 3582 vulgo
1054 3509 1141 3562 estro

79 3594 196 3668 temporo
221 3587 419 3669 appellamus.
439 3593 510 3664 Qun
529 3588 649 3650 incultas
673 3585 842 3648 eonceditur
861 3585 946 3665 iustis
969 3583 1007 3644 de
1030 3583 1139 3656 causis,

77 3687 136 3745 quaa
159 3679 305 3732 numerat
329 3671 513 3752 congregatio
535 3669 735 3750 particularis,
763 3669 863 3729 habita
890 3664 1058 3728 innocentio
1085 3666 1141 3724 x11

77 3753 220 3832 tortitiae,
234 3753 320 3833 apud
334 3753 503 3833 itigantium
522 3752 563 3814 od
580 3749 674 3835 requi.
694 3753 733 3812 ut
749 3745 914 3812 cuneatior.
929 3745 955 3830 §.
971 3751 985 3808 t
1003 3763 1086 3806 num.
1100 3746 1140 3804 tt

107 3916 146 3994 (61
167 3921 244 4001 Gap.
279 3918 298 3976 5
323 3913 358 3976 de
379 3919 513 3998 Tempor.
538 3915 668 3978 ordinat.
681 3919 754 3992 Quae
777 3911 928 3976 decretalis
949 3927 1007 3970 non
1033 3907 1073 4001 ita
1097 3913 1142 3966 est

75 3996 276 4082 intelligenda,
299 4007 332 4060 ut
349 3999 498 4078 episeopus
516 4001 617 4060 eadem
634 3999 682 4059 die
699 3999 751 4058 nni
776 3995 880 4058 elerico
901 3993 999 4072 piures
1013 4006 1141 4050 minores
