3140 5168
508 501 555 516 -
582 461 654 532 505
680 503 729 518 --

81 623 130 680 cst
151 597 397 679 matrimonium
419 609 470 680 od
491 608 780 776 Moppcncts'ccm
804 608 872 705 (6),
894 609 983 708 quod
1011 613 1046 681 in
1066 610 1153 684 Ger-

83 709 191 776 mania
234 709 417 802 praesertim
455 722 549 778 contr
593 723 653 777 unt
686 709 745 776 viri
782 706 925 798 nobiles,
969 735 1045 780 curn
1081 729 1155 806 post

83 805 214 876 obitum
243 805 360 876 nobilis
396 803 559 896 mulieris,
623 831 699 876 uam
726 803 856 902 pridem
888 831 1023 878 uxorem
1052 805 1155 880 habe-

82 903 181 994 bant,
217 928 254 973 ac
289 905 414 1000 genitos
452 929 492 974 cx
524 928 562 974 ea
599 832 704 994 ilios,
745 902 840 974 aliam
875 901 1002 976 ducunt
1038 904 1156 980 humili

81 1001 154 1074 lccc
191 1017 314 1072 natam.
352 1001 441 1072 Uxor
472 1001 563 1091 hsce,
600 1017 699 1099 atque
729 1027 769 1073 ex
798 1027 834 1072 ea
868 1005 1008 1098 suscepti
1041 1003 1153 1096 liberi,

77 1125 96 1169 a
134 1103 194 1170 viri
222 1127 260 1171 ac
287 1103 387 1198 patris
420 1099 578 1196 dignitate
615 1099 855 1172 excluduntur:
892 1101 982 1198 quod
1016 1104 1051 1172 in
1083 1129 1155 1174 ma-

82 1200 241 1270 trimonio
267 1201 472 1270 conscientie
496 1223 586 1270 secus
611 1213 661 1269 eat
692 1197 759 1296 (7).

120 1345 165 1429 (1)
186 1349 320 1424 liertius,
341 1347 583 1430 Willembergius
606 1348 714 1427 aliique
736 1353 931 1427 protestantes
947 1348 989 1408 ita
1011 1351 1155 1430 explicant

78 1427 171 1506 hujus
194 1431 373 1490 matrimonii
400 1439 549 1508 naturam,
568 1438 602 1490 ut
622 1431 670 1491 rix
690 1429 764 1491 illud
788 1448 805 1490 a
827 1429 1022 1491 concubinatu
1050 1433 1155 1494 distin·

79 1519 198 1591 guntur.
214 1512 272 1574 Sed
289 1519 401 1574 certum
418 1521 461 1574 est
477 1513 556 1572 inter
569 1512 726 1574 catholiam
744 1529 848 1573 verum
864 1529 927 1574 esse
944 1531 978 1572 ac
991 1512 1156 1595 legitimum

81 1595 322 1672 matrimonium,
337 1602 365 1654 et
385 1595 452 1656 ideo
467 1595 641 1656 sacramenti
654 1595 798 1656 rationem
813 1593 932 1656 babere.
946 1593 1090 1656 Videndc
1102 1615 1157 1656 au-

80 1685 140 1736 tem
161 1677 192 1736 in
208 1677 310 1755 primis
327 1685 396 1736 sunt
413 1677 565 1756 encyclicas
578 1679 685 1739 litterae
703 1675 785 1738 Satis
800 1675 881 1739 octat
905 1675 1015 1738 Bened.
1036 1681 1105 1741 XIV
1124 1678 1158 1738 ic

77 1755 191 1820 bullar.
209 1766 279 1820 toan.
301 1761 313 1819 1
334 1777 419 1820 scm.
441 1761 480 1820 st
491 1777 564 1856 pop.
582 1763 622 1822 bl
635 1757 681 1820 ed.
697 1758 763 1836 eit,
783 1759 936 1837 inquibus
954 1760 1069 1832 omnia,
1091 1779 1158 1840 quae

79 1841 117 1902 ad
141 1841 199 1901 boc
223 1839 443 1902 matrimonium
465 1850 630 1920 pertinent,
655 1849 787 1902 accurate
807 1841 1004 1920 explicantur,
1033 1861 1158 1922 queque

80 1923 214 2004 regulam
228 1921 363 2002 praebent
376 1923 540 2002 apostolice
551 1924 791 2003 paenitentiarie,
806 1941 873 1984 cnm
887 1923 925 1984 de
939 1922 986 1984 bis
1007 1923 1160 1984 matrimo-

80 2007 262 2086 niisagitur,
286 2006 329 2066 uti
344 2013 423 2084 patet
439 2024 475 2066 ex
493 2007 583 2086 ipsius
600 2009 755 2067 sen.er
776 2013 869 2068 const.
885 2009 924 2068 95
939 2003 966 2086 S.
985 2007 1023 2066 59
1033 2025 1066 2088 p.
1084 2008 1156 2067 tus.

121 2087 166 2169 (2)
186 2092 256 2149 Late
271 2105 305 2148 ea
321 2087 358 2148 de
379 2107 413 2148 re
431 2088 560 2167 disputat
580 2091 629 2149 Fr.
653 2089 784 2149 Mazaeus
802 2089 832 2148 in
854 2089 940 2150 Rom.
960 2089 1047 2150 Curia
1067 2087 1157 2149 advo·

79 2180 178 2246 catus,
190 2171 241 2248 qui
256 2167 292 2230 de
305 2171 441 2232 nemrim.
456 2169 601 2232 mosaica
619 2171 799 2252 singularem
817 2170 927 2231 librum
945 2173 1045 2232 noma
1062 2169 1157 2232 edidit

84 2272 137 2314 cat.
156 2254 237 2313 1765
251 2269 286 2312 cu
311 2253 363 2312 ,9.

120 2334 164 2416 (5)
185 2271 363 2396 incultilem
383 2333 514 2394 solvendi
538 2333 665 2412 aliquem
692 2333 757 2415 lege
780 2335 1040 2413 proclamationum
1065 2341 1156 2396 totam

79 2416 207 2496 episcopi
223 2415 346 2478 arbitrio
361 2417 506 2477 commisit
529 2416 634 2496 synod.
656 2417 739 2479 Trid.
762 2435 833 2479 acas.
860 2419 900 2479 nt
917 2435 985 2499 cap.
1007 2419 1020 2477 1
1042 2413 1078 2476 dc
1099 2415 1154 2500 res.

80 2498 215 2560 maim.
230 2503 274 2560 Dc
288 2497 395 2558 barum
409 2498 668 2578 proclamationum
681 2499 796 2580 origiue
807 2500 893 2579 paulo
907 2507 973 2578 post
986 2497 1093 2559 dicam.

121 2579 164 2662 (1)
185 2580 322 2659 Syncdus
334 2579 416 2642 Trid.
433 2577 489 2643 loc.
504 2579 554 2642 eit.
578 2605 592 2634 ιι
606 2581 728 2656 Habeat,
744 2580 856 2659 inquit,
871 2581 1016 2661 parochus
1028 2579 1155 2656 librum,

80 2663 110 2722 in
123 2681 182 2742 qua
195 2662 353 2742 conjugum
365 2671 395 2722 ct
410 2663 528 2723 testium
546 2663 682 2741 nomina,
702 2664 839 2740 diemque
855 2671 886 2724 et
900 2664 996 2724 locum
1016 2663 1156 2723 contracti

81 2745 261 2806 matrimonii
273 2745 429 2819 describat,
445 2762 533 2823 quern
547 2745 705 2825 diligenter
715 2745 794 2824 apud
804 2763 836 2805 se
849 2745 1003 2806 custodiat.
1016 2770 1029 2800 a
1046 2745 1156 2808 Eadem

79 2827 211 2905 synodus
224 2827 350 2908 episcopi
362 2827 485 2888 arbitrio
497 2845 556 2888 non
570 2829 728 2890 committit
742 2827 818 2888 banc
827 2827 940 2908 legem,
956 2834 989 2887 ut
1000 2828 1156 2888 committit

81 2909 339 2986 proclamationes,
354 2909 407 2970 scd
423 2927 490 2970 cum
512 2909 600 2970 bodie
625 2911 791 2990 episcopus,
814 2909 976 2970 secuudum
998 2909 1156 2989 encyclicas

81 2991 193 3052 litteras
208 2990 317 3052 bened.
333 2995 414 3067 xlv,
429 2993 600 3070 permittere
614 2993 703 3072 possit
721 2993 941 3054 matrimonium
955 2992 1154 3067 conscientie,

81 3073 236 3134 dubitandi
264 3073 343 3133 locus
372 3091 435 3134 esse
455 3092 515 3134 non
539 3081 651 3153 puteat,
677 3074 749 3152 quin
778 3074 866 3134 ctiam
889 3093 957 3134 curn
984 3073 1046 3152 ejus
1070 3075 1155 3134 venia

81 3154 169 3234 bajus
189 3155 369 3216 matrimonii
393 3155 549 3236 descriptio
571 3155 603 3216 in
626 3154 776 3217 ordinario
798 3156 1053 3218 matrimoniorum
1077 3156 1153 3218 libro

83 3238 180 3298 omitti
262 3238 293 3296 ἰ.

118 3318 162 3401 (5)
184 3255 268 3382 lldpii⁸¹
277 3322 347 3382 xlv
364 3319 396 3380 in
414 3319 539 3380 laudetis
563 3319 715 3398 encyclicis
738 3319 813 3380 mala
835 3327 1060 3396 commemorat,
1089 3339 1154 3399 quae

81 3421 115 3462 ex
132 3401 248 3463 occulto
264 3401 453 3462 matrimonio
474 3401 546 3462 oriri
575 3403 685 3477 solent,
708 3401 833 3480 ideoque
851 3403 970 3478 statuit,
997 3401 1072 3462 illud
1094 3421 1154 3464 non

81 3501 141 3545 esse
158 3482 391 3564 permittendum
413 3483 477 3546 siae
495 3501 588 3546 causa
606 3483 708 3566 provi,
736 3482 857 3566 serpenti
879 3492 907 3545 ct
928 3482 1151 3566 uryeuttsciaac.

84 3569 175 3626 Unam
197 3567 259 3644 ipse
274 3567 415 3644 expressit
429 3583 565 3643 causam,
586 3567 611 3626 si
625 3564 762 3627 videlicet
775 3567 820 3626 rir
837 3574 866 3626 et
879 3567 987 3626 mulier
999 3565 1154 3627 inocculto

84 3648 278 3710 concubinatu
305 3647 416 3724 vivant,
445 3665 540 3726 neque
566 3648 625 3709 ulla
647 3647 725 3727 apud
748 3647 883 3710 bomincs
912 3647 1000 3727 hujus
1023 3646 1154 3708 criminis

81 3731 206 3808 suspicio
217 3731 266 3790 sit.
283 3733 366 3792 Tunc
378 3731 457 3792 euim
469 3730 699 3809 permittendum
713 3739 758 3792 est
769 3731 992 3792 matrimonium
1003 3729 1152 3790 conscien-

80 3813 146 3888 tiac3
161 3812 214 3872 sed
228 3821 307 3874 recte
320 3813 434 3874 addidit
445 3815 507 3891 ipse
521 3814 654 3874 Pontifex
674 3837 688 3866 a
703 3817 783 3876 lianc
794 3814 908 3892 praxim
921 3812 1003 3874 vobis
1016 3811 1152 3870 duximus

81 3895 317 3974 proponendam
336 3913 396 3956 non
420 3897 489 3974 quia
510 3895 686 3975 dispensatio
708 3896 858 3974 premisso
876 3896 953 3955 casui
976 3893 1069 3953 solum
1083 3909 1153 3954 cons

80 3986 181 4056 grant,
199 3997 266 4038 cum
280 3977 329 4037 alii
356 3977 464 4038 similes
488 3985 517 4037 et
541 3979 661 4040 fortasse
682 3980 865 4058 urgentiores
887 3994 949 4036 esse
975 3975 1096 4051 possint,
1120 3975 1151 4034 iu

80 4059 187 4136 quibus
213 4061 380 4138 dispensare
414 4060 564 4140 expediat3
591 4061 642 4121 scd
667 4061 734 4138 quia
762 4060 851 4122 vestri
881 4057 1031 4136 pastoralis
1062 4055 1149 4118 officii

181 4167 258 4211 roa.
288 4166 311 4211 1.
1004 4136 1055 4208 9³2
1112 4181 1114 4188 ι
