3122 5178
825 461 1019 532 ..54-

392 611 592 706 Gangrenses
618 609 708 698 XX,
732 606 952 680 Antiochenos
977 607 1095 697 XXV,
1125 607 1320 679 Laodicenos
1353 606 1448 696 ux,

389 703 847 804 constantinopolitanos·v1‚
871 707 1052 804 Ephesinos
1074 705 1152 776 Vlll
1172 704 1249 802 (l),
1268 703 1450 776 Chalcedo-

384 833 504 892 ¹nenses
527 805 672 895 XXVII,
701 805 842 903 denique
865 807 1005 877 'canones
1024 803 1157 876 eductos
1183 829 1221 874 ex
1244 803 1387 898 epistolis
1410 801 1445 873 S.

207 973 210 980 .
258 985 262 994 ,
388 904 496 976 Basilii
517 903 667 985 LXlllll.
694 903 878 975 Postremos
904 903 962 974 bos
988 929 1125 976 canones
1151 901 1193 972 ab
1224 900 1292 972 aliis
1321 904 1450 973 omissos

342 1045 344 1050 ·
388 1005 511 1098 primus
548 1003 689 1076 loannes
709 1004 746 1073 in
773 1028 829 1072 sua
864 1001 1054 1073 collectione
1085 1001 1270 1104 descripsit,
1307 999 1448 1097 reliquos

388 1125 501 1172 omnes
525 1127 568 1172 ex
594 1099 829 1199 antiquioribus
855 1101 992 1196 arripuit
1013 1097 1083 1196 (ἢ).

428 1370 470 1452 (l)
491 1374 616 1434 ioannes
634 1371 825 1433 scholasticus
840 1371 871 1431 in
888 1370 1057 1449 praelatione
1071 1367 1237 1431 describens
1251 1367 1383 1430 ordinem
1401 1387 1449 1429 ca·

388 1472 499 1514 nonum
513 1454 545 1514 in
559 1472 611 1514 suo
625 1452 722 1514 codiee
735 1453 899 1514 exhibitum
915 1459 1050 1512 numerat
1061 1465 1184 1512 canones
1198 1450 1359 1530 Ephesinos
1375 1454 1448 1526 Vll,

388 1535 440 1596 sed
454 1543 551 1596 tamen
566 1535 598 1596 in
609 1554 730 1616 corpore
740 1537 836 1615 operis
851 1534 896 1594 tit.
911 1535 998 1594 etiem
1012 1542 1146 1594 octavum
1158 1533 1267 1594 laudat.

427 1616 468 1700 (2)
489 1617 574 1695 Quod
589 1617 696 1678 diserte
708 1625 830 1678 testatur
841 1619 901 1696 ipse
910 1619 1036 1678 ioannes
1049 1617 1080 1675 in
1092 1616 1260 1694 prelatione
1273 1633 1333 1674 sue
1346 1614 1450 1674 colloc-

387 1699 489 1775 tionis‚
505 1719 570 1778 quae
588 1709 631 1759 est
647 1699 725 1777 apud
750 1699 883 1760 Vaelium
904 1705 933 1756 et
947 1697 1101 1758 iusteilum
1115 1694 1254 1757 Bibliotb.
1275 1699 1347 1757 lar.
1373 1700 1447 1757 Cora.

388 1789 444 1841 oct.
469 1789 538 1840 tom.
564 1782 597 1855 2,
616 1797 688 1860 paq.
708 1779 768 1840 499
787 1787 887 1860 etseq.
904 1779 999 1851 Quare
1018 1776 1206 1836 vehementer
1219 1785 1298 1838 errat
1319 1777 1451 1839 Christo·

386 1863 497 1941 phorus
516 1859 668 1934 botellus,
684 1860 734 1936 qui
752 1859 881 1938 primum
899 1857 1082 1919 sardicenses
1096 1875 1220 1917 canones
1238 1861 1337 1919 eraso
1357 1860 1449 1920 codici

385 1947 526 2005 ioannem
544 1940 751 2004 scholasticum
768 1940 914 2000 addidisse
927 1938 1097 1999 arbitratur.
1118 1941 1203 2001 Certo
1221 1939 1340 2016 quidem
1362 1943 1451 2002 statui

386 2043 446 2085 non
463 2031 572 2103 potest,
588 2041 660 2082 nurn
676 2021 859 2083 sardicenses
872 2038 996 2082 annones
1012 2020 1148 2081 babuerit
1161 2021 1380 2098 antiquissimus
1401 2023 1451 2084 ille

387 2107 492 2183 codex,
505 2106 555 2184 qui
569 2105 728 2166 continenti
742 2105 817 2164 serie
835 2121 1023 2164 numerorum
1040 2103 1069 2164 in
1083 2103 1204 2164 concilio
1223 2102 1449 2166 chalcedonensi

386 2187 478 2248 lectus
495 2187 565 2263 iuit3
583 2185 634 2247 sed
647 2195 745 2246 umen
763 2185 891 2246 dubitari
908 2203 967 2245 uon
983 2193 1092 2266 potest,
1108 2186 1179 2263 quin
1198 2184 1261 2244 aliis
1274 2185 1447 2262 quibusdam

387 2269 534 2332 codicibus
558 2269 644 2329 etiarn
664 2267 847 2331 Sardieenses
866 2285 990 2328 canones
1009 2266 1342 2346 comprehenderentur,
1370 2268 1448 2346 quod

385 2353 444 2412 late
453 2349 726 2414 ostenduntiratres
740 2349 887 2412 Ballerinii
899 2347 954 2410 loc.
972 2349 1040 2428 cit,
1058 2368 1127 2433 por.
1145 2353 1159 2412 l
1178 2367 1245 2432 cup.
1269 2350 1301 2426 6,
1315 2367 1388 2434 paq.
1408 2351 1448 2412 54

388 2443 486 2518 etseq.

435 2661 465 2762 §.
486 2661 572 2734 LVI.
591 2661 704 2734 Edidit
718 2664 786 2760 ipse
800 2661 939 2734 loannes
952 2665 1052 2734 etiam
1066 2658 1350 2733 Nomocmtootem
1366 2661 1419 2758 (l)
1434 2715 1448 2749 ,

389 2761 527 2833 divisum
556 2765 636 2832 item
665 2763 700 2832 in
730 2760 841 2832 titulos
874 2762 1109 2859 quinquaginta
1142 2785 1179 2831 ac
1208 2785 1268 2856 per
1300 2761 1448 2830 materias

388 2859 598 2950 distinctum,
633 2861 670 2930 iis
717 2858 877 2958 eadjecit
905 2857 992 2954 leges
1025 2857 1156 2929 eductas
1192 2859 1372 2953 presertim
1409 2883 1448 2928 ex

389 2957 499 3029 codice
536 2973 569 3028 et
601 2886 735 3029 novellis
758 2957 942 3028 iustiniani.
972 2957 1076 3029 Novas
1108 2981 1240 3053 quoque
1269 2953 1449 3026 additiones

388 3058 512 3152 accepit
536 3053 724 3126 Graecornm
745 3053 864 3145 codex,
887 3080 962 3126 cum
985 3052 1160 3143 Trullana,
1183 3068 1239 3124 ant
1259 3051 1448 3138 Qninisexta

389 3151 532 3321 ῗηοάυε
554 3151 662 3222 habita
680 3167 729 3223 est
753 3153 827 3319 (gii
853 3177 960 3250 neque
980 3177 1056 3224 suus
1078 3149 1167 3249 apud
1190 3149 1318 3222 Graecos
1344 3150 1450 3222 honor

413 3251 493 3322 eluit
507 3249 748 3322 collectionibus
815 3252 891 3340 orii,
915 3253 972 3348 qui
985 3248 1183 3321 Graecorum·
1200 3248 1374 3320 schismatis
1399 3249 1449 3320 rel

390 3363 521 3438 auctor,
540 3347 590 3418 rel
608 3363 695 3420 certe
716 3373 791 3444 pars
809 3374 924 3442 magna
947 3347 1029 3438 fuit,
1059 3345 1218 3419 Simeonis
1235 3345 1447 3444 Logotbetae‚

391 3447 493 3517 Alexii
513 3447 664 3534 Arimini,
682 3447 828 3535 arsenii,
848 3445 1119 3542 Harmeneopoli‚
1140 3443 1315 3542 dequibus
1338 3447 1449 3516 omni-

390 3543 451 3614 bus
469 3543 656 3638 singillatim
670 3543 775 3614 dicere
788 3543 924 3639 longum
944 3559 993 3614 est
1014 3571 1052 3614 ac
1067 3546 1361 3620 nonnecessarium
1379 3543 1446 3638 (5).

427 3798 473 3881 (ll
493 3799 702 3862 Nomocanouis
726 3800 844 3860 nomine
869 3799 933 3861 haec
955 3799 1084 3861 collectio
1108 3800 1283 3879 appellatur,
1311 3799 1450 3878 quoniam

391 3883 520 3943 continet
535 3881 632 3962 legum
646 3899 712 3942 cunr
725 3881 883 3942 canonibus
896 3883 1088 3943 collationem.
1109 3885 1217 3942 flamna
1236 3883 1326 3963 igitur
1345 3881 1451 3942 collec-

392 3965 521 4041 tionum,
535 3981 601 4042 quoe
614 3982 649 4024 ex
670 3963 767 4044 legum
790 3973 820 4023 et
840 3982 983 4024 canonum
1007 3965 1132 4024 mixtura
1153 3965 1373 4026 Noaaocenones
1397 3982 1450 4042 ap-

392 4045 504 4123 pellate
517 4053 601 4128 sunt,
618 4064 741 4127 queque
750 4045 828 4128 apud
842 4049 956 4111 Grecos
970 4045 1068 4126 plnres
1082 4054 1290 4124 numerantur,
1303 4046 1450 4127 originem
