3106 5170
529 478 748 552 -tul-

89 625 200 705 meis
216 625 393 708 preshyteris
411 628 534 690 vetitum
558 649 619 692 esse
642 628 870 692 confirmationis
888 637 1100 692 sacromentum
1115 628 1169 692 od-

89 710 258 771 minislure.
275 713 388 772 Verum
402 713 502 774 luucc.
521 712 652 792 loquitur
666 713 704 774 de
718 713 815 772 lutiuis
834 712 1029 793 presbyteris,
1045 713 1095 792 qui
1110 715 1168 775 (ΣΡ.

91 791 303 868 morabuntur3
319 802 349 854 et
366 812 436 855 vero
454 794 485 854 iu
497 795 611 876 integro
622 795 774 871 decretali,
791 813 857 874 qute
874 804 966 856 exstet
982 795 1061 874 upud
1083 795 1170 856 Bulu-

90 873 178 934 zium
199 882 267 936 tom.
289 879 303 936 1
326 877 413 958 epist.
432 877 538 938 Iunco.
561 879 617 940 111
627 897 701 960 pap.
723 879 800 952 480,
826 877 999 938 nominatim
1018 878 1116 958 egitur
1133 875 1171 938 de

90 952 203 1018 latinio
215 955 408 1041 presbytero,
432 959 485 1022 ecd
499 959 622 1021 verbum
642 959 717 1022 illud
735 956 839 1022 latinis
860 959 892 1020 iu
906 959 1096 1022 decretalium
1109 958 1169 1022 ccl-

92 1037 223 1100 lectione
241 1041 435 1120 Ruymuudue
450 1041 560 1103 omisit.

143 1192 177 1293 ὃ.
219 1195 308 1268 XLI.
342 1195 418 1269 Non
453 1199 515 1270 uisi
545 1197 586 1268 bu
611 1200 698 1270 tieuti
723 1195 940 1270 confirmandi
967 1213 1063 1290 sunt,
1091 1223 1167 1269 eum

92 1289 169 1362 fieri
207 1319 275 1366 uon
321 1297 440 1392 possit,
481 1313 517 1367 ut
558 1224 737 1388 udideeoet,
786 1299 844 1394 qui
880 1295 1030 1371 nondum
1075 1313 1170 1368 natus

92 1405 144 1460 eet
176 1391 242 1487 (1)
274 1391 443 1492 Suscipere
480 1393 765 1468 confirmationem
817 1411 929 1466 ossuut
953 1418 1067 1466 omnes
1100 1409 1171 1466 tum

94 1488 257 1582 infantes,
298 1508 371 1564 tum
404 1491 525 1583 adulti3
559 1509 594 1564 et
628 1491 686 1564 diu
730 1419 865 1591 quidem
905 1495 1006 1588 viguit
1035 1517 1169 1564 eonsue-

96 1587 198 1678 tud0‚
228 1607 266 1661 ut
308 1595 418 1662 statim
447 1607 521 1690 post
561 1591 760 1690 baptismum
802 1589 1007 1664 confirmatio
1041 1589 1170 1662 tribue·

95 1701 187 1756 retur
213 1687 283 1784 (2).
319 1687 426 1764 Graeci
454 1693 666 1763 nuncetiam
699 1691 843 1762 retinent
877 1691 964 1760 huuc
991 1703 1171 1760 consuetu·

96 1781 209 1854 dinem
232 1787 305 1884 (5);
324 1787 381 1860 scd
410 1787 450 1859 ab
465 1815 502 1859 eu
510 1790 581 1884 jem
598 1788 725 1886 pridem
744 1803 945 1860 recesserunt
957 1786 1065 1858 Latini
1091 1787 1167 1884 (l),

96 1881 186 1976 apud
219 1911 300 1982 quos
336 1889 430 1984 pueri
465 1904 541 1958 unte
578 1891 757 1983 septimum
800 1887 902 1958 aetutie
942 1911 1065 1956 anuum
1100 1911 1169 1958 nou

97 1978 333 2054 confirmantur
377 1986 446 2082 (5).
497 1985 540 2056 Et
579 2007 778 2084 quemquem
830 1985 893 2058 hoc
931 1999 1169 2056 sacramentum

96 2101 162 2150 uon
204 2083 364 2178 ejusmodi
396 2083 513 2156 habeat
552 2087 794 2175 necessitatem,
832 2099 870 2154 ut
900 2084 969 2153 siue
1000 2108 1038 2155 eo
1065 2080 1169 2154 salvus

94 2177 167 2270 quis
193 2203 260 2252 eree
292 2206 361 2253 uon
382 2185 501 2280 possit,
534 2197 645 2253 mmcu
680 2185 737 2280 qui
771 2181 854 2253 illud
887 2181 1079 2276 negligunt,
1111 2197 1168 2252 eut

96 2288 334 2369 contemnunt,
375 2281 513 2353 sulutem
549 2305 641 2352 suem
679 2285 714 2352 in
756 2279 930 2354 discrimen
977 2277 1165 2370 adducunt,

93 2379 263 2472 gravisque
294 2380 436 2450 criminis
465 2381 510 2452 rei
537 2394 633 2468 sunt,
663 2381 819 2476 quoniam
857 2401 970 2451 omnes
1000 2378 1081 2447 euiti
1105 2375 1167 2447 de·
1213 2437 1216 2443 .

94 2469 193 2562 beat,
231 2491 268 2545 ut
295 2475 476 2550 christionae
505 2480 579 2548 vitae
610 2477 843 2573 perfectionem
886 2478 1056 2572 acquirunt
1095 2475 1162 2570 (6).

19 2599 22 2608 ¹
94 2567 229 2662 Adule,
259 2577 318 2672 qui
348 2577 446 2672 hujus
480 2577 671 2648 sacramenti
701 2579 838 2672 gretiam
874 2589 908 2646 et
935 2573 1020 2644 dona
1049 2595 1167 2643 conse-

94 2671 151 2762 qui
181 2673 335 2767 cupiunt‚
373 2700 441 2748 nou
472 2675 575 2748 solum
612 2673 715 2746 fidem
749 2689 783 2745 et
823 2674 978 2770 pietatem
1026 2667 1162 2760 afferre,

92 2765 148 2835 sed
184 2771 282 2841 etium
316 2777 481 2868 graviora,
524 2796 601 2871 quoe
635 2772 855 2862 admiserunt,
894 2771 1029 2841 crimino
1058 2767 1166 2839 delere

93 2889 129 2932 ex
150 2868 261 2940 arrimc
290 2869 424 2944 debent.
456 2871 567 2958 Quare
594 2869 828 2943 elaborandum
858 2884 926 2958 eet,
955 2883 992 2938 ut
1021 2868 1166 2964 primum

93 2979 223 3056 peccate
248 2968 484 3062 confiteantur,
518 2997 555 3042 oc
580 2971 727 3068 jejunia,
753 2965 881 3066 alioque
906 2969 1034 3064 pietatis
1067 2989 1165 3061 opera

93 3065 288 3233 ffliffi’
328 3085 530 3166 curentque,
560 3085 597 3141 ut
620 3070 728 3168 jejuni
749 3067 791 3139 ad
832 3067 894 3139 hoc
928 3079 1165 3136 sacromentum

95 3184 110 3226 a
194 3165 331 3264 eot(7).

130 3337 176 3420 (l)
190 3340 297 3401 Gouler
310 3344 348 3402 D.
368 3340 425 3403 l'lr.
439 3361 473 3424 p.
494 3343 557 3425 eq.
585 3343 625 3404 72
639 3347 698 3402 art.
726 3341 757 3400 6.
778 3339 987 3420 Presbyterum
1008 3335 1165 3416 quemdum

92 3425 230 3499 Scotum,
248 3425 416 3485 Sumeoncm
429 3424 564 3501 nomine,
579 3425 630 3504 qui
646 3441 705 3484 uon
720 3422 879 3501 baptizatos
898 3418 1064 3480 confirmari
1083 3438 1166 3500 pcsee

92 3505 231 3582 putebat,
252 3505 402 3567 dmunevit
423 3505 575 3581 Zacharias
591 3511 624 3568 P.
647 3524 694 3588 ep.
722 3507 761 3565 l0
786 3501 826 3564 ad
845 3499 951 3584 Bonis.
973 3501 1051 3580 opud
1072 3501 1163 3564 Lubh.

91 3583 160 3648 coll.
180 3605 262 3649 emec.
281 3596 351 3650 tom.
371 3591 390 3648 8
408 3586 463 3649 ccl.
481 3590 540 3648 255
560 3585 606 3650 ed.
632 3589 730 3650 Veuct.
747 3587 803 3662 lis„
829 3585 880 3664 qui
900 3591 965 3662 post
989 3583 1164 3663 baptismum

90 3667 268 3750 flagitiosum
285 3671 376 3732 vitum
398 3670 557 3747 duxeruut,
581 3689 615 3732 uc
631 3669 790 3731 morientes
807 3665 1057 3728 confirmationem
1083 3672 1165 3742 pete-

90 3751 175 3828 bant,
191 3751 368 3834 denegatum
383 3751 440 3814 hoc
453 3761 665 3814 sacramentum
690 3771 726 3813 cx
740 3769 846 3813 canon.
872 3751 910 3811 59
925 3747 1027 3810 conell.
1052 3745 1161 3810 Eliber.

89 3833 201 3915 colligit
221 3835 465 3915 Albespiuaeueio
484 3843 546 3895 not.
560 3854 637 3978 pap.
659 3835 717 3896 llll
736 3833 807 3896 edit.
833 3831 929 3915 Necp.
954 3829 1049 3904 1770,
1074 3846 1163 3908 quern

90 3917 202 3977 luenin
213 3917 347 3995 sequitur
361 3916 397 3978 dc
407 3919 543 3978 Sacram.
581 3917 634 3978 icc.
652 3919 670 3977 5
684 3936 715 4000 p.
728 3919 747 3976 6
763 3935 830 3997 cap.
844 3917 875 3975 2.

129 3997 173 4079 (⁶2)
202 4000 325 4060 Tertull.
351 3997 386 4060 de
411 4002 502 4080 Bopt.
534 4017 600 4079 cap.
628 4000 646 4059 7
669 4017 738 4081 puy.
768 4001 827 4057 ⁶226
852 3993 900 4056 ed.
930 3990 1031 4054 Paris.
1063 3993 1160 4065 lt'75;

90 4086 119 4144 S.
138 4083 230 4162 cypr.
248 4080 335 4162 epist.
352 4083 392 4144 70
405 4079 446 4143 ad
458 4085 608 4162 teneor„
625 4088 653 4140 et
669 4099 716 4161 ep.
736 4080 774 4140 75
793 4077 834 4140 cel
848 4073 950 4158 rutaj.
970 4091 1041 4156 pap.
1063 4077 1121 4137 117
1136 4081 1163 4135 et
