3122 5170
817 454 1035 526 -662-

386 605 549 678 addiscere
583 603 706 676 debent
737 605 998 699 grammatioum,
1032 619 1166 676 cantum
1205 607 1453 702 gregorianum,

352 719 577 874 ἥψω
623 701 951 872 ῇΐ3“ἰῗ·ἰὲὲῗ“ἷῖἱὲω
972 699 1243 872 ‘hillidio
1256 703 1457 874 Ἥ

384 827 622 990 ιιὶὲεἶωὲῑείζ
634 951 644 990 ,
687 923 764 996 quse
806 826 1032 972 eioeiasdcos
1084 901 1170 971 viros
1209 855 1328 972 callere
1367 925 1456 997 opor

385 1013 434 1070 tet
462 997 529 1095 (2)
558 997 644 1069 Nam
674 996 736 1069 boc
763 999 969 1068 seminarium
999 995 1090 1070 lucus
1120 1022 1188 1070 esse
1224 997 1345 1088 debet,
1371 997 1457 1068 unde

225 1099 231 1112 '
324 1171 326 1176 ,
386 1095 529 1168 dioecesis
562 1097 698 1192 accipiat
735 1120 841 1167 sacros
873 1097 1036 1168 ministros
1070 1094 1190 1193 quibus
1219 1121 1306 1194 opus
1337 1095 1455 1178 baben

256 1209 261 1224 ·
385 1211 419 1264 et
450 1209 538 1266 recte
567 1197 603 1265 in
630 1192 780 1290 pluribus
803 1191 1015 1286 dioecesibus,
1035 1218 1092 1264 seu
1121 1193 1214 1290 lege,
1238 1221 1296 1266 scu
1322 1219 1457 1266 consue·

384 1292 502 1364 tudine
531 1307 700 1390 receptum
733 1308 802 1382 est,
838 1308 877 1362 ut
905 1317 1002 1364 nemo
1033 1293 1129 1364 saeris
1163 1295 1313 1364 initietur
1333 1292 1457 1365 ordini·

386 1389 468 1482 bus,
500 1393 561 1462 nisi
587 1389 641 1464 vel
666 1390 778 1488 plures
805 1415 926 1481 annos,
958 1390 1009 1462 rel
1035 1389 1150 1461 saltem
1179 1390 1361 1462 delinitum
1383 1407 1457 1462 tcm-

385 1492 472 1586 poris
497 1491 637 1587 spatium
669 1492 705 1560 in
735 1491 906 1561 seminario
933 1487 1115 1560 traduxerit
1148 1487 1218 1586 (ὅ).

440 1665 451 1724 l
488 1663 598 1726 Concil.
615 1661 751 1725 Trident.
768 1660 822 1724 loc.
839 1661 891 1724 cit.

437 1747 455 1805 t
488 1746 708 1808 Ben.X111cr't.
727 1748 825 1808 coest.
843 1743 1006 1827 creditores.
1023 1747 1189 1808 Postremo.

426 1827 467 1908 (5)
489 1828 612 1888 Consule
633 1846 714 1888 conc.
731 1831 817 1890 Rom.
834 1826 880 1888 tit.
897 1828 937 1888 50
951 1845 1017 1910 cup.
1041 1831 1078 1906 23
1097 1829 1169 1888 Ben.
1192 1829 1264 1890 xlv
1289 1825 1328 1889 de
1351 1826 1454 1910 Wl-

385 1905 467 1970 dr'uc.
494 1905 543 1969 lab.
562 1913 596 1970 tt
621 1928 686 1992 cop.
712 1911 782 1970 tn.
798 1909 854 1986 ¹¹3
877 1911 923 1974 Jo.
950 1906 1335 1973 taruannensem.
1361 1908 1453 1972 clerte

384 2009 449 2074 cop.
465 1993 484 2051 6
504 2009 588 2052 oum.
607 1993 646 2053 ro
661 1999 690 2053 et
702 2009 762 2076 sep.

433 2143 465 2246 §.
503 2143 563 2221 lv.
612 2143 784 2218 Seminarii
832 2147 1080 2220 administrandi
1126 2147 1278 2245 beneque
1323 2146 1454 2244 gerendi

384 2269 466 2318 onus
493 2269 592 2317 omne
621 2261 670 2316 est
700 2247 851 2344 episcopo
893 2248 1103 2346 impositum,
1132 2245 1223 2344 quod
1262 2247 1332 2344 ipse
1365 2247 1457 2317 susti·

381 2367 460 2415 nere
505 2347 656 2441 tuerique
697 2341 942 2440 diligentissime
988 2343 1087 2416 debet
1122 2344 1189 2441 (1).
1234 2341 1302 2416 Sed
1334 2361 1372 2414 ut
1407 2369 1456 2414 res

383 2443 567 2538 gravissime
609 2441 806 2537 diligentiori
847 2443 1083 2539 gubernatione
1135 2457 1286 2542 regetur,
1332 2445 1454 2539 episeo-

383 2565 445 2636 pus
485 2538 603 2634 eligere
647 2539 745 2610 debet
779 2543 951 2614 eanonicus
990 2541 1093 2632 duos,
1141 2565 1285 2639 quorum
1323 2541 1455 2612 cousrlro

383 2641 418 2708 in
445 2639 482 2708 iia
507 2653 647 2728 utatur,
681 2663 757 2734 quae
789 2638 832 2708 ad
854 2641 1017 2737 juvenum
1043 2637 1191 2737 ejusdem
1221 2639 1387 2711 seminarii
1409 2642 1456 2710 in·

383 2737 605 2826 stitutionem,
656 2733 861 2834 disciplinam
928 2763 1099 2835 moresque
1150 2739 1334 2836 pertinent.
1383 2737 1453 2810 Duo

382 2835 459 2906 item
488 2831 639 2906 sumendi
667 2849 745 2906 sunt
778 2859 798 2905 e
828 2835 993 2933 capitulo,
1027 2861 1170 2934 quorum
1203 2833 1348 2907 alterum
1376 2837 1454 2933 epis

383 2957 508 3030 oopus,
540 2931 679 3004 alterum
705 2931 884 3030 capitulum
915 2937 1023 3032 ipsum
1052 2933 1164 3030 eligit,
1192 2958 1230 3004 ao
1274 2933 1343 3006 duo
1377 2937 1451 3004 item

383 3055 401 3102 e
429 3029 517 3101 clero
546 3033 706 3121 civitatis,
734 3045 768 3102 et
798 3029 915 3104 horum
945 3032 1026 3103 alter
1047 3032 1194 3104 similiter
1210 3031 1251 3102 ob
1282 3035 1450 3131 episcopo,

382 3127 506 3200 altere
537 3127 624 3200 clero
653 3131 871 3202 constituitur.
902 3129 1030 3204 Horum
1052 3145 1102 3203 est
1129 3127 1355 3202 adhibendum
1379 3155 1451 3202 con-

382 3225 488 3298 silium
526 3226 562 3296 in
593 3227 650 3318 iis,
687 3251 762 3327 quae
795 3228 1025 3342 temporalium
1058 3253 1171 3302 rerum
1206 3225 1451 3300 administratio

383 3349 459 3395 nem
510 3349 547 3396 ao
574 3341 695 3396 rectem
725 3327 887 3398 seminarii
913 3329 1176 3424 procurationem
1196 3329 1387 3424 respiciunt.

422 3497 464 3580 (t)
483 3495 637 3562 Videndus
660 3501 690 3561 S.
707 3503 774 3562 car.
795 3503 878 3562 Borr.
902 3517 983 3563 coos.
1001 3502 1091 3564 Pron.
1118 3503 1146 3564 V
1164 3509 1223 3564 eet.
1245 3498 1314 3565 eccl.
1330 3498 1447 3563 Mediol.

381 3599 451 3662 por.
468 3581 482 3642 l
497 3599 570 3664 paq.
586 3581 647 3642 220
661 3589 732 3642 tosto.
747 3584 760 3643 l
778 3579 825 3644 ed.
841 3583 951 3645 Puteo.
967 3583 1058 3646 1754.

431 3733 462 3836 ς.
490 3733 534 3806 V.
561 3737 678 3834 Itaque
708 3736 758 3808 hia
786 3739 1023 3812 consultoribus
1057 3741 1107 3812 uti
1131 3737 1233 3812 debet
1259 3743 1446 3838 episcopus,

383 3859 459 3908 cum
489 3851 589 3932 gestes
615 3834 900 3910 administrationis
937 3841 1098 3912 rationem
1131 3837 1297 3937 postulat,
1333 3862 1448 3936 quaer

383 3933 543 4006 seminarii
579 3932 892 4008 administratoribus
928 3961 1129 4036 unoquoque
1164 3961 1251 4009 anno
1285 3935 1446 4008 reddenda

379 4047 429 4103 est
459 4031 534 4129 (l);
568 4048 705 4108 etcum
734 4036 894 4107 seminarii
926 4037 1058 4132 egestati
1089 4033 1312 4127 consulturus,
1344 4035 1444 4132 legem
