3122 5178
284 891 286 896 '
394 903 454 945 non
468 905 504 948 ex
516 887 613 966 aliquo
631 903 775 950 canonum
788 885 904 960 codiee',
920 885 971 946 sed
986 904 1023 946 ex
1038 904 1068 946 se

833 451 1051 557 -11-’

395 645 538 706 memorat
553 637 707 700 decretalia
724 637 885 700 1111111111
900 641 1096 700 Decessorom
1111 657 1249 717 snorum,
1268 649 1299 702 et
1321 657 1453 720 compro·
1559 653 1560 720 3

394 720 530 783 vinoiales
541 722 669 804 ,episcopi
683 721 851 799 metropolis
865 721 1040 782 Arelatensis
1055 721 1129 782 datis
1142 723 1179 784 ad
1200 726 1325 784 Leonem
1344 727 1383 784 11.
1403 725 1453 783 lit-
1559 787 1560 790 ,

237 814 242 824 ·
311 861 314 868 ,
395 803 466 862 teris
479 823 547 886 opp.
562 805 615 866 SS.
629 803 748 879 1111111,
766 811 836 863 tom.
854 805 866 863 1
883 802 968 885 epist.
985 805 1024 864 ot
1038 821 1104 944 cop.
1122 801 1209 866 1111.
1227 807 1303 884 995,
1320 803 1366 866 ed.
1382 805 1451 882 eit,
1559 811 1560 814 ’

1091 885 1178 948 rioilo
1193 888 1454 967 sedisapostolicae
1559 929 1560 944 .

395 967 579 1030 decretorum
598 969 705 1031 zosimi
723 966 871 1029 Pontifieis
885 968 945 1028 vim
960 985 1078 1028 omnem
1098 971 1348 1031 etauctoritatem
1371 989 1455 1049 repe·
1559 1021 1560 1024 ,

311 1109 313 1114 ,
394 1057 477 1126 tunt,
501 1052 544 1110 nti
563 1050 717 1112 observant
737 1051 841 1130 1111111
864 1051 1030 1127 Ballerinii,
1056 1057 1119 1110 not.
1146 1055 1180 1112 ll
1211 1051 1243 1112 in
1271 1051 1390 1114 dissert.
1417 1051 1455 1113 11

396 1129 545 1208 Qnesoelli
558 1153 627 1216 opp.
646 1135 681 1195 S.
700 1132 820 1210 Leonis,
840 1141 909 1193 torn.
928 1135 946 1194 5
965 1129 1020 1194 col.
1039 1133 1235 1210 69711698,
1255 1133 1326 1196 edit.
1343 1133 1454 1218 ejusd,

394 1231 467 1292 quos
482 1215 570 1277 etiam
590 1215 757 1278 consulein
777 1213 933 1298 appendic.
949 1233 1018 1297 por.
1039 1216 1068 1275 5.
1091 1233 1158 1297 cap.
1184 1220 1196 1277 1
1219 1215 1246 1298 S.
1268 1219 1377 1300 tpop.
1399 1219 1456 1278 178

393 1295 457 1357 eod.
474 1305 545 1360 tom.
566 1299 595 1359 3.
612 1302 686 1360 Cum
705 1299 796 1380 igitur
813 1298 930 1358 ecclesia
949 1301 1093 1374 Romana,
1111 1317 1178 1360 meo
1194 1297 1317 1378 quidem
1327 1299 1453 1380 judicio,

392 1397 486 1458 usqne
505 1381 543 1442 ad
558 1384 626 1444 Vlll
641 1381 780 1442 wculnrn
798 1380 912 1441 nullum
931 1379 1066 1441 habuerit
1083 1381 1212 1442 codicem
1229 1399 1391 1458 canonum,
1406 1381 1457 1460 qut

392 1461 539 1541 publicam
560 1463 761 1524 auctoritatem
778 1462 939 1540 obtineret,
964 1463 1047 1524 facile
1066 1472 1109 1524 est
1128 1464 1261 1544 judicare
1282 1463 1321 1525 de
1346 1464 1456 1540 codice,

392 1561 482 1622 quem
494 1545 577 1607 dedit
591 1545 729 1609 tustanus
742 1545 775 1606 in
791 1541 1162 1624 1111111.111.11111.,
1185 1555 1255 1608 torn.
1273 1551 1289 1610 l
1350 1565 1381 1629 p.
1399 1548 1455 1622 29,
1559 1597 1560 1616 ,

392 1627 521 1706 itemque
538 1627 576 1688 de
592 1628 707 1704 codice,
727 1646 815 1708 quem
836 1627 930 1688 edidit
951 1627 1124 1703 Quesnellus
1143 1628 1176 1688 io
1195 1566 1354 1711 oppcnziii'.
1376 1647 1455 1710 oper.
1559 1667 1560 1706 3

393 1710 425 1770 S.
441 1711 546 1772 Leonis
563 1713 628 1786 M„
646 1727 792 1788 quemque
809 1711 870 1787 ipse
892 1709 1037 1768 existimat
1051 1712 1285 1788 antiquissimum
1300 1729 1364 1772 esse
1377 1710 1458 1772 codi-
1559 1733 1560 1740 ¹

391 1809 470 1868 cem,
498 1809 556 1870 quo
581 1791 765 1864 Innocentio,
795 1790 909 1853 zosimo
937 1790 1089 1868 11111111
1113 1791 1304 1853 Pontificibus
1327 1797 1458 1854 Romana

391 1872 510 1933 ecelesia
524 1872 676 1932 utebatur:
693 1887 793 1932 omnes
807 1871 912 1949 privati
925 1870 1037 1931 codices
1051 1880 1136 1947 sunt,
1153 1891 1186 1931 ac
1198 1871 1236 1932 de
1249 1873 1350 1934 codiee
1365 1878 1459 1950 Ques-

390 1953 517 2014 nelliano
537 1955 666 2035 51111111
691 1971 818 2031 vereque
840 1951 988 2012 disserunt
1004 1953 1109 2013 iratres
1131 1954 1279 2016 Ballerinii
1304 1951 1362 2016 loc.
1387 1956 1457 2034 cit,
1559 1989 1560 1992 =

389 2053 459 2117 por.
480 2037 584 2119 deep.
603 2037 622 2095 8
639 2054 710 2118 pap.
728 2036 802 2112 111,
824 2041 853 2092 11
871 2033 905 2093 in
922 2031 1023 2095 adnot.
1044 2033 1196 2096 11111111.
1213 2035 1254 2098 cd
1274 2035 1397 2099 dissert.
1421 2041 1458 2099 ts

393 2113 555 2196 Qtteetselli,
573 2135 645 2200 pop.
668 2115 1050 2199 181111111111111111
1071 2135 1133 2178 esse
1151 2117 1296 2197 judicium
1317 2120 1357 2180 de
1381 2123 1460 2180 anti-

390 2201 456 2278 quis
483 2200 646 2274 codicibus,
675 2217 747 2278 quos
771 2207 914 2259 memorat
937 2202 1041 2259 Petrus
1062 2203 1246 2262 Constantius
1273 2201 1308 2262 io
1329 2202 1457 2286 prensat.
1559 2215 1560 2222 ¹

391 2281 432 2343 od
445 2289 515 2344 tom.
533 2285 546 2344 1

390 2383 458 2424 narn
474 2301 653 2428 assimiliter
667 2361 779 2425 codices
793 2363 899 2442 privati
914 2371 993 2424 sunt.

436 2689 466 2794 §.
499 2689 587 2765 LIX.
627 2691 793 2763 Priscam
825 2689 910 2760 hanc
942 2691 1120 2760 versionem
1151 2689 1293 2762 indicare
1330 2693 1461 2764 videtur

351 2781 360 2800 ⁰
388 2791 560 2888 Dionysius
588 2791 748 2884 Exiguus,
777 2814 853 2859 eum
885 2789 1011 2884 inquit,
1041 2813 1075 2860 sc
1100 2790 1300 2884 confusione
1324 2798 1461 2889 potente

387 2891 629 2964 tronelctc'tmis
660 2887 830 2984 offerentem
865 2885 907 2956 ad
941 2911 1058 2956 noram
1089 2889 1269 2958 versionem
1309 2893 1462 2960 animum

388 2987 561 3085 appulisse.
596 2989 670 3057 Fuit
699 2985 753 3055 hic
783 2985 955 3083 Dionysius
984 2985 1131 3058 instituto
1157 2985 1359 3079 Monachus,
1397 3013 1461 3058 na·

389 3089 479 3157 tione
515 3085 657 3185 Scytha,
692 3080 836 3152 moribus
876 3099 910 3152 et
945 3081 1109 3156 domicilio
1146 3085 1337 3176 Romanus,
1378 3083 1462 3157 doe-
1559 3093 1560 3146 ἑ

387 3186 474 3254 trina
505 3208 582 3256 vero
622 3208 659 3252 ac
697 3183 773 3251 vitae
806 3181 1006 3276 integritate,
1023 3180 1196 3277 preclarus
1233 3183 1301 3278 (l).
1345 3184 1460 3255 Vitem
1559 3201 1560 3260 1

387 3281 502 3378 agebat
529 3279 559 3351 V
583 3296 617 3352 et
645 3279 691 3351 vl
714 3277 830 3350 saeculo
857 3279 930 3374 (2),
962 3279 1003 3349 ab
1034 3305 1072 3351 eo
1098 3307 1137 3351 ue
1169 3295 1289 3352 nostrae
1318 3281 1462 3378 vulgaris

386 3380 520 3476 epochae
550 3381 642 3478 origo
665 3375 842 3473 repetenda
873 3395 922 3448 eet
959 3378 1024 3474 (ὅ).
1067 3306 1327 3450 lideberi-imum
1362 3380 1462 3480 hujus
1559 3383 1560 3422 ³

388 3477 535 3579 Dionysii
561 3502 643 3574 opus
666 3490 715 3546 est
738 3473 884 3545 collectio
910 3501 1093 3566 canonum,
1119 3493 1153 3547 et
1182 3481 1462 3552 constitutionum
1559 3495 1560 3506 ³

386 3573 469 3648 sedis
499 3574 712 3673 Apostolioae,
765 3597 816 3645 nae
842 3571 882 3642 ab
909 3575 1046 3644 auctoris
1071 3577 1204 3645 nomine
1228 3575 1462 3675 Dctayaana

388 3674 581 3772 appellatur.
607 3673 654 3744 Ea
683 3597 838 3741 dividitur
864 3672 899 3740 in
922 3687 1030 3770 partes
1053 3671 1151 3763 duas,
1181 3699 1324 3770 quarum
1359 3673 1463 3746 altera
1559 3709 1560 3718 ¹

388 3773 599 3845 conciliorum
615 3793 771 3858 canones,
791 3767 890 3840 altera
915 3795 1118 3842 summorum
1142 3769 1345 3843 Pontificum
1370 3775 1463 3870 epis·
1559 3775 1560 3868 3

387 3871 468 3943 tolns
495 3869 733 3968 complectitur.
770 3865 846 3938 Non
886 3892 953 3940 uno
986 3884 1020 3940 et
1049 3867 1166 3940 eodem
1192 3884 1365 3967 tempore,
1404 3867 1462 3942 sed
1559 3887 1560 3960 ζ

388 3967 512 4042 diverso
537 3985 674 4066 utraque
704 3981 753 4036 est
784 3963 888 4056 edita,
917 3981 951 4036 et
978 3981 1117 4064 utraque
1146 3967 1325 4065 peculiares
1359 3969 1464 4040 habet
1559 3973 1560 4050 i

391 4065 535 4162 litteras,
551 4069 923 4166 quaestuncnpotorics
947 4063 1095 4138 dicimus.
1559 4081 1560 4086 ’

602 2281 651 2343 ist.
666 2283 792 2342 11111111.
810 2279 950 2364 Pontific.
960 2327 970 2357 ,
984 2279 1010 2362 S.
1025 2283 1044 2343 2
1060 2300 1144 2342 nom.
1161 2285 1200 2344 60
1218 2291 1326 2369 etseq.
1345 2304 1380 2367 p.
1403 2287 1458 2360 BQ·
