3164 5174
480 445 700 516 -555-

74 591 188 654 claieum
207 593 238 654 in
259 594 354 670 lnrto,
379 593 552 672 homicidio,
578 595 724 675 perjurio,
744 597 836 658 aliove
858 597 981 660 camina
995 655 998 662 ,
1010 597 1116 676 depre-

74 673 175 738 hensnm
190 675 297 756 deponi
318 677 425 754 voluit,
445 685 508 738 tum
528 679 789 756 excommunicari,
818 705 831 734 a
852 680 882 742 si
909 679 1117 760 incorrigibilis

73 755 154 835 luerit,
178 759 284 820 deinde
303 761 483 820 contumacia
508 768 670 838 crescente,
691 760 883 822 anathematis
905 780 1044 824 mucrone
1072 763 1117 824 ie·

74 838 125 916 riri,
144 869 156 896 a
175 852 336 920 postremo,
359 866 372 896 ιι
391 843 422 904 si
440 843 471 902 in
488 843 684 922 protundum,
705 843 816 922 inquit,
835 843 979 904 malornm
1002 845 1121 906 veniens

74 925 284 1004 comtempserit,
306 942 374 986 cnm
394 923 512 985 ecelesia
534 943 599 1008 non
621 924 727 986 habeat
753 925 830 984 ultra
854 926 927 1004 quid
950 923 1052 1002 iaciat,
1081 945 1120 988 nc

74 1005 144 1080 possit
166 1025 227 1068 esse
250 1005 327 1066 ultra
347 1007 473 1088 perditio
494 1006 704 1085 plurimorum,
731 1025 784 1086 per
806 1007 964 1068 seeularem
990 1009 1119 1088 compri-

74 1088 176 1148 mendus
190 1095 233 1148 est
246 1095 429 1168 potestatem.
441 1115 454 1143 o
466 1091 507 1150 Ex
518 1089 625 1168 quibua
639 1089 826 1150 manifestum
842 1097 901 1163 cat,
917 1089 1004 1150 laicos
1020 1091 1051 1152 in
1063 1091 1124 1152 cle-

73 1169 133 1230 riooa
150 1171 318 1234 criminosos
337 1171 447 1238 nullam
463 1189 600 1238 exercere
616 1171 851 1250 jurisdictionem
869 1173 1018 1250 potuisse,
1034 1173 1123 1236 otiam

74 1259 238 1332 potaqunm
258 1253 289 1314 hi
309 1254 433 1334 depositi
450 1253 488 1316 ab
510 1255 644 1334 episeopo
662 1255 793 1330 inerant,
814 1272 881 1316 nam
904 1253 928 1314 ei
948 1261 1013 1334 post
1031 1254 1123 1334 depo-

74 1333 187 1396 sitionem
208 1335 305 1396 adhue
323 1337 352 1396 in
375 1335 547 1398 criminibus
571 1337 680 1396 versari
698 1343 835 1422 pergant,
851 1336 980 1416 primum
1004 1355 1120 1398 exeom-

74 1417 261 1492 mcaieantur,
279 1418 416 1498 deinceps
434 1415 634 1480 anathematis
651 1435 792 1480 macrone
808 1415 982 1500 feriantur,
1006 1425 1121 1478 tantum

75 1499 169 1558 nomia
233 1497 363 1582 fiendam
378 1497 529 1562 maiomam
542 1499 678 1561 amarint
691 1507 721 1559 et
737 1497 860 1561 archaia
881 1517 942 1560 aaa
955 1495 1060 1560 tabeat
1072 1497 1122 1560 ari-

75 1587 115 1639 tra
126 1518 315 1663 primariae,
334 1591 398 1642 tom
412 1583 532 1644 demum
544 1601 600 1663 per
615 1579 790 1644 seculorem
800 1583 973 1663 potentatem
991 1581 1121 1662 eornpra'-

74 1671 190 1724 moator.
206 1667 307 1742 ltaque
321 1683 414 1743 usquc
434 1665 471 1724 ad
490 1665 601 1724 exitum
617 1664 714 1724 saeculi
736 1667 808 1738 Xll,
828 1682 884 1744 qua
901 1662 1021 1740 quidem
1038 1670 1122 1724 aetate

75 1744 257 1806 Pontificatum
278 1753 439 1807 tennerunt
461 1747 555 1824 Alex,
578 1747 699 1824 Lucius,
727 1745 856 1822 Urbem,
879 1745 990 1820 Clam,
1015 1745 1122 1806 Caeles·

75 1825 158 1900 tinas,
172 1827 279 1888 nullum
296 1829 461 1905 exemplum
480 1835 523 1888 est
541 1827 637 1889 cleriei
656 1827 824 1908 degradati,
844 1827 894 1905 qui
910 1825 1039 1886 seculari
1061 1845 1123 1886 mo·

74 1906 191 1982 gistratoi
201 1911 365 1987 puniendus
376 1911 519 1971 tradatur.
535 1913 662 1972 Tantum
675 1910 780 1970 Lucina
792 1908 930 1969 clericum
941 1908 972 1968 in
988 1907 1122 1970 heresim

75 1985 171 2065 lapsum
192 1989 344 2054 secularia
359 1991 513 2074 potcstatis
533 1989 656 2052 arbitrio
674 1989 831 2074 relinquit,
849 1990 901 2050 sed
917 2007 1056 2051 nonaum
1074 2009 1122 2050 ec-

75 2069 145 2130 clesia
161 2071 263 2149 ondit,
286 2082 320 2132 nt
336 2093 419 2152 poena
440 2073 594 2134 afficiatur.
616 2074 759 2136 Similiter
779 2073 927 2147 Clemens,
946 2090 998 2132 seu
1015 2071 1122 2134 lees-

74 2151 280 2215 tinnselericurn
290 2157 479 2216 criminosum
490 2155 596 2232 deponi
603 2155 704 2234 jubet,
720 2155 855 2233 deinceps
865 2155 1120 2230 excommunicari,

75 2239 99 2290 et
116 2233 306 2298 annitematis
326 2256 467 2298 morrone
479 2234 582 2320 feriri,
602 2244 748 2316 postremo
763 2255 830 2296 enm
854 2234 1011 2318 eornprimi
1029 2235 1121 2296 vulta

75 2318 225 2396 magistratu
239 2319 385 2386 seculari,
402 2319 453 2380 sed
471 2335 530 2378 non
548 2336 613 2378 eam
628 2319 792 2398 prescribit
812 2317 971 2378 solemnem
987 2317 1122 2378 traditio·

74 2415 144 2474 nem,
158 2419 224 2478 qnae
242 2419 321 2460 nune
337 2400 574 2480 degradationem
588 2401 732 2478 sequitur.
745 2400 894 2475 Primum,
909 2400 953 2460 nti
969 2399 1045 2477 dixi,
1057 2418 1122 2460 mo·

75 2491 228 2544 nomentum
244 2481 341 2544 cleriei
356 2483 393 2546 de
430 2483 525 2560 adoti,
546 2483 597 2560 qui
615 2483 745 2544 seculari
759 2482 851 2562 judici
867 2481 1011 2557 traditur,
1029 2481 1122 2544 estin

73 2579 126 2642 rap.
141 2565 157 2624 7
171 2561 205 2626 de
219 2563 338 2626 crimin.
359 2563 395 2648 so
408 2586 432 2627 s.
452 2568 524 2628 Nam
539 2567 638 2628 Innoc.
661 2567 716 2642 111,
733 2573 767 2624 ut
788 2564 916 2624 severius
936 2562 1121 2623 animadver-

74 2649 135 2703 teret
153 2645 180 2705 in
200 2647 338 2721 elericos,
361 2648 411 2727 qui
428 2647 491 2708 falsi
510 2645 621 2708 crimen
639 2647 858 2718 commiserant,
879 2643 1016 2721 sancivit,
1045 2651 1078 2702 ut
1100 2644 1120 2705 ii

63 2749 88 2774 ··
106 2727 241 2790 Omnibus
263 2727 366 2788 officiis
392 2737 421 2789 et
445 2725 594 2790 benefieiis
615 2737 756 2808 perpetuo
779 2729 838 2788 sint
856 2725 960 2805 privati
979 2725 1019 2785 ita
1042 2725 1123 2804 quod

72 2807 112 2882 qni
132 2827 180 2888 per
200 2829 234 2872 ae
270 2809 402 2872 ialsitatis
424 2811 529 2871 vitium
551 2812 751 2887 exercuerint,
780 2817 932 2888 postquam
957 2825 1009 2886 per
1035 2807 1123 2868 ecclo-

72 2889 342 2972 siastimmjndioem
368 2893 479 2956 luerint
504 2891 817 2973 deprecatiunculae
844 2891 978 2970 potestati
1003 2890 1123 2952 namn-

73 2975 511 3048 tmsocandumcoustimttona
523 2976 668 3056 legitimas
682 2973 860 3054 puniendi.»
880 2957 1122 3036 insanissimam

73 3049 132 3146 hano
151 3057 210 3136 ipse
228 3059 416 3120 Innocentius
433 3057 538 3118 clarius
560 3057 713 3136 explicavit
731 3058 763 3119 in
781 3075 848 3142 cop.
866 3051 963 3150 ilde
978 3053 1058 3150 peri.
1079 3056 1121 3118 ai-

71 3133 164 3280 titt}
176 3137 719 3302 tti'tttt‚titillent
733 3139 1122 3296 ,tfttttttsttttt

71 3309 173 3378 propter
192 3302 329 3385 graviora
344 3303 466 3364 crimina
481 3301 648 3384 degradati,
665 3302 795 3364 seculari
811 3302 900 3362 coriae
918 3237 1120 3380 anferentur,

71 3383 236 3446 etelerimnn
258 3385 347 3446 carrie
369 3385 485 3448 tradere
509 3385 588 3448 idem
603 3383 776 3459 haberetur,
797 3401 831 3444 ac
851 3383 921 3444 dare
939 3384 1121 3460 puniendam

73 3465 183 3527 semlai
195 3466 344 3548 potestati.
358 3469 430 3544 Quae
439 3486 518 3528 nnnc
525 3467 609 3530 nobis
618 3484 721 3530 eorum
731 3463 936 3528 vocabulorum
949 3463 1122 3546 significatio

71 3551 118 3620 eat,
137 3567 315 3626 quamquam
330 3547 415 3627 olim,
432 3551 476 3609 uti
490 3568 577 3628 snpra
599 3547 876 3622 demonstravimus,
889 3545 975 3627 longe
994 3547 1073 3608 alind
1086 3549 1121 3608 iis

72 3625 151 3689 vatis
175 3629 403 3710 intelligeretur.
426 3634 561 3692 Formam
584 3638 700 3706 autem,
724 3650 789 3709 quae
814 3629 971 3690 adhibetur
995 3630 1027 3690 in
1050 3631 1121 3691 reali

70 3705 265 3796 degradatione
279 3712 391 3788 alerici,
408 3711 547 3774 describit
560 3713 655 3774 Bonii.
671 3715 738 3775 Vlll
752 3711 785 3773 in
800 3711 851 3773 eit.
865 3729 930 3792 cap.
944 3711 963 3770 i
977 3707 1012 3772 dc
1023 3712 1121 3772 Pereia

69 3793 137 3928 ιέῦ,
151 3802 179 3854 et
191 3793 364 3940 Pffittificale
377 3798 461 3858 Rom.
473 3815 544 3878 par.
560 3794 635 3856 trit.
649 3797 667 3857 7
682 3804 709 3856 et
721 3813 781 3878 seq.
794 3813 868 3878 pop.
886 3793 944 3854 158
958 3800 986 3852 et
997 3813 1057 3876 aeq.
1072 3791 1118 3852 ed.

91 3879 202 3938 nteit
251 3919 260 3936 .
