3102 5184
592 475 811 546 ..581-

149 641 223 703 syn.
247 621 279 682 id
294 639 429 701 expresse
443 622 538 682 noluit
548 622 688 700 delinire,
704 623 756 684 sed
775 631 874 685 tamen
888 625 1114 704 multasparsim
1128 629 1235 689 musti-

150 705 232 780 tuit‚
249 723 284 765 ex
299 705 408 783 quibus
421 711 516 783 patet,
533 705 682 768 Christum
698 705 901 768 immediatum
915 708 1049 768 omnium
1062 725 1228 770 scemmen-

150 795 254 847 torum
264 795 414 848 auctorem
430 805 493 848 esse
511 787 696 862 habendom3
712 788 744 848 in
758 788 861 867 primis
872 795 970 850 autem
981 809 1053 852 sess.
1073 792 1112 851 11
1129 809 1196 872 cop.
1215 793 1228 852 1

148 867 188 929 de
203 877 282 930 ectr.
297 877 379 930 unct.
398 871 542 948 expressis
556 869 653 931 verbis
666 869 840 946 declaravit,
860 881 1073 934 sacramentum
1087 881 1226 934 extrema

150 951 304 1013 unctionis
318 953 408 1013 luisse
421 971 441 1012 o
456 948 572 1014 Christo
587 952 716 1013 Domino
732 961 832 1014 nostro
850 951 1022 1015 institutum
1039 961 1069 1016 ct
1082 975 1102 1014 o
1116 957 1156 1016 B.
1172 956 1231 1015 Jo-

151 1030 225 1095 coho
247 1031 635 1116 apostolorpromulqotum.
661 1034 775 1111 Quibus
801 1034 899 1096 verbis
925 1035 1041 1098 Christo
1065 1037 1228 1112 institutio,

151 1114 266 1179 lacobo
281 1124 395 1176 tantum
412 1117 605 1198 promulgatio
621 1117 773 1178 tribuitur.
791 1119 887 1196 Atque
907 1117 1158 1198 omnesquidcm‚
1180 1119 1231 1198 qui

151 1205 224 1277 post
244 1216 325 1258 conc.
346 1199 429 1260 lrid.
452 1197 634 1274 floruerunt,
650 1199 778 1280 theologi
799 1199 1003 1260 immediatum
1025 1201 1158 1262 omnium
1183 1219 1230 1262 sa-

151 1287 374 1341 crementorum
389 1289 538 1342 auctorem
563 1281 713 1344 Christum
739 1299 801 1343 esse
821 1281 985 1342 defendunt
1007 1290 1037 1342 et
1054 1283 1231 1344 contrariam

151 1365 331 1424 sententiam
347 1364 395 1424 rix
415 1363 476 1442 jam
501 1365 674 1424 temeritatis
697 1371 797 1426 notam
820 1364 951 1446 elingere
977 1381 1060 1444 posse
1087 1367 1229 1426 sentiunt.

151 1445 282 1507 Consule
296 1445 496 1525 Tournelyum
507 1444 638 1527 prelcct.
655 1443 779 1530 theoloq.
797 1444 832 1507 de
848 1448 986 1508 Sacram.
1002 1446 1036 1506 in
1047 1465 1149 1528 perer.
1165 1465 1195 1530 q.
1213 1449 1231 1507 5

150 1533 217 1587 ort.
238 1529 273 1604 1,
302 1527 411 1590 luenin
429 1525 465 1588 de
486 1529 622 1589 Sacram.
644 1525 718 1590 diss.
739 1533 753 1590 l
771 1547 802 1612 q.
823 1531 843 1588 1
857 1527 893 1590 de
911 1529 1045 1590 meam.
1067 1528 1101 1588 io
1118 1545 1229 1610 qenes„

150 1618 184 1669 et
199 1609 313 1670 Drouin
327 1607 364 1670 de
377 1628 409 1670 re
426 1612 562 1672 Sacram.
582 1607 632 1672 lib.
656 1613 668 1671 1
687 1629 739 1694 qu.
757 1613 845 1694 iper
857 1618 909 1672 tot.
930 1614 1031 1689 licque
1047 1609 1129 1670 obest
1141 1611 1231 1672 silen-

149 1691 232 1752 tium
249 1693 424 1770 Scripturas,
445 1711 512 1753 cum
527 1693 558 1752 id
576 1693 678 1754 doceat
693 1693 793 1754 divina
812 1693 947 1769 traditio,
966 1711 1000 1752 ac
1013 1693 1136 1753 verbum
1155 1693 1228 1764 Dei,

151 1790 221 1833 aare
233 1773 389 1852 scriptam,
405 1773 466 1836 sive
480 1775 638 1852 traditum,
653 1792 752 1854 parem
768 1774 875 1836 habeat
888 1775 1108 1852 auctoritatem
1125 1782 1155 1835 et
1173 1773 1231 1836 huc

151 1855 332 1916 retenemus
344 1859 381 1917 D.
394 1855 452 1918 Th.
464 1876 495 1940 p.
511 1858 529 1918 5
544 1877 573 1940 q.
587 1860 627 1919 61
640 1867 699 1918 ort.
716 1860 735 1919 1
749 1855 790 1918 od
806 1857 836 1918 1.

201 1933 242 2016 (hl
262 1940 356 2016 Atque
377 1937 441 1999 hmo
456 1938 594 2018 quidem,
611 1958 677 2019 qum
693 1958 710 2000 a
724 1938 841 2002 Christo
855 1938 981 1999 stabilita
998 1946 1042 2000 est
1059 1939 1181 2000 materia
1201 1947 1230 2000 et

152 2019 251 2079 forma
268 2029 531 2096 momentorum,
561 2041 628 2100 qum
652 2018 858 2082 substantiolis
884 2021 1007 2098 dieitur,
1035 2023 1143 2081 mutari
1171 2039 1230 2084 non

149 2107 263 2179 potest.
278 2104 322 2162 lta
341 2103 373 2162 in
391 2102 535 2182 baptismo
552 2103 607 2164 alia
624 2105 726 2181 nequit
744 2103 879 2164 adhiberi
897 2105 1035 2177 materia,
1052 2121 1140 2181 quam
1154 2122 1228 2182 aqua

151 2183 313 2258 neutralis,
339 2185 513 2262 nequcaliis
538 2186 637 2246 verbis
657 2183 713 2246 hoc
729 2193 941 2246 sacramentum
967 2185 1094 2246 conlcrri
1116 2193 1227 2264 potest,

150 2281 245 2342 quam
269 2265 341 2342 illis,
367 2285 434 2345 que
457 2267 591 2328 Christus
608 2267 775 2344 constituit,
794 2268 903 2328 scilicet
919 2267 952 2328 in
965 2265 1085 2329 nomine
1106 2267 1228 2344 Patrio,

150 2355 181 2407 et
211 2344 285 2408 Filii
310 2355 340 2408 ct
353 2348 486 2429 Spiritus
504 2349 616 2411 Sancti.
637 2349 724 2410 blodo
741 2358 840 2410 tamen
865 2350 977 2431 integra
994 2351 1032 2410 sit
1052 2349 1182 2410 materiae
1200 2359 1229 2410 et

149 2429 259 2490 lormer
287 2431 449 2491 substantia
481 2432 597 2492 veritati
622 2433 794 2492 sacramenti
826 2431 900 2492 nihil
932 2431 1062 2494 detrahit
1088 2433 1227 2506 mutatio,

150 2529 222 2589 quoe
233 2510 425 2574 occidentalia
443 2511 562 2573 dicitur.
584 2517 627 2574 lta
644 2514 675 2574 in
692 2513 836 2592 baptismo
854 2513 928 2574 nihil
945 2514 1050 2590 refert,
1068 2531 1140 2573 num
1155 2533 1228 2592 aqua

149 2594 194 2654 sit
208 2593 331 2673 frigida,
358 2613 396 2654 an
419 2594 528 2670 calida3
550 2604 638 2674 atque
656 2596 686 2656 in
704 2594 884 2657 Eucharistia
903 2604 966 2656 tum
990 2613 1140 2670 azymum,
1163 2603 1227 2654 tum

149 2676 334 2736 fermentum
349 2677 407 2737 rite
420 2687 616 2738 consecratur.
634 2677 776 2739 Similiter
792 2678 878 2758 groeci
895 2679 926 2737 in
942 2675 1118 2756 quibusdam
1132 2693 1229 2736 sacra-

148 2758 264 2818 mentis
283 2757 425 2819 adhibent
450 2759 663 2838 deprecativam
686 2760 829 2834 soranam,
856 2777 922 2838 qna
948 2759 1045 2819 latinis
1073 2758 1227 2818 indicativa

147 2847 217 2913 αις
242 2839 295 2900 sed
318 2849 443 2919 utraque
463 2841 556 2902 lorma
577 2843 637 2902 rim
658 2842 792 2903 eamdem
814 2841 903 2902 habet
929 2850 959 2901 et
976 2847 1101 2918 utraque
1125 2840 1227 2901 eodem

147 2921 250 2997 redit,
262 2922 330 2983 licet
344 2923 433 2984 verba
449 2921 562 2984 diversa
578 2925 648 2984 sint.
664 2926 770 2986 Confer
786 2924 895 2986 luenin
911 2920 947 2984 de
962 2926 1097 2985 Sacrum.
1120 2919 1194 2984 diss.
1210 2927 1223 2984 l

148 3023 208 3088 qu.
226 3005 328 3086 bcop.
341 3007 371 3080 5,
388 3012 418 3066 et
432 3003 632 3068 Dronindere
647 3007 783 3067 Sacram.
797 3003 847 3068 lib.
866 3008 879 3067 l
895 3025 926 3089 q.
943 3009 958 3067 1
975 3024 1044 3087 cop.
1060 3009 1073 3066 1
1089 3003 1116 3086 S.
1134 3007 1164 3066 b.

193 3085 226 3166 (ὅ
261 3089 347 3148 conc.
363 3087 447 3149 Trid.
461 3105 532 3148 sess.
547 3090 584 3149 11
599 3106 667 3169 cop.
683 3089 703 3148 1
718 3086 754 3150 de
771 3091 926 3150 Commun.

192 3170 226 3248 (t
260 3168 411 3247 Apostolos
436 3187 585 3229 sacrorum
606 3171 718 3230 rituum
741 3171 988 3230 instituendorum
1015 3175 1224 3248 potestatema

149 3249 273 3312 Christo
286 3250 441 3329 occepisse,
469 3251 654 3312 manifestum
671 3258 716 3312 est
735 3269 771 3312 cx
793 3251 883 3312 Panlo
902 3255 913 3312 l
933 3249 984 3312 ed.
1007 3253 1073 3312 Cor.
1095 3251 1158 3326 ΧΙ,
1175 3250 1226 3311 ubi

148 3339 308 3411 postquam
322 3331 413 3392 multa
425 3330 462 3392 de
478 3331 666 3394 Eucharistiae
681 3333 879 3409 institutione,
895 3332 1015 3412 ejusque
1032 3333 1226 3394 celebratione

149 3415 315 3475 anomino
334 3421 448 3494 accepta
465 3415 657 3494 praescripsit,
676 3417 791 3492 Cetera,
809 3413 906 3494 inquit
926 3433 1002 3476 oers.
1025 3417 1076 3492 51,
1097 3435 1164 3476 cum
1177 3435 1226 3476 oe·
1330 3461 1334 3468 .

149 3494 270 3556 nerod'
304 3513 404 3558 onam.
418 3497 482 3574 Ipsa
498 3495 561 3558 hsce
579 3495 667 3558 verba
683 3497 858 3577 expendenti
875 3495 1036 3578 Augustino
1057 3517 1102 3580 ep.
1120 3499 1158 3559 bl
1172 3515 1223 3558 seu

148 3574 209 3640 ht.
226 3581 241 3640 l
257 3515 447 3662 fflhquobrl.
465 3579 599 3640 laesor.
615 3597 682 3661 cop.
705 3581 723 3640 6
739 3576 794 3641 col.
812 3580 871 3640 117
886 3587 956 3640 toro.
972 3581 1007 3657 1,
1023 3577 1070 3640 ed.
1086 3579 1222 3640 Moerin.

155 3662 234 3722 Vero.
250 3662 344 3739 1711,
367 3659 484 3720 videtur
503 3661 647 3722 Dominus
661 3660 727 3723 ideo
746 3680 807 3724 ooo
821 3661 995 3744 precepisse
1011 3679 1069 3744 quo
1088 3660 1226 3742 deinceps

151 3739 261 3804 ordios
282 3751 451 3806 nommetur
476 3742 669 3821 buchonicus,
695 3751 731 3806 ut
754 3741 894 3825 apostolis
918 3762 1065 3828 perquer
1090 3739 1225 3806 ecclesius

151 3823 361 3906 disposituros
384 3833 461 3902 crat,
488 3833 621 3887 seruaret
644 3823 721 3888 hunc
748 3823 858 3888 locum.
886 3829 981 3904 Atque
1008 3833 1179 3905 potestatem
1206 3843 1223 3884 a

151 3905 272 3968 Christo
290 3907 387 3968 datam
402 3907 538 3986 apostolis
554 3907 585 3968 in
605 3907 747 3988 spirituali
766 3907 898 3968 fidelium
915 3907 1072 3989 regimina,
1093 3905 1224 3987 legitima

151 3989 335 4051 successione
347 3989 385 4050 ad
400 3989 548 4050 ecclesiam
559 3990 772 4066 transmissam,
786 3989 863 4050 inter
876 4007 977 4050 ornnes
991 3994 1112 4048 constat.
1128 3991 1223 4065 Atque

153 4070 234 4136 tanc
250 4072 307 4134 sibi
318 4071 438 4154 quidem
451 4071 545 4132 inesse
555 4081 744 4152 potestatem,
761 4071 885 4132 Ecclesia
903 4081 932 4132 et
946 4070 1103 4132 declaravit
1120 4077 1150 4134 et
1163 4070 1224 4138 isca
