3122 5178
368 428 402 474 ,v
822 417 990 464 resarcto.
1026 389 1031 400 ’

365 571 476 620 rarum
498 557 704 615 excurrentes
724 542 883 635 originem
902 565 1006 636 prope
1024 539 1257 614 obliviscantur
1276 551 1441 620 recentio-

366 696 442 741 rum
458 681 605 739 aetatum.
628 662 696 736 Nos
718 688 832 734 omnes
861 661 1046 734 studuimus
1075 663 1239 738 declinare
1265 668 1439 763 scopulos,

365 791 407 862 ad
417 814 499 887 quos
512 802 644 860 caeteros
660 782 830 856 offendisse
845 785 1008 856 norimus.
1028 783 1200 870 Quantum
1218 783 1440 879 effecerimus,

364 915 508 985 oliorum
517 913 559 980 sit
571 907 748 1008 judicium,
766 922 898 979 conatos
910 923 996 978 certe
1009 933 1077 978 esse
1096 934 1165 1005 pras
1183 907 1276 1005 nobis
1291 910 1438 984 ierimus.

367 1037 453 1110 Nam
481 1033 599 1105 nostris
635 1027 895 1102 institutionibus
919 1029 1080 1126 complexi
1110 1025 1222 1136 'sumus
1249 1035 1439 1130 antiquam,

367 1155 529 1246 mediam,
552 1163 669 1226 novam
695 1151 836 1222 ecclesiae
861 1149 1085 1247 disciplinam,
1107 1139 1338 1250 utqdeun'oin
1356 1180 1442 1226 con.

366 1295 479 1376 spectu
504 1277 671 1374 posuimus
694 1299 763 1345 non
792 1287 922 1344 tantum
953 1288 1094 1344 vetustas
1118 1261 1234 1378 leges,
1259 1301 1334 1373 quae
1356 1279 1442 1372 juris

366 1425 503 1498 corpore
529 1400 761 1486 continentur,
789 1393 846 1466 sed
866 1396 964 1466 etiam
981 1394 1129 1468 Canonee
1159 1397 1389 1490 Tridentium,
1408 1416 1443 1471 et

363 1523 611 1597 constitutiones
635 1520 855 1591 recentiorum
876 1515 1098 1608 Pontificum,
1117 1533 1151 1589 et
1170 1544 1343 1618 responsa,
1365 1545 1442 1619 quae

365 1673 383 1717 u
400 1648 495 1716 sacris
507 1640 730 1714 Cardinalium
743 1639 906 1729 conciliis,
926 1665 1006 1736 quas
1022 1644 1290 1738 congregationes
1302 1658 1438 1732 vocant,

365 1769 401 1836 in
433 1765 501 1835 dies
533 1764 743 1834 emittuntur.
778 1761 913 1830 Initium
938 1759 1089 1832 duximus
1123 1788 1141 1832 a
1179 1762 1439 1860 prolegomenis,

369 1889 488 1986 quibus
501 1885 521 1957 J
524 1887 589 1956 uris
604 1881 807 1954 ecclesiastici
832 1882 937 1954 fontes
951 1883 1182 1981 patefecimus,
1201 1911 1238 1958 ac
1250 1885 1442 1959 celebriores

368 2009 597 2107 explicavimus
634 2005 858 2096 collectiones,
892 2031 969 2103 quae
997 2006 1038 2076 ab
1065 2007 1207 2080 ecclesias
1236 2009 1442 2080 incunabulis

369 2129 536 2230 usquead
559 2131 644 2201 banc
666 2145 811 2200 nostram
834 2143 963 2200 aetatem
988 2131 1023 2200 in
1045 2157 1160 2202 manus
1173 2130 1344 2204 bominum
1362 2158 1443 2230 per·

370 2267 543 2330 venerunt.
567 2249 684 2347 Neque
706 2252 794 2320 enim
816 2254 1035 2323 recentiorum
1056 2251 1307 2344 collectionum,
1322 2253 1442 2352 quibus

369 2403 460 2449 nune
484 2377 519 2446 in
535 2371 650 2444 scholis
664 2387 698 2444 et
721 2373 753 2440 in
772 2371 843 2444 soro
863 2375 1001 2464 utimur,
1032 2377 1097 2444 vim
1118 2395 1151 2446 et
1176 2378 1335 2447 rationem
1361 2379 1442 2447 scire

369 2525 406 2568 ac
430 2513 542 2569 tenere
572 2519 765 2594 possumus,
786 2498 846 2566 nisi
863 2498 1007 2593 primum
1037 2479 1254 2594 antiquiores,
1272 2497 1361 2570 unde
1377 2497 1443 2570 illae

369 2621 477 2690 duotae
499 2632 727 2715 excerptasque
752 2633 848 2706 sunt,
874 2636 1122 2713 cognoscantur.
1143 2619 1316 2716 Explicatis
1332 2635 1442 2692 autem

369 2741 633 2830 collectionibus,
664 2738 706 2809 ad
722 2765 793 2810 rem
813 2741 916 2836 ipsam
932 2739 1133 2831 accedimus,
1157 2741 1440 2839 quampluribus,

368 2869 418 2936 uti
443 2891 512 2937 mos
539 2879 606 2954 est,
631 2862 734 2933 titulis
750 2861 1057 2958 comprehendimus
1073 2866 1269 2935 universam.
1289 2863 1442 2950 Quorum

368 2991 403 3059 in
422 2989 597 3085 partitione
624 2983 797 3057 titulorum
818 3011 893 3056 eum
911 2984 1061 3058 ordinem
1088 2989 1190 3059 secuti
1219 2989 1361 3078 luimus,
1383 2993 1442 3085 qui

370 3110 464 3182 nobis
482 3107 685 3182 commodior
702 3123 801 3204 atque
817 3109 1008 3179 concinnior
1025 3108 1217 3197 videbatur,
1238 3113 1320 3207 quin
1342 3113 1440 3182 etiam
1503 3177 1506 3184 .

368 3232 481 3303 titulos
505 3233 666 3303 secuimus
686 3233 720 3302 in
733 3246 858 3327 partes,
878 3248 915 3302 ut
928 3234 1019 3328 quasi
1035 3234 1070 3302 in
1086 3259 1204 3328 genera
1222 3231 1443 3327 digereremus

371 3353 614 3426 ecclesiasticam
644 3351 959 3449 jurisprudentiam,
989 3351 1108 3423 deinde
1138 3378 1250 3425 eorum
1283 3380 1443 3450 generum

370 3477 461 3573 quasi
476 3474 630 3572 quaedam
645 3473 792 3546 membru
809 3473 1065 3571 dispertiremus.
1083 3475 1169 3548 Nam
1185 3478 1245 3548 nisi
1258 3475 1444 3549 adolescen-

370 3615 439 3690 tes,
459 3599 517 3696 qui
541 3623 630 3667 nunc
651 3599 796 3694 primum
813 3599 848 3666 in
871 3598 955 3667 viam
983 3597 1231 3692 ingrediuntur,
1256 3613 1443 3669 accuratam

370 3721 532 3809 habeant,
569 3734 603 3788 et
639 3715 819 3814 simplicem
857 3743 991 3815 unoque
1025 3721 1061 3786 in
1097 3735 1271 3816 conspectu
1303 3721 1443 3816 positam

369 3869 482 3916 rerum
510 3840 720 3930 divisionem,
748 3865 920 3935 nunquam
946 3843 980 3910 in
1012 3841 1075 3911 suis
1107 3839 1220 3910 studiis
1252 3865 1443 3939 progressus

372 3967 476 4038 lacere
502 3979 657 4063 possunt,
678 3976 711 4034 ct
735 3986 820 4059 saepe
839 3959 931 4032 sracti
953 3987 990 4032 ac
1008 3959 1167 4032 debilitati
1197 3978 1285 4032 metu
1305 3977 1444 4063 propter
