3106 5170
484 393 705 464 -415-

73 555 118 616 pro
136 540 168 600 iis
188 558 341 618 sponsores
363 539 541 620 respondere
562 543 655 604 voluit
672 543 806 619 molesia,
833 544 959 623 cyrillus
983 545 1066 607 Alex.
1093 546 1125 608 iu

72 625 149 681 loco.
165 640 229 704 cop.
251 626 284 684 44
305 642 335 684 u.
356 625 395 684 46
417 631 487 684 tom.
506 627 526 685 4
543 643 614 720 pop.
632 627 691 686 885
711 623 757 686 ed.
779 626 883 688 Poris.
907 628 1005 703 16385
1024 637 1125 690 auctor

73 703 153 762 Sarra.
173 706 229 766 467
245 724 330 766 uum.
351 708 370 766 8
389 703 445 766 ool.
465 707 522 768 444
541 725 575 766 m
592 727 663 789 app.
685 715 754 768 tom.
777 709 921 789 toppr
971 707 1060 771 Anu,
1077 709 1125 772 cd.

72 784 172 846 Adultis
192 788 279 848 etiam
303 787 408 848 morbo
428 788 578 866 impeditis
600 807 698 850 vocem
717 807 800 849 suam
820 808 932 852 commo
952 811 1003 852 ura
1029 793 1127 871 iuquit

72 867 182 944 tyrillus
193 869 275 930 Alex.
295 867 351 931 loc.
370 870 420 931 cit.
438 874 549 932 Verum
564 889 617 950 pro
631 871 701 950 ipsis
720 871 808 931 etiam
821 871 944 948 adultis,
962 874 1012 952 qui
1030 893 1083 953 per
1096 894 1127 934 se

72 950 232 1026 respondere
246 959 397 1030 poterant,
417 971 570 1032 sponsores
588 953 722 1014 adhiberi
742 953 835 1014 voluit
848 954 983 1030 cadesim
1004 957 1057 1017 sed
1071 957 1125 1035 ipsi

72 1035 155 1090 umen
171 1034 348 1112 respondero
362 1034 489 1105 debent,
507 1039 582 1115 Aug.
600 1035 637 1096 da
650 1033 731 1116 bapt.
747 1031 799 1096 tit.
815 1037 835 1098 4
849 1055 916 1118 cup.
938 1039 978 1098 44
996 1035 1052 1100 ool.
1066 1042 1123 1100 444

73 1118 132 1172 tom.
147 1115 164 1174 4
177 1113 223 1176 ed.
241 1114 330 1177 indic.
347 1118 480 1178 Primum
497 1117 662 1196 exemplum
677 1135 866 1196 sponsorum,
882 1118 933 1196 qui
954 1119 1000 1180 his
1016 1119 1124 1181 adultis

72 1192 122 1252 dati
136 1198 205 1274 sint,
222 1199 354 1276 praebere
371 1199 488 1260 videtur
507 1198 631 1260 Rufinus
648 1200 800 1279 praelectus
817 1200 961 1279 praetorii,
979 1201 1030 1280 qui
1049 1221 1126 1262 anno

73 1276 122 1335 out
140 1296 203 1338 cum
223 1299 240 1339 o
260 1299 341 1342 sacro
362 1281 442 1341 lonte
463 1279 585 1341 eductus
608 1283 727 1358 fuisset,
745 1281 871 1342 traditus
888 1290 930 1341 est
953 1285 1124 1360 Ammonio,

72 1360 114 1432 qui
130 1379 227 1440 magna
249 1364 364 1441 pietatis
378 1364 453 1424 sama
473 1361 607 1423 florebat.
624 1365 730 1425 Confer
743 1363 911 1425 Tillcmont.
926 1363 1007 1425 lior.
1023 1363 1125 1427 cocles.

72 1438 110 1498 ria
123 1439 155 1502 dr
168 1445 200 1504 S.
215 1445 355 1527 Gre'poa'ro
374 1443 410 1506 dc
426 1446 524 1528 Nyssa
539 1453 599 1506 ort.
621 1447 660 1506 44
676 1453 746 1506 tom.
773 1447 792 1505 9
809 1464 881 1527 pop.
903 1447 961 1507 495
980 1445 1027 1507 cd.
1052 1450 1126 1508 Vsa.

71 1522 141 1663 lim
154 1534 181 1585 et
196 1527 314 1587 Orsium
329 1526 408 1588 aot.
424 1525 490 1588 oocl.
510 1523 561 1588 tit.
583 1529 622 1588 44
637 1546 722 1588 num.
738 1529 778 1588 88
795 1535 864 1590 tom.
885 1529 903 1587 9
918 1546 990 1610 pop.
1007 1531 1062 1590 444
1079 1528 1127 1590 erl.

95 1621 145 1666 oro.
159 1609 248 1668 4754.

114 1784 141 1884 §.
174 1788 348 1860 XXXVII.
405 1790 498 1862 Unus
542 1807 671 1863 tantum
706 1793 741 1862 in
781 1792 943 1890 baptismo
979 1794 1127 1890 patrinus

72 1882 260 1958 adhibendus
314 1904 381 1979 est,
430 1905 487 1960 aut
529 1889 571 1960 ad
615 1916 781 1961 summum
811 1893 860 1961 vir
889 1916 971 1960 unus
995 1917 1127 1987 unaque

71 1982 177 2055 mulier
207 1987 281 2084 (1);
316 2013 424 2084 neque
455 1987 487 2056 id
522 2015 642 2058 munus
683 1991 860 2086 unicuique
885 1991 1046 2059 committi
1071 1992 1128 2059 in-

71 2078 301 2155 discriminatim
344 2083 461 2176 debet,
510 2085 566 2157 sed
608 2089 656 2176 ei,
698 2089 755 2184 qui
780 2089 821 2157 sit
861 2085 1057 2176 catholicus,
1095 2103 1129 2157 et

70 2203 136 2250 sana
174 2181 319 2254 doctrina
351 2182 510 2280 bonisque
548 2183 692 2256 moribus
721 2184 887 2274 imbutus3
916 2188 1129 2281 maximeque

70 2285 227 2372 convenit,
271 2280 423 2353 eumdem
464 2281 577 2353 saltem
618 2283 777 2379 puberem
817 2299 851 2354 et
895 2285 1128 2356 confirmatum

70 2400 127 2447 esse
144 2377 207 2476 (4).
240 2379 459 2476 Repelluntur
486 2380 527 2450 ab
560 2380 620 2452 hou
654 2381 762 2453 officio
793 2380 941 2452 infideles
974 2399 1030 2452 aut
1055 2381 1128 2452 hae-

69 2477 165 2567 retici,
211 2477 340 2576 publice
372 2481 640 2550 excommunicati
682 2494 738 2550 aut
769 2478 953 2568 interdicti,
996 2479 1129 2576 publice

68 2575 220 2648 ruminosi
258 2593 314 2646 aut
351 2577 504 2668 infames,
537 2593 571 2648 ct
602 2579 658 2674 qui
687 2603 761 2648 sana
789 2592 900 2649 mente
925 2600 994 2648 non
1026 2593 1125 2664 sunt,

68 2687 96 2741 et
125 2678 178 2770 qui
205 2671 285 2747 fidei
308 2674 493 2746 rudimenta
515 2677 686 2771 ignorant,
717 2677 761 2746 ita
789 2690 827 2744 ut
852 2701 889 2746 ea
912 2673 1029 2746 dooere
1060 2699 1129 2745 non

69 2773 198 2865 possint,
228 2797 368 2870 queme
397 2799 485 2846 sacro
510 2774 601 2845 fonte
631 2788 843 2872 susceperunt
868 2771 935 2870 (5).
965 2771 1129 2844 Vetantur

69 2871 152 2939 etiam
189 2886 338 2968 parentes
371 2870 487 2944 offerre
525 2870 609 2943 lilios
650 2896 723 2944 suos
752 2885 888 2970 propter
925 2871 1128 2968 spiritualem

69 2971 283 3062 cognationem
314 2971 386 3066 (4),
426 2995 500 3068 quae
541 2972 626 3042 inter
651 2972 819 3066 patrinum
863 2995 900 3040 ao
927 2968 1126 3066 baptizatum

68 3067 275 3156 contrahitur,
308 3085 341 3140 et
368 3085 518 3140 vetantur
547 3071 644 3138 etiam
670 3068 732 3140 hoc
755 3093 875 3138 munus
901 3093 1013 3163 gerere
1054 3091 1129 3138 mo-

70 3163 171 3255 nachi,
188 3191 269 3262 qnos
292 3166 458 3238 solitudini
475 3165 619 3238 addictos
637 3193 704 3239 esse
721 3181 850 3264 oportet
863 3165 929 3264 (5)

101 3337 140 3420 (4)
161 3342 248 3401 Cone.
265 3339 349 3402 Trid.
369 3359 439 3403 sear.
457 3343 497 3402 44
513 3359 580 3422 cap.
599 3343 619 3402 4
637 3338 672 3402 dc
688 3337 745 3423 res.
766 3348 857 3400 matr.
875 3341 971 3418 Atque
989 3337 1052 3399 hac
1063 3338 1128 3418 qui-

68 3418 126 3480 dem
144 3421 296 3501 disciplina
312 3422 394 3484 Trid.
416 3424 537 3484 concilio
555 3423 703 3501 antiquior
723 3429 777 3484 est.
797 3425 870 3484 Nam
888 3421 987 3501 plures
1005 3438 1129 3482 numero

68 3503 186 3578 patrinos
201 3503 356 3565 excludere
368 3504 596 3566 videturauotor
610 3507 711 3587 Apost.
727 3511 819 3566 coast.
842 3501 892 3566 tit.
910 3505 928 3565 5
946 3521 1011 3586 cop.
1029 3503 1128 3562 llicit.

66 3602 123 3646 eum
144 3587 256 3654 statutt,
281 3593 315 3646 ut
334 3587 381 3647 vir
401 3607 417 3648 a
439 3587 576 3664 diacono,
599 3588 739 3648 muliera
761 3587 919 3648 diaconissa
939 3585 1124 3663 suscipiatur.

68 3667 116 3728 Sed
129 3667 300 3746 explicatius
317 3675 404 3748 atque
416 3669 553 3731 disertius
569 3689 661 3730 unum
672 3671 820 3749 patrinum
831 3669 1011 3730 constituunt
1025 3669 1082 3728 Leo
1093 3668 1128 3725 P.

67 3749 94 3806 io
115 3768 183 3809 aaa.
203 3753 259 3810 404
279 3747 315 3811 da
329 3769 456 3812 cmuoor.
470 3749 540 3814 diat.
562 3753 596 3828 4,
624 3771 705 3814 cone.
727 3755 855 3814 Matense
868 3769 917 3812 an.
936 3751 996 3810 888
1017 3765 1086 3808 ooo.
1108 3748 1126 3805 6

66 3839 128 3890 tom.
145 3833 177 3892 44
197 3830 351 3894 corrant.
368 3831 683 3896 uuucotttanheiat.
702 3837 774 3896 Vra.
987 3898 990 3904 ,
1060 3907 1100 3922 ..

5 3983 6 3986 Ἴ
99 3910 139 3990 (4)
163 3915 235 3974 Coa.
254 3917 314 3976 404
324 3913 394 3976 drot.
407 3919 427 3977 4
439 3914 474 3976 de
491 3917 636 3992 Cortonam,
651 3917 756 3977 rituale
770 3919 855 3976 Rom.
873 3913 920 3974 tit.
935 3911 970 3974 dc
983 3917 1125 3992 potrrma.

5 3995 7 4076 i
64 3995 163 4057 Consu
177 3997 288 4060 utratd.
309 4015 409 4080 cupos.
429 3999 500 4060 Jur.
520 4006 603 4080 pont.
619 4017 652 4080 p.
676 4003 690 4060 4
712 4015 737 4059 a.
753 3999 812 4058 tto
836 4003 906 4057 tom.
928 3997 948 4056 4
966 4011 1037 4076 pop.
1055 3993 1125 4054 544.
