3122 5178
743 369 939 442 ...56-

308 546 414 592 unum
442 522 477 589 in
509 517 619 590 locum
642 533 878 589 convenerunt.
895 515 967 586 Jam
994 513 1071 586 inde
1100 514 1142 584 ab
1158 513 1378 610 apostolorum

307 643 377 692 aevo
404 617 621 688 existimatum
653 627 722 703 est,
742 615 826 686 benc
841 612 982 685 ecclesiae
998 611 1162 701 loturum,
1179 615 1205 682 si
1232 615 1379 706 graviora

307 716 450 811 negotia,
468 715 493 782 si
509 716 754 802 controversiae,
770 711 1083 810 disceptationesque
1104 725 1380 805 componerentur

308 838 345 883 ac
375 810 593 882 definirentur
616 810 829 906 abepiscopia
847 811 882 878 in
912 834 1017 878 unum
1048 810 1261 902 congregatis.
1280 806 1380 892 Quod

309 935 378 980 non
394 906 493 979 semel
518 907 665 979 lecerunt
681 905 830 1002 apostoli,
850 931 931 1002 quos
957 907 1043 976 inter
1062 929 1095 974 sc
1109 907 1294 976 convenisse
1307 929 1382 975 con·

309 1021 387 1095 stat,
404 1021 442 1074 ut
464 1004 544 1076 alius
559 1003 763 1076 sufficeretur
788 1001 952 1100 apostolus
966 1001 1061 1073 Judae
1082 1000 1257 1098 proditori,
1274 1017 1313 1072 ut
1328 1002 1383 1071 eli·

310 1117 467 1198 gerentur
483 1102 609 1174 diaconi
628 1117 886 1196 curarenturque
903 1099 1028 1190 viduae,
1043 1115 1142 1195 atque
1160 1114 1197 1169 ut
1216 1099 1383 1170 christiani

308 1199 448 1272 lllosaica
478 1199 550 1295 lege
576 1213 610 1270 et
637 1197 889 1270 Circumcisione
918 1196 1014 1270 soluti
1046 1195 1327 1292 declararentur(
1353 1195 1380 1291 ).

311 1297 544 1394 Apostolorum
576 1296 762 1393 exemplum
795 1310 933 1391 sequuta
962 1291 1093 1366 ecclesia
1127 1317 1213 1390 saepe
1243 1293 1385 1364 conciliis

311 1410 361 1466 est
377 1420 446 1487 usa,
481 1420 557 1468 cum
580 1419 696 1490 magna
718 1393 901 1465 christianae
930 1390 1118 1490 reipublicae
1144 1390 1284 1462 utilitate
1310 1389 1382 1488 (2).

367 1667 381 1726 l
420 1666 482 1726 Act.
498 1667 598 1741 Apost.
612 1665 641 1724 I.
654 1663 694 1724 26
707 1671 734 1722 et
748 1680 809 1743 seq.

365 1749 384 1807 2
418 1745 463 1806 Ad
478 1745 589 1804 nullam
602 1751 701 1802 tamen
715 1741 785 1802 fidei
806 1741 1049 1816 controversiam,
1068 1739 1266 1820 quamtumvis
1282 1739 1390 1802 obscu-

312 1845 393 1901 ram,
413 1823 612 1886 definiendam
631 1823 766 1905 generale
783 1822 939 1883 concilium
960 1820 1091 1884 absolute
1112 1840 1174 1884 esse
1192 1823 1390 1884 necessarium

313 1905 443 1969 ostendit
454 1905 587 1968 zaccaria
598 1905 632 1965 in
646 1901 833 1986 datisebron.
847 1911 917 1965 tom.
930 1905 964 1979 7,
980 1902 1055 1966 diae.
1067 1906 1101 1980 2,
1118 1923 1186 1986 cap.
1201 1905 1237 1964 ll
1253 1922 1338 1964 num.
1352 1906 1387 1982 7,

315 1996 345 2048 et
362 1989 396 2048 a'rt
413 1984 601 2068 Antisebroo.
620 1983 733 2047 vindic.
752 2002 826 2067 paq.
849 1981 1000 2048 ldmsort.
1023 1987 1127 2068 dcup.
1154 1987 1190 2060 7,·
1210 2003 1390 2065 quamquam

314 2068 400 2129 valde
412 2067 486 2129 utile
499 2069 553 2144 sit,
567 2076 597 2128 ct
610 2066 761 2128 interdum
775 2068 864 2130 etiam
877 2085 931 2146 pro
948 2075 1116 2148 temporum
1133 2068 1247 2129 ratione
1259 2085 1400 2143 necessus

315 2151 395 2213 rium
410 2167 473 2211 csse
487 2149 589 2230 possit.

365 2399 396 2500 §.
416 2397 606 2470 XXXVIII.
624 2397 767 2472 Concilio
784 2399 835 2470 vel
849 2395 1063 2491 oecumenica,
1077 2415 1134 2471 aut
1150 2400 1324 2494 generalia,
1338 2401 1391 2471 vel

318 2500 439 2595 topica,
457 2512 514 2566 aut
532 2497 736 2592 particularia
751 2513 839 2566 sunt.
860 2497 905 2567 Ut
920 2497 1094 2568 concilium
1111 2497 1260 2592 generale
1277 2497 1393 2568 habea·

318 2612 387 2684 tur,
408 2595 468 2663 tria
484 2617 610 2664 servare
620 2609 762 2690 oportet.
778 2594 804 2664 l.
825 2593 1008 2665 Concilium
1027 2593 1240 2665 indicendum
1253 2611 1302 2665 est
1317 2621 1393 2668 con-

319 2717 415 2764 sensu
448 2705 482 2761 et
510 2693 701 2762 auctoritate
727 2691 866 2762 Romani
898 2689 1067 2762 Pontificio
1086 2693 1158 2788 (1),
1190 2695 1245 2787 qui
1272 2719 1332 2788 pcr
1359 2718 1393 2762 so

320 2793 443 2886 ipsum,
463 2787 513 2858 vel
524 2813 583 2884 per
605 2787 726 2882 legatos
753 2815 827 2858 suos
841 2788 976 2868 concilio
993 2814 1132 2884 praecsse
1147 2788 1246 2860 debet
1260 2789 1325 2885 (ᾖ).
1346 2789 1389 2859 ll.

321 2887 449 2958 Omnes
464 2883 599 2956 vocandi
615 2901 692 2954 sunt
708 2910 747 2954 ex
764 2901 831 2956 toto
846 2884 926 2954 orbe
936 2885 1083 2956 catholici
1100 2887 1261 2983 episcopi:
1280 2913 1394 2983 quam-

322 3007 421 3080 quam
436 2979 517 3050 nihil
528 2980 658 3069 referat,
673 2980 762 3076 quod
775 3005 889 3051 omnes
902 2998 1077 3077 praesentes
1089 3009 1158 3054 non
1169 2987 1235 3053 sint
1247 2984 1316 3079 (ὅ).
1331 2985 1390 3054 lIl.

321 3079 472 3174 Denique
487 3076 615 3148 concilii
631 3093 700 3148 acta
717 3103 735 3146 a
750 3075 912 3148 Pontilioe
934 3094 1013 3148 sunt
1029 3079 1254 3152 confirmanda
1271 3083 1341 3178 (l).

365 3345 407 3428 (l)
431 3349 504 3408 Con.
523 3348 536 3406 l
552 3353 649 3429 etseq.
665 3343 734 3408 clm.
754 3349 801 3408 l7.
819 3349 914 3427 Atque
925 3347 956 3410 id
967 3348 1089 3428 quidem
1099 3349 1208 3412 diserte
1220 3351 1396 3430 profitentur

326 3433 426 3492 Patres
446 3427 561 3488 concilii
580 3429 889 3508 constantinopolitani
910 3433 939 3492 l.
965 3431 997 3492 in
1052 3431 1100 3494 ist.
1116 3431 1250 3516 synodac.
1268 3431 1309 3494 od
1330 3435 1396 3494 Do-

325 3508 909 3606 anoanm,qupestapud'lheodoritum
924 3511 1005 3574 Hist.
1036 3511 1073 3574 il).
1091 3515 1189 3594 dcup.
1205 3516 1304 3596 9po9.
1321 3517 1394 3591 l80,
1437 3516 1443 3528 '

326 3589 397 3653 edtt.
417 3586 527 3651 Voleso
545 3593 672 3650 Tauron
692 3593 787 3668 17483
808 3593 946 3671 idemque
959 3593 1064 3654 docent
1083 3595 1216 3674 Pelagius
1231 3599 1258 3657 11
1275 3593 1360 3676 epist.
1377 3599 1396 3656 8

327 3671 365 3732 ad
385 3672 549 3750 episcopos,
566 3689 639 3750 qrros
657 3673 936 3752 Constantinopolim
953 3683 1106 3736 vocaverat
1123 3679 1249 3738 loannes
1268 3677 1397 3738 Patriar-

327 3753 382 3814 cha
394 3753 728 3831 constantinopolitanus
738 3753 816 3832 apud
827 3755 976 3816 labbeum
986 3763 1055 3818 tom.
1073 3759 1091 3818 6
1105 3755 1216 3818 Concil.
1229 3755 1284 3820 col.
1300 3760 1359 3818 655
1372 3766 1399 3818 et
1525 3813 1526 3822 ,

327 3853 405 3917 aeq„
426 3836 526 3896 Venot.
545 3831 648 3913 dolati,
668 3852 756 3914 quam
773 3835 925 3915 epistolam
942 3838 1077 3915 probavit
1095 3839 1183 3898 etiam
1202 3841 1267 3900 Pela
1291 3841 1311 3900 ii
1331 3857 1398 3900 suc-

326 3933 423 3978 cessor
447 3917 605 3998 Gregorius
628 3920 668 3980 M.
695 3916 779 3999 epist.
802 3918 842 3979 to
862 3915 911 3980 lib.
934 3921 951 3981 5
976 3937 1061 4002 opp,
1091 3927 1163 3981 tom.
1189 3923 1208 3982 2
1233 3861 1289 3982 ool
1319 3922 1392 3995 770,
