3142 5188
750 423 972 494 -584-

324 569 569 646 Alexandrinum,
587 577 675 650 atque
692 571 732 632 ita
751 589 852 635 omnes
868 573 947 634 inter
968 576 1115 635 Romanos
1132 579 1162 631 et
1180 569 1414 632 Alexandrinos

323 674 356 715 ea
375 653 411 714 de
427 671 461 712 re
475 653 680 714 controversie
696 654 818 716 sublate
838 655 987 717 suntsed
1003 655 1101 716 adbuc
1118 671 1221 734 magns
1239 661 1303 712 erat
1320 670 1411 714 urn-

321 737 397 796 lusio
416 734 454 794 ob
472 733 645 812 discrimen,
666 736 746 814 quod
764 745 808 798 est
826 737 904 798 inter
921 755 1032 798 annum
1052 736 1278 798 astronomicum
1296 743 1328 794 et
1352 736 1412 796 ci-

318 819 423 886 vilem,
436 835 494 895 quo
506 817 633 893 utimur,
649 835 746 896 neque
759 827 837 879 recte
852 819 1001 881 novilunia
1014 820 1201 894 constabant;
1219 816 1285 878 ideo
1299 819 1407 898 Greg.

319 901 389 962 xttt
402 899 489 959 lostos
505 899 703 960 emendandos
714 902 841 978 curavit,
857 910 887 962 et
900 921 979 964 nnnc
989 910 1053 982 post
1068 901 1273 983 Gregorianam
1286 917 1409 959 emen-

319 982 466 1042 dationem
484 999 520 1042 ex
536 981 617 1042 lastis
635 985 784 1062 perpetuis
805 991 834 1044 et
850 984 1050 1054 tetendistis,
1070 1001 1137 1062 quae
1156 982 1277 1063 singulis
1302 983 1406 1044 annis

318 1064 506 1144 evulgantur,
533 1064 617 1124 focile
641 1063 890 1143 deprehendimus
912 1066 1047 1128 ordinem
1073 1066 1158 1138 anni,
1186 1083 1252 1124 orm
1274 1063 1402 1138 civilis,

317 1153 381 1206 tum
391 1145 586 1206 ecelesiastici.
599 1147 704 1208 Nostro
716 1147 772 1208 boo
780 1149 885 1210 seculo
897 1146 1065 1228 hujusmodi
1076 1154 1294 1229 argumentum,
1306 1145 1403 1224 qnod

315 1229 444 1306 pertinet
460 1227 498 1288 ad
516 1228 688 1308 Gregoriani
703 1231 871 1292 Kalendarii
885 1229 1136 1307 emendationem,
1152 1237 1239 1307 atque
1255 1227 1292 1288 sd
1308 1237 1404 1289 tem-

316 1328 370 1388 pus
397 1309 563 1372 celebrandi
582 1311 746 1386 rasehnts,
769 1313 828 1374 late
848 1312 1035 1392 pertractavit
1049 1315 1111 1374 loe.
1135 1310 1292 1374 nemim
1313 1313 1402 1372 Pra-

315 1391 422 1464 tensis,
439 1392 490 1471 qui
505 1412 555 1454 an.
576 1393 656 1454 1⁷52
674 1394 829 1456 Florentiae
849 1395 959 1456 librum
977 1393 1085 1472 edidit,
1106 1394 1153 1454 cui
1170 1393 1287 1453 titulus:
1308 1393 1400 1476 npe-

315 1481 390 1534 tome
409 1473 506 1558 operis
526 1471 680 1538 Posclolia
692 1475 845 1560 proferens
862 1477 1063 1540 memsitotcm
1079 1472 1258 1537 modendi
1271 1493 1400 1536 corree-

315 1555 423 1616 tiooem
441 1557 578 1638 Greyor„
598 1555 704 1619 deinde
721 1568 921 1641 opportunum
939 1556 1069 1642 ejsudem
1094 1560 1216 1640 Grcoor.
1245 1555 1399 1618 emmila-

314 1637 422 1698 tionem
453 1637 517 1700 sine
548 1636 733 1702 Kelenderii
766 1650 795 1702 ct
829 1639 1040 1726 martyrologii
1071 1640 1254 1702 cartactom
1292 1647 1396 1722 utque

312 1718 450 1782 exbibens
473 1719 694 1784 dissertationes
718 1723 775 1799 tv,
801 1731 830 1785 ct
854 1722 1032 1808 appendices
1048 1726 1086 1786 11
1099 1721 1141 1784 od
1164 1719 1324 1782 moterim
1349 1720 1396 1782 de

312 1799 390 1884 cycli
402 1799 557 1884 poocltnlic
580 1804 788 1866 constitutione
810 1804 1038 1868 molendum.
1062 1805 1152 1886 Cujus
1165 1805 1261 1884 operis
1275 1803 1396 1866 deinde

312 1885 374 1964 ipse
386 1886 547 1946 Bettozcius
562 1885 761 1948 defensionem
776 1887 882 1948 edidit.

360 2038 390 2140 ς.
419 2039 477 2110 IV.
510 2041 559 2112 Ex
586 2041 675 2114 iestis
711 2043 825 2114 diebus
853 2043 987 2143 quidam
1026 2061 1104 2114 sunt
1138 2041 1290 2115 omnibus
1324 2069 1394 2140 per

310 2155 417 2210 totum
445 2137 559 2210 orbem
591 2139 803 2213 christianum
843 2159 876 2214 et
909 2145 998 2215 omni
1035 2160 1183 2240 tempore
1213 2143 1312 2232 sacri,
1346 2159 1389 2212 ut

310 2239 420 2308 cuncti
467 2235 535 2308 dies
576 2239 758 2330 Dominici,
796 2239 939 2328 Pascha,
990 2241 1205 2329 Pentecoste,
1264 2255 1389 2312 oeterae

309 2336 446 2406 ma'ores
479 2335 717 2426 solemnitatem
762 2355 796 2410 et
838 2339 973 2436 quidam
1007 2355 1086 2412 sunt
1124 2363 1195 2410 non
1233 2337 1377 2436 ubique,

309 2361 372 2504 secl
406 2459 424 2503 a
454 2437 548 2506 certis
585 2450 716 2508 tontum
748 2438 948 2528 ednotus,
991 2453 1049 2510 ant
1086 2439 1275 2536 provinciis,
1318 2452 1384 2508 aot

310 2529 497 2603 nationibus
530 2531 700 2605 observati.
738 2535 786 2604 lta
827 2561 1010 2704 unaqaeegue
1038 2535 1105 2607 lere
1145 2537 1254 2606 eivitm
1281 2557 1386 2606 snum

310 2627 410 2700 babet
436 2646 631 2727 patronum,
672 2633 764 2732 cujus
795 2634 914 2705 lestum
975 2635 1039 2706 iem
1080 2636 1147 2729 agit
1178 2659 1256 2705 cum
1287 2635 1387 2703 venia

310 2727 392 2798 sedis
427 2729 621 2825 Apostolicae
669 2731 744 2828 (i);
779 2748 878 2830 atque
906 2735 941 2804 in
981 2735 1154 2832 provinciis
1185 2729 1387 2830 quibusdam

310 2827 389 2896 certi
413 2841 493 2896 sunt
518 2827 590 2898 sesti
634 2825 702 2900 dies
742 2832 964 2928 antiquissimo
1000 2833 1161 2930 majorum
1205 2829 1386 2902 traditione

309 2923 488 2993 constituti.
534 2925 657 2996 Rursus
688 2925 823 3024 quidam
855 2945 933 3000 aunt
967 2929 1040 3000 lecti
1068 2928 1157 3018 dieo,
1192 2931 1230 3002 in
1261 2927 1385 3026 quibus

307 3020 430 3121 ubique
464 3021 630 3093 christiani
652 3039 685 3095 et
712 3025 820 3099 Missae
857 3029 1013 3100 sacrificio
1045 3029 1199 3099 interesse
1234 3025 1381 3116 debent,

310 3134 342 3188 et
371 3117 412 3188 ab
438 3121 589 3192 omnibns
612 3145 646 3192 se
675 3123 836 3196 obstinere
862 3125 1034 3224 operibus,
1058 3151 1135 3224 quae
1166 3126 1292 3197 servilia
1320 3149 1385 3196 vo-

309 3232 448 3304 cantur,
477 3233 510 3288 et
537 3217 671 3317 quidam
708 3237 784 3292 eunt
830 3226 937 3295 miuus
975 3223 1154 3314 solemnes,
1187 3227 1224 3296 in
1262 3222 1386 3322 quibus

309 3313 426 3384 alieubi
461 3313 661 3406 christianis,
693 3337 905 3418 posteaquem
941 3321 1051 3396 divino
1097 3321 1254 3396 sacrificio
1290 3322 1386 3396 fuere

308 3419 505 3508 presentes,
531 3416 696 3512 integrum
727 3435 776 3490 est
807 3422 872 3490 suis
906 3421 1003 3492 rebus
1029 3447 1158 3513 vacare,
1193 3449 1232 3494 ec
1253 3447 1385 3520 paupe-

309 3510 397 3581 ribus
429 3511 505 3584 licet
538 3515 660 3585 victum
699 3515 759 3586 sibi
792 3543 830 3590 ex
871 3522 935 3590 suis
966 3519 1131 3592 laboribus
1175 3547 1380 3619 comparare.

349 3681 390 3765 (i)
411 3689 455 3746 De
472 3686 606 3768 eligendo
621 3691 726 3750 Sancto
741 3693 868 3752 Patrono
893 3693 1015 3771 ciieujus
1032 3693 1173 3764 civitatis.
1190 3704 1243 3758 aut
1259 3697 1384 3780 provin·

308 3765 376 3840 eiae,
394 3768 476 3846 cujus
500 3769 537 3830 ab
557 3770 694 3830 universo
709 3773 819 3850 poulo
845 3774 935 3835 festus
951 3783 1055 3856 agatur
1080 3775 1158 3854 dies,
1183 3779 1275 3845 babes
1299 3781 1383 3858 apud

308 3850 340 3942 t.
354 3851 483 3910 Ferraris
493 3851 526 3912 ιἰι
537 3847 678 3913 Bibliotlt.
694 3791 774 3916 ccl.
789 3857 876 3918 Festo
886 3875 972 3917 oum.
988 3860 1008 3918 4
1025 3857 1177 3921 decretum
1192 3865 1258 3924 Sao.
1274 3879 1381 3944 congr.

306 3937 434 4023 rituum,
453 3933 623 4012 quodjussu
637 3934 747 3997 Urbani
763 3939 831 4000 Vlii
852 3937 963 3998 editum
981 3947 1025 3999 cst
1039 3940 1088 4001 die
1106 3944 1145 4004 25
1166 3948 1264 4007 martii
1286 3947 1382 4009 1650.

306 4011 374 4087 Ejus
387 4021 485 4076 autem
506 4015 615 4078 decreti
639 4035 754 4080 summa
777 4027 836 4098 est,
860 4029 893 4082 nt
912 4021 933 4082 ii
950 4028 1064 4082 motum
1082 4025 1230 4106 eligantur
1244 4031 1380 4108 Patroni,
