3164 5174
802 401 1023 476 ..tta-

428 563 455 639 l)
479 561 552 640 Cup.
568 560 580 616 l
598 565 625 616 et
641 553 706 617 dds
715 553 926 637 piesbyt.oou
939 551 1051 636 baptis.
1106 591 1109 621 3

427 641 456 719 ⁹2)
477 639 587 702 Concil.
602 638 736 732 Trideut.
750 655 821 700 sess.
837 638 876 698 ld
892 655 958 732 pap.
971 639 991 696 l
1000 633 1040 706 de
1052 631 1176 726 reform.
1322 717 1339 736 ..

373 713 1364 881 sititisltiltbtttldtt⁰ttittotai)tt
1378 721 1444 860 ii

373 887 483 968 phytus
502 903 557 964 pru
572 885 763 964 suscipiendis
776 883 930 946 ordinibus
948 882 1018 944 satis
1035 881 1176 962 probatus
1195 879 1353 958 habeatur,
1369 881 1443 943 inter

372 970 453 1034 luris
470 969 600 1030 canonici
618 968 793 1046 interpretes
811 983 870 1026 nun
891 965 965 1026 bene
982 963 1168 1042 exploratum
1186 971 1240 1026 cet.
1261 963 1319 1026 dlii
1337 979 1443 1026 aunum

373 1070 467 1112 uuum
484 1050 554 1112 satis
572 1068 643 1111 assu
665 1050 866 1124 arbitrantur,
884 1048 953 1127 quie
970 1047 1055 1108 miles
1078 1049 1111 1108 in
1131 1049 1202 1108 lare
1224 1046 1319 1122 civili,
1348 1055 1444 1108 exacto

375 1134 489 1194 militie
503 1150 595 1228 annu,
619 1139 775 1193 veteranus
791 1130 916 1206 dicitur,
932 1131 981 1192 alii
1006 1129 1161 1191 biennium
1181 1129 1344 1209 postulant,
1375 1147 1445 1208 quu-

376 1217 456 1276 niam
472 1217 630 1295 Gregorius
646 1215 685 1276 bl.
705 1211 757 1275 tit.
774 1215 813 1274 tu
832 1231 879 1294 ep.
897 1214 936 1274 tt
958 1230 1028 1296 opp.
1049 1217 1120 1273 tum.
1147 1207 1239 1273 boul.
1263 1213 1352 1288 l056,
1377 1209 1442 1272 edit.

377 1298 477 1359 Poris.
498 1298 578 1358 tuot
600 1315 664 1374 uus,
685 1298 736 1376 qui
760 1295 868 1357 Christi
894 1294 984 1355 iidem
1007 1292 1132 1373 amplexi
1156 1293 1288 1364 inerant,
1318 1292 1445 1354 ordinari

376 1380 488 1455 vetuit,
499 1379 682 1463 postquam
699 1375 851 1440 muium
866 1376 900 1438 iu
919 1375 1106 1439 eunomium
1125 1373 1306 1457 complectit,
1329 1376 1381 1436 alii
1398 1375 1445 1435 de·

377 1463 514 1524 cenulam
536 1462 709 1539 requirunt,
728 1459 808 1539 quud
832 1459 889 1520 buc
909 1461 941 1520 in
954 1457 1023 1537 jure
1042 1458 1165 1538 longum
1178 1466 1295 1536 tempus
1318 1466 1382 1534 oet3
1400 1457 1444 1517 alii

379 1545 498 1606 demum
517 1561 585 1604 curu
605 1543 720 1604 nullom
740 1561 774 1604 ea
799 1541 838 1604 de
859 1559 894 1602 re
907 1549 1021 1603 certum
1031 1547 1148 1619 tempus
1165 1557 1182 1601 a
1199 1543 1282 1602 lure-
1296 1538 1446 1600 delinitum

377 1628 432 1704 sit,
459 1643 523 1686 rem
544 1633 634 1686 tutam
656 1625 829 1702 relinquunt
849 1623 973 1684 arbitrio
1000 1622 1141 1702 episcopi,
1170 1622 1253 1700 cujus
1273 1630 1318 1684 est
1333 1622 1446 1696 videre,

378 1727 450 1770 uum
463 1726 566 1768 recens
577 1707 713 1786 baptizati
727 1713 817 1768 mutae
830 1707 890 1766 sint
904 1705 1036 1780 obtutis,
1048 1713 1135 1784 atque
1147 1704 1177 1765 in
1193 1704 1253 1766 fide
1266 1705 1445 1780 constantie,

380 1798 412 1851 ut
423 1790 460 1851 iis
473 1790 662 1850 ecclesiastica
676 1789 840 1849 ministeria
854 1795 918 1850 tuto
933 1787 1076 1848 summitti
1088 1787 1212 1867 possint.

419 1871 461 1952 (li
483 1874 556 1932 Con.
584 1869 684 1932 ldist.
712 1873 761 1932 tt.
786 1869 898 1932 ldcirou
922 1869 1075 1933 Cornelius
1094 1873 1128 1932 P.
1157 1888 1204 1952 tp.
1225 1871 1244 1929 9
1267 1865 1308 1928 ud
1324 1865 1446 1930 Fabium

378 1950 549 2016 Antiochen.
571 1971 656 2014 uum.
677 1955 696 2014 l
715 1951 793 2031 apud
811 1953 1011 2014 Constantium
1032 1948 1087 2012 tui.
1107 1953 1163 2012 tut
1183 1950 1371 2032 irregularem
1394 1951 1449 2012 ba-

379 2036 444 2098 buit
467 2035 678 2111 Novatianum,
703 2033 783 2112 quod
806 2034 839 2094 in
865 2033 940 2096 lectu
964 2035 1142 2096 decumbens
1168 2033 1340 2114 baptismum
1370 2052 1448 2096 acce·

380 2118 478 2198 pisset.
498 2117 534 2179 lli
549 2137 619 2178 veru
634 2117 769 2178 homines
785 2113 885 2178 clinici
909 2116 1084 2178 dicebantur
1103 2137 1120 2178 a
1138 2135 1233 2198 greco
1254 2113 1342 2177 verbu
1354 2129 1446 2191 utun,

381 2199 461 2281 quud
473 2197 582 2262 lectum
595 2199 750 2280 siguificat.

428 2378 459 2480 §.
498 2379 591 2449 Vlll.
619 2379 792 2451 Pertincnt
818 2381 917 2451 etiam
949 2379 991 2450 acl
1015 2381 1162 2451 animum
1192 2378 1344 2468 libertas,
1371 2376 1449 2450 doc·

380 2481 486 2568 trina,
519 2477 652 2568 lenitas,
682 2503 757 2548 sano
786 2503 898 2569 mens,
936 2477 1020 2549 loma
1056 2481 1203 2574 integra,
1234 2481 1373 2548 vacuitas
1410 2475 1450 2546 ab

381 2578 471 2648 omni
498 2575 611 2668 sorde,
645 2593 744 2675 utque
774 2575 816 2646 ab
843 2579 935 2648 omni
965 2577 1211 2650 incontinentis
1242 2591 1333 2649 nuta.
1368 2573 1452 2646 Sunt

381 2676 453 2748 haec
487 2675 575 2747 buna
608 2675 728 2766 animi,
777 2699 921 2773 quaeque
976 2673 1026 2746 his
1070 2671 1281 2747 adversantur
1332 2674 1451 2745 iaciunt

382 2773 423 2844 ali
449 2799 524 2844 uem
547 2773 770 2869 irregularem.

425 2801 459 2970 i.
488 2869 549 2942 lx.
585 2872 698 2968 ltaque
729 2870 920 2966 irregulares
951 2865 1114 2944 habentur
1144 2873 1226 2942 servi
1257 2869 1334 2967 (l),
1352 2871 1451 2940 nisis

383 2968 517 3039 dominu
545 2967 729 3040 libertatem
768 2969 891 3040 fuerint
928 2972 1142 3068 consequuti,
1167 2967 1309 3040 ordinati
1344 2985 1453 3039 autem

383 3069 503 3137 sciente
527 3065 662 3138 dominu
689 3069 825 3163 ingenui
853 3067 1042 3140 efficiuntur
1073 3065 1147 3164 (Q
1178 3084 1359 3165 praeterea,
1399 3069 1454 3164 qui

383 3163 424 3235 ad
444 3189 551 3234 servos
567 3163 718 3234 videntur
737 3165 906 3256 accedere,
931 3183 1073 3256 tutores,
1101 3183 1264 3238 curatores
1279 3182 1313 3237 ct
1335 3167 1451 3254 ceteri,
1542 3201 1543 3204 ¹

384 3263 441 3360 qui
470 3277 624 3333 tenentur
657 3288 756 3334 unere
794 3267 958 3336 rationum
1001 3263 1264 3353 reddendarum,
1304 3265 1367 3334 nisi
1403 3287 1454 3332 eas

384 3375 478 3434 autea
500 3359 720 3451 reddiderint,
752 3377 851 3458 atque
873 3365 918 3432 ita
934 3387 1069 3434 omnem
1089 3361 1211 3433 fraudis
1239 3361 1455 3459 suspicionem

383 3461 579 3530 excusserint
608 3457 674 3556 (5);
705 3461 783 3530 item
815 3459 958 3532 illiterati
986 3477 1020 3532 et
1051 3460 1174 3533 indocti
1207 3461 1277 3558 (i);
1311 3458 1455 3558 denique

385 3557 442 3654 qui
469 3555 610 3628 alienam
640 3557 681 3627 ab
710 3557 918 3631 ecclesiastica
942 3559 1075 3632 lenitate
1103 3563 1250 3635 animum
1278 3555 1457 3638 declarate

385 3671 465 3726 arnt.

537 3825 546 3838 N

442 3843 467 3922 1)
491 3847 564 3927 cop.
581 3847 594 3904 l
615 3853 642 3906 ct
655 3847 674 3906 2
686 3843 722 3906 dc
735 3864 812 3908 seru.
829 3847 999 3910 nouordiu.

439 3929 457 3987 b
492 3931 566 3988 cun.
580 3929 621 3987 20
634 3925 704 3989 dist.
723 3931 771 3990 bl.

426 4013 456 4090 (ὅ
491 4013 563 4094 Cup.
578 4009 659 4072 uuio.
675 4009 711 4072 de
723 4008 843 4095 obligat.
857 4011 899 4073 od
912 4011 1050 4074 reticulo.
