3122 5178
365 482 399 530 Vl
834 475 1002 521 PRAEFATIO.

242 693 247 704 1
362 601 457 676 facile
472 602 676 736 intelligitis,
693 615 855 697 quantum
873 595 998 668 valeat
990 624 1025 668 m
1038 597 1135 684 rebus
1148 596 1388 691 ecelesiasticis,
1406 617 1441 673 et

363 750 442 823 quas
451 726 534 824 juris
556 724 702 795 canonici
719 723 939 792 institutiones
955 721 1136 817 scriptitare
1156 721 1314 819 potuerit.
1334 723 1440 821 Hujus

363 846 505 919 hominis
534 847 652 944 scripta
678 861 712 916 et
730 861 852 917 caetera
879 839 1019 934 similia,
1048 868 1123 940 quse
1142 841 1265 956 merit'o
1273 835 1439 915 damnata

362 984 439 1038 sunt
448 967 575 1066 Judroro
585 992 749 1039 verissimo
761 965 844 1038 sedis
857 967 1064 1064 apostolicae,
1083 952 1248 1058 vitanda'
1234 945 1267 1039 e't
1284 967 1438 1060 fugienda

362 1089 544 1162 robissunt
561 1086 756 1184 diligenter,
773 1113 816 1160 ne
838 1113 894 1160 vos
918 1089 1087 1184 applicetis
1098 1061 1292 1180 erroribus,
1321 1088 1441 1186 quibus

364 1211 458 1282 facile
483 1228 587 1282 555555
616 1209 688 1283 hoec
716 1227 793 1282 setas
821 1210 912 1282 infici
941 1225 1049 1308 potest
1076 1185 1310 1307 imprudei'is,
1319 1227 1353 1280 et
1357 1215 1439 1320 qui

363 1351 474 1433 postea
487 1331 655 1406 difficilius
670 1359 709 1405 ex
723 1336 838 1404 animis
851 1332 1011 1422 effluunt,
1027 1357 1102 1404 cum
1118 1325 1222 1404 5555551Ι
1237 1332 1335 1402 infusi
1347 1305 1436 1404 dont.

364 1457 492 1528 Horum
518 1481 651 1555 quoque
682 1459 876 1552 scriptorum
906 1481 924 1524 5
951 1455 1044 1527 nobis
1080 1455 1163 1525 fecta
1195 1469 1245 1524 555
1272 1454 1439 1525 interdum

362 1583 486 1650 mentio
524 1571 559 1650 in
587 1579 706 1650 nostris
738 1576 996 1648 institutionibus
1021 1576 1127 1674 (quod
1152 1591 1264 1647 tamen
1287 1602 1382 1674 parce
1406 1591 1440 1647 et

363 1703 571 1802 continenter
584 1697 748 1796 fecimus),
763 1698 820 1770 sed
833 1699 996 1796 quidquid
1021 1701 1055 1770 in
1077 1702 1114 1769 iis
1131 1717 1218 1789 erat,
1237 1699 1328 1796 quod
1353 1697 1440 1770 robis

364 1837 570 1917 compertum
586 1845 653 1892 esse
664 1835 852 1917 oporteret,
871 1820 905 1890 id
922 1835 1031 1892 totum
1047 1847 1107 1892 nos
1130 1819 1315 1910 hausimus,
1337 1838 1438 1922 atque

365 1945 579 2041 expressimus
601 1943 746 2040 indeque
765 1945 799 2014 in
821 1958 930 2015 nostra
948 1945 1068 2042 scripta
1093 1944 1319 2016 derivavimus.
1338 1945 1441 2032 Quod

366 2093 405 2158 eo
417 2067 498 2138 mihi
512 2066 762 2166 praedicendum
773 2066 856 2158 suit,
875 2069 1004 2164 nequis
1024 2066 1109 2139 forte
1125 2083 1268 2138 vestrum
1286 2071 1442 2140 curiosius

364 2191 446 2262 velit
461 2192 579 2287 scripta
591 2192 659 2288 ipsa
674 2186 823 2260 evolvere
839 2188 1069 2261 damnatorum
1091 2205 1280 2279 auctorum,
1299 2216 1442 2286 quorum

367 2301 492 2388 anobis
508 2315 626 2412 injecta
643 2316 768 2384 mentio
781 2329 841 2384 est.
867 2311 1034 2409 Principio
1056 2337 1110 2384 eos
1127 2310 1236 2407 legere
1258 2313 1346 2384 nefas
1372 2330 1439 2403 est,

367 2421 426 2504 nisi
440 2423 584 2531 primum
606 2437 700 2504 venia
723 2460 741 2503 a
761 2433 837 2507 sede
854 2423 1028 2531 apostolica
1046 2436 1218 2530 impetrata
1232 2437 1293 2522 sit3
1321 2433 1442 2510 deinde

367 2556 416 2626 illi
429 2557 547 2646 etiam,
563 2559 619 2652 qui
637 2555 722 2627 hanc
745 2555 936 2628 facultatem
956 2557 1193 2656 obtinuerunt,
1208 2575 1342 2629 careant
1358 2555 1442 2629 dili-

368 2694 502 2772 genter,
526 2681 629 2751 neiis
656 2678 805 2778 legendis
829 2683 976 2752 animum
1005 2696 1157 2751 tenerum
1180 2684 1285 2777 pravis
1309 2683 1441 2778 opinio-

368 2801 464 2872 nibus
492 2803 643 2874 imbuant
672 2801 890 2899 hauriantque
913 2827 1056 2892 errores,
1076 2801 1196 2899 quibus
1219 2801 1269 2874 illi
1291 2803 1440 2901 undique

367 2923 477 2994 referti
490 2941 579 2994 sunt.
595 2923 714 3019 Magne
730 2923 844 3014 nobis,
859 2923 967 2994 dirina
984 2951 1068 3022 opc,
1093 2927 1186 3022 copia
1207 2941 1259 2996 555
1277 2923 1440 2997 librorum

369 3049 590 3142 optimorum:
619 3045 677 3117 hos
693 3047 762 3116 sine
778 3045 924 3143 periculo
944 3046 1065 3143 legite,
1091 3065 1190 3146 atque
1213 3046 1392 3144 perlegite,
1407 3067 1441 3121 55

362 3143 431 3268 per
454 3171 608 3267 religiosi
632 3173 773 3241 itineris
800 3175 876 3242 orbs
904 3196 948 3242 oo
974 3175 1133 3243 055550ιὶ5
1157 3177 1324 3260 semitas,
1351 3198 1443 3268 quas

369 3296 537 3364 universa
563 3292 835 3379 molembais,
864 3295 1085 3390 gradientes,
1118 3298 1233 3392 mopsi
1258 3300 1444 3392 magisque

369 3413 613 3486 baereticorum
627 3417 728 3488 dem'a
742 3423 776 3484 ot
785 3413 961 3488 diabolico
977 3415 1107 3488 calcate
1117 3415 1292 3514 figmento
1311 3417 1377 3512 (c).

324 3581 331 3586 -
419 3535 598 3633 Reliquum
613 3551 682 3630 555,
702 3553 739 3608 ut
751 3535 877 3636 aliquid
889 3535 995 3610 dicam
1015 3537 1180 3631 deuotis,
1211 3537 1330 3635 quibus
1352 3541 1444 3609 insti-

410 3763 451 3848 (o)
462 3765 629 3829 Verbabesc
639 3775 709 3829 sunt
719 3772 749 3832 S.
759 3769 876 3831 Maximi
886 3769 1086 3836 Taurinensis,
1098 3771 1187 3830 Hom.
1202 3765 1315 3830 9555515
1337 3768 1441 3848 emet,

369 3849 452 3928 cujus
463 3849 579 3930 egregia
592 3867 697 3928 opera,
711 3851 863 3927 etreliqua
875 3851 972 3912 adhuc
982 3851 1118 3926 latentia,
1130 3859 1163 3910 ut
1174 3852 1239 3928 plus
1251 3869 1286 3929 pr
1326 3861 1442 3926 essent,

370 3930 527 4012 diligenter
548 3931 732 4011 recognosci,
758 3931 970 4008 splendideque
993 3951 1025 3994 ac
1043 3931 1196 4014 magnifice
1217 3933 1247 3992 in
1271 3931 1367 3992 lucem
1393 3935 1442 3994 edi

368 4015 482 4075 curavit
493 4014 698 4077 sanctissimus
713 4017 749 4076 D.
766 4015 802 4075 N.
816 4015 899 4076 PIUS
914 4017 965 4076 Vl.
