3106 5170
843 419 892 436 -
916 377 989 448 458
1014 421 1063 434 -

457 529 499 610 (l)
520 497 977 604 sonnebeccensis.
996 529 1098 612 Apost.
1116 523 1138 588 l.
1156 529 1174 588 6
1190 545 1257 610 cop.
1279 530 1319 591 30
1396 533 1465 594 still

416 612 644 756 ⁸p⁰diitii⁶²i³
660 607 714 705 ²⁰?-
734 605 1349 760 ii'lcleillioiii'ciffid'isi
1386 613 1467 756 imi·¹

411 711 889 860 alissimdiiititmr'so.
983 712 1028 774 Ψ
1143 735 1151 751 ’
1232 736 1240 752 ’
1305 714 1467 780 ’ΨΜ

455 858 498 940 (2)
519 860 625 920 Confer
638 861 710 918 neu.
728 859 797 919 xlv
814 859 913 940 Coptt.
930 858 1017 926 Inter
1029 854 1202 938 omnioenos
1216 858 1256 918 89
1267 855 1296 940 ᾖ.
1320 859 1359 920 22
1374 865 1438 920 ton.
1457 863 1464 922 Ι

413 936 760 1104 palmitiinfiiii'iriii
770 935 1320 1108 iiiicncqieocepnrrcnnctc

463 1240 494 1341 §.
537 1240 658 1312 Lxlit.
699 1239 772 1310 Jam
812 1239 954 1314 eeclesiae
979 1235 1059 1337 ¹lege
1103 1239 1269 1312 christiani
1314 1239 1467 1314 dominicis

415 1341 568 1438 festisque
595 1339 710 1410 diebos
749 1339 854 1410 missae
887 1339 1040 1414 sacrificio
1067 1336 1218 1426 interesse
1254 1339 1389 1412 debent.
1429 1345 1467 1412 Ac

417 1455 509 1510 vetus
545 1437 680 1535 quidem
717 1435 857 1508 mdeste
899 1435 1066 1535 disciplina
1100 1437 1191 1528 fuit,
1229 1455 1268 1508 ut
1299 1440 1336 1510 iis
1368 1439 1467 1510 diebus

415 1536 533 1632 singuli
571 1535 761 1608 accederent
800 1535 840 1605 ad
883 1535 1047 1606 ecclesiam
1100 1535 1336 1633 parochialem¹
1373 1538 1467 1634 ibique

415 1638 608 1706 interessent
629 1633 785 1704 sacrificio
813 1633 945 1732 quoda
975 1633 1116 1731 parocho
1143 1633 1377 1706 conficiebatur
1409 1636 1463 1731 (l).

414 1733 540 1804 Verum
578 1731 650 1804 haec
681 1731 848 1828 disciplina
876 1733 946 1831 jam
988 1731 1118 1828 pridem
1155 1737 1320 1830 antiquata
1346 1750 1410 1816 est;
1440 1747 1466 1803 et

414 1831 490 1901 licet
521 1829 633 1902 deceat
665 1829 857 1902 christianos
900 1829 1013 1901 diebus
1044 1829 1134 1902 sestis
1167 1833 1216 1901 ire
1247 1829 1289 1900 ad
1318 1831 1464 1903 eccloeinn

414 1927 648 2024 parochialem
681 1926 770 2000 nulls
802 1945 913 1998 omen
951 1954 989 1998 ea
1015 1927 1056 1998 de
1080 1955 1116 1999 re
1152 1932 1322 2000 necessitas
1351 1948 1413 2018 att,
1439 1943 1465 1997 et

415 2029 472 2122 qni
513 2043 602 2096 extra
640 2052 712 2097 earn
748 2027 902 2098 sacrificio
940 2027 1122 2116 intersunt,
1161 2025 1380 2102 ecclesiastices
1412 2028 1464 2119 legi

413 2123 630 2213 satisfaciunt,
656 2149 763 2222 neque
784 2124 917 2223 alicujus
932 2127 1074 2195 criminis
1090 2128 1136 2196 rei
1150 2143 1227 2196 sunt
1241 2127 1308 2222 (ᾖ).

454 2344 497 2426 (i)
517 2349 605 2408 Cone.
623 2343 792 2406 sardicense
809 2364 876 2406 con.
898 2349 936 2406 li
956 2344 1010 2408 col.
1037 2350 1097 2408 ote
1114 2354 1184 2409 tom.
1207 2351 1242 2424 i,·
1260 2349 1464 2424 Quinisextum

414 2445 481 2488 con.
493 2430 533 2487 80
547 2424 601 2490 col.
621 2428 700 2488 (690
715 2437 738 2486 t.
762 2430 781 2488 3
796 2425 862 2489 coll.
883 2429 972 2490 Hand.
994 2427 1041 2490 ecl.
1062 2429 1166 2490 Poris.
1183 2451 1253 2492 con.
1266 2435 1285 2489 2
1299 2428 1333 2492 de
1347 2425 1462 2490 Porocl.

455 2509 496 2590 (a)
517 2514 574 2572 nco
593 2513 620 2570 x
638 2519 731 2571 ome.
747 2507 952 2572 rectissimis
971 2513 1010 2572 ea
1024 2531 1097 2594 paq.
1123 2514 1184 2574 ton
1210 2520 1232 2572 e.
1258 2515 1276 2572 s
1299 2531 1331 2593 p.
1351 2514 1369 2574 5
1388 2507 1464 2570 nott.

413 2594 517 2668 nen.,·
530 2596 560 2654 S.
578 2592 682 2652 PiusV
698 2600 791 2653 conat.
812 2593 880 2654 Etsi
894 2595 932 2652 58
949 2612 981 2653 o.
1001 2595 1021 2652 8
1039 2613 1111 2676 pop.
1126 2597 1185 2656 576
1202 2603 1226 2654 t.
1242 2598 1262 2655 l
1277 2614 1310 2676 p.
1323 2597 1354 2655 ἢ.
1373 2592 1464 2654 Confer

413 2677 486 2736 Ben.
499 2677 568 2736 XIV
578 2672 614 2734 de
627 2692 695 2756 tyn.
708 2673 791 2734 dice.
805 2671 856 2736 lib.
870 2677 904 2735 ll
919 2695 986 2756 cop.
1004 2679 1042 2738 tl
1056 2675 1082 2758 §.
1099 2678 1117 2738 7
1133 2686 1234 2759 etseq.

461 2875 492 2974 §.
521 2875 640 2947 LXIV.
672 2875 742 2946 Mos
767 2879 803 2946 in
823 2878 952 2948 ecclesia
971 2878 1053 2969 fuit,
1086 2882 1142 2977 qui
1168 2879 1303 2978 quidem
1328 2881 1381 2953 diu
1406 2907 1463 2950 ser-

408 2990 504 3046 ratus
532 2989 601 3064 est,
634 2992 672 3046 ut
703 2974 823 3052 fideles
852 3001 983 3067 omnes,
1018 2979 1075 3074 qni
1102 2977 1143 3048 ad
1167 2981 1297 3049 missam
1325 2981 1462 3053 conveni-

413 3088 501 3162 rent,
533 3098 624 3143 suam
650 3075 796 3146 sacrificii
822 3090 970 3170 portem,
1000 3075 1061 3148 hoc
1090 3091 1138 3146 est
1162 3103 1280 3173 panem
1308 3095 1342 3149 et
1366 3081 1461 3148 vinum

412 3170 569 3243 offerrent
600 3170 668 3265 (i).
703 3171 751 3244 Eo
775 3197 860 3268 pane
891 3199 928 3243 ac
952 3175 1026 3245 vino
1052 3172 1173 3246 Christi
1202 3201 1321 3272 corpus
1351 3193 1383 3248 et
1405 3201 1463 3246 san-

414 3271 484 3364 guis
510 3270 761 3359 conficiebatur,
793 3287 826 3340 et
859 3269 948 3368 quod
975 3289 1139 3368 supererat
1161 3273 1343 3369 (supererat
1369 3291 1463 3344 antem

412 3365 616 3463 plurimum,
640 3371 793 3464 quonism
835 3371 907 3440 setis
937 3368 1034 3441 lcutae
1069 3388 1102 3440 et
1132 3374 1269 3468 copiose
1302 3373 1464 3445 oblationes

413 3464 520 3560 erant)
542 3463 574 3534 id
613 3479 721 3538 totum
753 3463 875 3537 alendis
906 3467 1027 3541 clericis
1063 3483 1097 3538 et
1135 3469 1332 3566 pauperibus
1373 3473 1464 3542 insec-

413 3562 519 3634 riebat
551 3562 617 3658 (2).
652 3563 850 3636 labentibus
886 3569 999 3654 annis,
1026 3566 1097 3638 loco
1132 3569 1223 3664 panis
1247 3571 1385 3658 etvini,
1413 3592 1465 3663 pe·

413 3665 507 3733 cunia
536 3659 644 3733 offerri
676 3665 791 3759 coepit,
816 3689 891 3758 quae
911 3667 1003 3736 initio
1031 3663 1167 3736 dabatur
1197 3666 1354 3754 ecclesie,
1377 3682 1464 3760 atque

411 3757 562 3830 omnibus
595 3765 773 3854 generatim
820 3761 960 3852 clericis,
993 3761 1144 3860 deinceps
1177 3782 1285 3834 autem
1314 3765 1387 3835 data
1423 3777 1464 3834 cst

411 3874 499 3930 certo
530 3856 705 3948 secerdoti,
746 3875 783 3930 ut
814 3861 962 3954 privatim
1002 3887 1062 3958 pro
1104 3863 1199 3934 certis
1240 3862 1463 3960 designatisque

410 3957 554 4049 personis
573 3958 763 4030 sacrificium
784 3955 915 4040 offerret
930 3957 995 4058 (5).
