3164 5174
828 422 1048 492 ..556-

405 571 511 638 tatibus
532 573 635 633 Isidori
653 570 832 633 mereatoris.
855 571 896 630 Eo
916 588 987 630 vero
1005 577 1124 649 exeeptu
1144 587 1270 645 oenone,
1292 569 1375 648 eujus
1392 571 1466 630 nun·

405 664 481 715 oerta
494 654 567 714 fides
581 663 611 714 et
624 653 779 716 auctoritas
790 659 850 727 est,
863 651 1007 712 aliusnon
1021 661 1115 712 exstat
1124 653 1204 714 turis
1214 651 1360 712 Pontiduii
1374 652 1466 726 lamis,

404 755 462 816 quo
475 737 613 797 adversus
626 755 710 797 reum
729 733 817 812 hujus
830 733 961 794 oriminis
974 733 1191 815 degradationis
1210 752 1294 811 poena
1312 735 1469 796 eonstitua-

404 828 464 878 tur.
487 818 612 894 Quidam
627 819 716 879 etiam
731 815 907 876 maleficium
921 834 973 876 seu
986 815 1183 898 sortilegium,
1199 815 1281 894 eujus
1294 833 1379 878 eausa
1393 835 1468 876 mors

404 901 557 962 hominum
573 901 717 978 evenerit,
738 897 978 980 degradationem
996 902 1094 960 seeum
1112 899 1192 960 ferre
1206 897 1404 974 arbitrantur,
1425 899 1469 958 id-

403 1001 461 1061 que
478 1001 509 1044 se
531 982 667 1064 ooiiigere
683 1000 766 1062 posse
784 988 903 1042 oensent
924 999 961 1041 ex
986 982 1083 1042 Cenat.
1103 979 1317 1062 omnipotentia
1338 981 1465 1042 nettut

404 1065 537 1144 Gregorii
552 1067 607 1127 XV
620 1072 690 1126 tom.
708 1065 838 1146 deputed
873 1081 922 1144 oy.
941 1065 996 1140 973
1013 1079 1117 1124 rerum
1136 1061 1199 1124 hee
1217 1063 1386 1124 eonstitutio
1403 1064 1470 1122 nui-

402 1147 465 1208 lum
492 1145 529 1207 de
550 1147 722 1208 elerioorum
747 1145 836 1226 degra
857 1147 955 1206 atione
985 1145 1109 1206 verbum
1137 1143 1241 1220 habet,
1268 1145 1311 1204 uti
1336 1143 1469 1206 observat

404 1229 491 1290 Card.
507 1229 633 1290 Albitius
653 1227 688 1290 dt
709 1231 895 1290 Irtconstont.
919 1228 951 1287 in
962 1225 1019 1310 fid.
1039 1246 1109 1310 por.
1130 1229 1227 1324 trop.
1242 1228 1281 1288 tn
1293 1245 1383 1286 num.
1400 1228 1465 1287 inu.

404 1311 529 1387 Quidam
542 1310 668 1390 denique
685 1311 773 1372 etiam
791 1309 984 1390 polygamiatn
1002 1309 1219 1392 degradationis
1237 1326 1322 1388 poena
1342 1309 1468 1388 punien-

403 1393 471 1454 dam
486 1393 668 1464 existimant,
687 1411 754 1454 eum
765 1391 832 1472 quis
846 1390 980 1452 videlieet
993 1391 1130 1454 simulato
1144 1393 1277 1466 nomine,
1296 1389 1363 1450 riva
1381 1409 1467 1452 uxore

403 1494 470 1552 sun,
495 1474 580 1534 aliam
598 1473 700 1535 ducit:
727 1473 865 1554 quoniam
886 1471 973 1552 hujus
995 1475 1126 1536 oriminis
1147 1492 1213 1534 reos
1230 1472 1362 1533 sardan
1383 1473 1466 1534 eurio

402 1557 479 1618 tradi
495 1556 581 1636 jussit
605 1557 739 1618 Urbanus
759 1559 826 1620 Vltt
838 1553 874 1650 tit
888 1558 987 1650 donst.
1010 1559 1158 1654 Magraum
1173 1555 1232 1618 557
1247 1565 1317 1618 tom.
1334 1557 1354 1616 6
1368 1557 1464 1636 pont

402 1636 1465 1802 iii·&diffiditiiiiii?”sd‘issiiissiidiiitdiii

403 1821 536 1882 expressa
554 1803 769 1882 degradationis
785 1820 869 1880 poena
885 1801 1070 1880 plectuntur3
1089 1811 1184 1866 astera
1197 1803 1330 1884 graviora
1345 1800 1463 1864 erimina

402 1883 499 1944 eidem
522 1902 617 1962 poenae
639 1883 742 1962 subjici
770 1892 908 1962 possunt,
928 1902 994 1944 eum
1018 1903 1121 1946 eorum
1142 1885 1187 1946 rei
1207 1885 1294 1964 plane
1317 1883 1462 1944 emendari

402 1975 569 2044 nequeunt,
590 1975 619 2026 et
637 1975 789 2044 postquam
810 1965 879 2025 alias
898 1965 1042 2046 gradatim
1059 1967 1263 2028 sustinuerunt
1280 1983 1396 2046 paenas,
1413 1983 1463 2044 per

403 2067 474 2126 quas
504 2049 609 2108 moniti
632 2049 801 2128 resipiscere
826 2055 855 2108 et
869 2047 950 2108 aliud
963 2049 1044 2128 sequi
1067 2049 1135 2110 vito
1148 2047 1313 2110 institutum
1328 2055 1461 2126 possent3

403 2130 638 2271 ggaaeommunis
650 2139 693 2192 est
706 2130 848 2192 sententia
863 2131 1012 2206 omnium,
1031 2131 1081 2211 qui
1093 2131 1169 2194 hano
1183 2131 1334 2194 materiam
1349 2130 1462 2208 seriptis

403 2213 412 2272 i
437 2221 596 2274 ustrarunt.
