3134 5144
451 469 457 482 ·
558 429 777 504 -ttt-

120 607 261 682 regnum
279 583 391 668 venit,
415 594 454 650 ut
478 579 561 650 nihil
584 583 742 652 innovent
763 597 796 652 et
819 577 900 650 nihil
923 579 964 652 de
989 581 1119 679 juribus
1143 583 1198 656 de-

122 681 263 749 trahant.
300 679 435 775 ltaque,
470 677 546 748 sede
578 697 731 769 recente,
762 678 942 776 capitulum
973 683 1195 778 conjungere,

122 793 177 846 eut
219 775 368 846 dividere
404 773 583 865 beneficia,
616 791 715 872 atque
758 776 881 874 aliquid
914 775 1053 848 ulieuare
1091 778 1200 874 prohi-

125 874 231 944 betur.

159 1035 204 1116 (l)
219 1035 266 1098 Ad
282 1044 396 1108 cetero,
413 1055 480 1114 quie
494 1035 654 1114 eupitulum
673 1037 794 1116 ejusque
810 1038 951 1113 vicarius,
972 1038 1041 1098 sede
1061 1045 1197 1108 vocante,

119 1119 213 1179 faeere
244 1136 304 1178 non
328 1125 435 1196 poteet,
457 1117 621 1178 referende
642 1127 711 1179 sunt
735 1121 823 1180 etiem
851 1119 1044 1199 Indulgentiae
1063 1138 1129 1197 queo
1160 1121 1198 1180 ab

119 1201 188 1278 ipsis
216 1198 338 1260 eoncedi
363 1207 529 1276 nequeunt,
546 1217 723 1279 quemquem
748 1219 849 1261 eorum
868 1201 1120 1260 comedendarum
1144 1219 1198 1280 po·

119 1289 208 1342 teras
235 1299 295 1340 non
317 1279 354 1340 od
376 1280 528 1354 ordinem,
553 1280 604 1340 sed
628 1281 666 1342 ud
685 1281 919 1360 jurisdictionem
945 1283 1101 1360 pertinent.
1124 1285 1198 1344 Sane

120 1365 273 1440 episeopus
298 1361 492 1441 quadraginta
514 1361 630 1421 dierum
652 1363 852 1442 indulgentius
875 1363 1006 1423 tribuere
1023 1370 1135 1442 potest,
1151 1382 1199 1424 ee-

120 1443 912 1586 ‘'litttittttttltttttttttt‘·itt
927 1443 1199 1584 lllilll‘lif

117 1544 243 1685 ierim,
256 1605 335 1682 quod
359 1605 481 1664 facultas
494 1545 672 1666 uncidendi
692 1567 889 1685 indulgentiis
904 1545 1023 1666 nonpita
1040 1567 1199 1666 neeesierii

122 1695 170 1746 eet
182 1705 237 1764 pro
250 1686 389 1764 regimine
403 1685 577 1764 dioeeeeeos,
608 1695 641 1746 ut
665 1687 776 1764 uliquld
798 1686 868 1748 inde
888 1689 1000 1747 orietur
1015 1687 1198 1760 detrimenti,

123 1767 198 1828 sien
212 1775 304 1826 eareat
321 1769 370 1845 qui
390 1767 428 1827 ed
447 1776 563 1845 tempus
590 1767 738 1828 dioeeesim
766 1767 968 1844 administret,
991 1765 1101 1843 ultera,
1121 1768 1200 1846 quod

122 1849 190 1909 here
200 1849 315 1908 feeultus
328 1847 568 1908 extraordinariae
582 1848 735 1926 eujusdam
746 1849 960 1928 jurisdictionis
974 1859 1034 1926 est,
1050 1867 1116 1928 qute
1134 1857 1200 1909 tan-

123 1939 187 1990 tum
203 1931 332 2008 pertinet
348 1930 385 1990 ed
410 1929 585 2010 dignitatem
608 1931 816 2010 episoopelem3
840 1939 1006 2013 postremo,
1031 1930 1111 2009 quod
1131 1932 1199 1990 uni-

122 2029 223 2072 versus
237 2012 488 2092 indulgentiarum
503 2012 657 2072 thesaurus
671 2029 760 2090 penes
780 2031 928 2073 summurn
951 2011 1122 2072 Pontificem
1137 2019 1197 2086 est,

121 2113 136 2152 a
153 2112 214 2171 quo
232 2094 407 2234 illiueujuris
427 2111 495 2188 nere
518 2093 550 2189 in
576 2093 651 2154 solos
673 2094 835 2234 episcopios·
850 2093 1200 2235 tongergioffiuitgrinolrg

120 2183 700 2335 iristitinreillsidoritiiliirtriinllatlliilmiliri
716 2193 1094 2318 ditioneessiriilidmiriistrnnt.
1142 2193 1161 2253 q

161 2339 204 2419 (2)
216 2338 294 2400 Vide
306 2338 424 2399 titulum
437 2339 486 2400 Ne
498 2335 560 2399 reu.
574 2345 692 2399 uacant.
706 2335 779 2421 aliq.
795 2339 920 2400 introvit.

166 2483 198 2584 ς.
227 2483 350 2554 vat.
381 2483 431 2555 td
451 2483 609 2556 beneficit
629 2483 719 2582 quod
743 2489 861 2556 attinet
890 2485 1092 2582 capitulum,
1121 2481 1198 2554 sede

118 2598 269 2669 venante,
289 2581 437 2653 oblatum
449 2608 467 2653 e
479 2597 619 2678 patrono
634 2583 788 2654 olerioum
809 2599 897 2654 recte
912 2585 1053 2653 instituit
1073 2581 1145 2676 (i),
1166 2593 1200 2650 et

117 2695 207 2751 recte
225 2682 324 2749 etiam
344 2679 470 2751 confert
492 2677 672 2769 beneficio,
701 2705 775 2776 quoe
797 2682 1000 2778 conjunctim
1018 2703 1094 2748 cum
1119 2679 1199 2771 epie

116 2802 203 2872 copo
221 2777 370 2848 conferre
394 2775 530 2848 deberet
552 2777 621 2872 (ἢ),
650 2801 719 2847 non
741 2781 821 2850 item
845 2773 1022 2864 beneficia,
1050 2799 1191 2871 quorum

114 2874 221 2946 libera
244 2875 373 2944 oolletio
395 2873 436 2944 ed
458 2874 563 2945 solum
580 2876 769 2970 episcopum
791 2877 935 2971 pertinet
958 2873 1024 2969 (5).
1046 2872 1196 2965 Denique

114 2973 244 3042 litteras
266 2972 460 3044 dimissorias
483 2973 591 3068 primo
622 2998 709 3043 nuno
733 2975 873 3043 venantis
901 2970 1043 3043 eeclesiae
1071 2970 1193 3064 eapitu-

118 3067 193 3139 lum
210 3069 266 3164 (4)
286 3085 375 3140 reete
403 3069 553 3141 coneedit
572 3071 630 3156 iis,
648 3095 729 3164 quos
747 3068 943 3140 beneficium
958 3068 1008 3138 vel
1024 3081 1193 3164 occeptum

120 3165 173 3236 rel
191 3166 419 3263 accipiendum
432 3166 562 3238 ordines
573 3169 653 3237 susci
680 3191 734 3236 ere
747 3169 845 3261 cogit,
864 3192 933 3238 uon
949 3167 1028 3237 item
1045 3164 1197 3260 reliquis,

117 3278 195 3360 post
210 3290 337 3334 annum
351 3289 426 3336 vero
443 3263 596 3335 omnibus
610 3193 895 3334 iniiscriminatim
914 3263 982 3360 (5)

178 3435 323 3516 l)Cnp.l
343 3433 494 3496 delnotit.
511 3435 544 3494 in
557 3439 588 3496 6.

175 3517 207 3596 2)
225 3517 303 3596 Cep.
320 3515 403 3576 uteie.
419 3518 465 3577 Ne
476 3514 538 3577 ted.
554 3534 663 3578 ooeou.
680 3515 714 3576 io
725 3517 755 3577 6.

175 3597 205 3673 ὅ)
219 3600 295 3678 Cep.
314 3595 585 3659 emerentianae.
600 3594 673 3680 aliq.
691 3597 818 3660 innovet.

174 3679 205 3756 l)
217 3679 382 3740 Concilium
393 3678 601 3740 Tridentinum
614 3697 685 3740 teet.
701 3680 718 3740 7
731 3699 798 3762 cup.
813 3681 852 3742 to
867 3677 902 3740 de
914 3677 1038 3762 reform.

162 3759 205 3840 (5]
234 3759 320 3820 llnud
334 3767 432 3820 temen
457 3760 615 3840 capitulum
638 3779 692 3839 per
715 3780 746 3820 se
766 3763 861 3840 ipsum
878 3761 1011 3821 concedit
1032 3761 1145 3820 litteras
1156 3757 1203 3817 di-

118 3841 286 3916 miaeorias,
317 3841 369 3900 sed
396 3859 450 3918 per
471 3841 613 3902 vicariurn
635 3841 841 3920 capitularem,
865 3843 901 3903 ud
930 3859 1018 3920 quern
1047 3849 1124 3912 toto,
1158 3839 1203 3896 uti

119 3922 270 3996 diximus,
295 3923 414 3999 capituli
436 3921 603 4001 jurisdictio
623 3923 768 3984 defertur.
797 3926 872 3988 Vide
894 3923 1047 3987 Gireldum
1062 3919 1200 3998 Exposit.

119 4004 193 4063 Jur.
209 4001 353 4084 Pontifio.
369 4021 438 4084 per.
453 4008 471 4066 2
488 4012 558 4066 tom.
574 4007 592 4066 5
601 4022 674 4085 pay.
689 4005 759 4066 962.
