3142 5188
785 419 1007 490 ..624-

361 569 459 642 ducta
486 587 576 642 esta
607 567 754 666 legibus,
788 587 827 640 ut
856 568 991 666 quidam
1020 585 1163 666 putant,
1202 569 1261 642 aed
1299 569 1436 642 inducta

361 684 411 740 cet
443 694 462 740 a
492 667 667 764 religione,
700 667 768 740 cire
799 693 817 737 a
846 671 1047 757 reverentia,
1072 693 1139 766 qua
1170 671 1206 740 in
1243 667 1437 762 religionem

361 766 438 839 ferri
467 765 647 855 debemus3
684 783 718 838 et
745 764 884 864 proinde
922 763 1140 839 ecclesiastice
1167 769 1353 864 potectatis,
1381 793 1436 838 cu-

345 869 411 966 .jus
452 882 502 937 est
529 865 691 937 moderari
733 890 785 936 res
826 863 1007 960 religionis,
1049 866 1120 963 ejus
1167 881 1217 937 eet
1255 868 1354 936 etiam
1391 865 1435 936 dc

363 963 571 1036 ecclesiastica
590 966 798 1035 immunitate
821 961 907 1058 leges
927 965 1137 1035 constituere.

409 1060 443 1162 ς.
486 1061 603 1138 XXV.
640 1063 723 1134 Duc
762 1076 839 1133 aunt
880 1063 1095 1133 immunitatis
1132 1077 1255 1160 parton,
1293 1086 1433 1160 quarum

386 1163 466 1232 nme
495 1176 564 1250 est,
595 1177 634 1232 ut
665 1159 774 1232 nullus
804 1158 960 1258 profanus
988 1176 1098 1250 actus,
1124 1163 1182 1257 qui
1210 1162 1320 1232 minus
1340 1159 1435 1231 decet

360 1187 423 1332 loci
457 1261 680 1348 sanctitatem,
723 1262 759 1330 in
794 1255 927 1330 ecclesia
950 1275 1148 1330 exerceatur.
1185 1255 1297 1342 Quare
1320 1259 1434 1356 pmcul

361 1357 403 1426 ab
426 1382 464 1430 ea
484 1355 607 1456 judicia
635 1356 832 1446 criminalia3
863 1357 943 1428 item
966 1356 1091 1456 judicia
1128 1356 1254 1446 civilia,
1285 1381 1364 1454 quae
1393 1356 1436 1426 ad

361 1453 483 1526 Forum
509 1455 661 1528 saeeulare
693 1457 859 1552 pertinent
881 1453 958 1551 (l),
990 1454 1106 1552 procul
1137 1453 1208 1526 ludi
1237 1455 1433 1544 theatrales,

361 1556 525 1645 convivia,
571 1553 758 1645 comoediae,
797 1554 923 1625 choreae
958 1568 994 1624 et
1029 1569 1143 1624 cantus
1181 1577 1248 1625 non
1282 1555 1433 1650 pictatia,

362 1650 420 1722 aed
438 1652 659 1725 oblectationis
684 1677 777 1724 causa
804 1653 945 1724 instituti
972 1649 1047 1749 (2);
1073 1650 1189 1750 procul
1209 1651 1318 1723 civiles
1350 1677 1436 1724 con·

362 1751 469 1822 cionee
499 1766 533 1822 et
557 1749 691 1848 profana
727 1749 881 1840 concilia,
921 1750 1036 1846 procul
1072 1751 1254 1840 nundine,
1288 1767 1434 1822 conme-

363 1863 434 1938 tus,
470 1851 703 1942 negotiationes
727 1848 795 1944 (5).
840 1850 920 1920 Acta
946 1851 981 1920 in
1017 1848 1156 1921 ecclesiis
1184 1848 1349 1920 martana
1374 1851 1434 1948 ju-

363 1943 445 2016 dicia
475 1947 565 2016 irrita
596 1949 695 2018 etiam
732 1963 831 2036 sunt,
862 1946 1040 2019 criminalia
1066 1971 1135 2018 non
1160 1963 1289 2018 tantum
1319 1949 1431 2034 irrita,

363 2042 418 2114 scd
448 2045 544 2115 etiam
569 2069 700 2142 poenam
730 2043 874 2117 afferunt
897 2047 1236 2117 excommunicationis
1251 2046 1329 2143 (al),
1360 2069 1433 2118 con·

366 2157 485 2213 tractus
512 2157 621 2214 tamen
649 2141 770 2214 valent.

406 2332 449 2412 (l)
473 2333 545 2414 Cap.
561 2336 574 2394 l
589 2335 647 2394 etd
661 2329 697 2394 dc
709 2332 837 2394 immun.
854 2329 924 2394 cccl.

404 2413 446 2496 (ἢ)
468 2415 542 2475 Con.
558 2416 571 2475 l
595 2412 666 2476 diet.
683 2415 741 2490 923
756 2435 782 2476 c.
801 2417 840 2476 tn
852 2413 887 2476 de
901 2413 955 2476 oit.
972 2423 1001 2477 et
1013 2412 1126 2478 lomet.
1143 2413 1228 2492 cler.,·
1247 2433 1323 2477 conc.
1343 2416 1425 2478 Trid.
1552 2413 1553 2416 ’

365 2514 437 2558 eece
452 2499 491 2558 Ὦ
505 2495 583 2557 decr.
597 2493 633 2556 dc
645 2493 704 2558 obs.
718 2505 744 2558 et
758 2496 812 2558 vit.
829 2499 862 2558 to
875 2495 960 2560 mian

405 2578 447 2658 (5)
470 2581 542 2661 Cap.
555 2579 574 2639 i
589 2576 625 2638 de
639 2577 767 2640 immun.
780 2577 813 2640 in
826 2581 858 2640 6.

405 2659 448 2741 (l)
471 2664 543 2742 Cap.
558 2661 576 2722 5
590 2667 619 2720 et
632 2661 651 2722 7
665 2657 701 2720 de
714 2659 844 2722 immun.

410 2811 441 2914 §.
479 2813 605 2886 XXVI.
648 2813 726 2884 Pars
766 2813 866 2887 altera
903 2820 1117 2890 immunitatis
1141 2844 1181 2891 co
1221 2837 1366 2917 spectat,
1395 2837 1433 2891 ut

363 2911 545 3004 debitores,
577 2929 610 2984 et
637 2915 684 2984 rei
720 2915 896 2986 criminum
929 2915 970 2986 ad
1006 2916 1168 2988 eccleciam
1211 2919 1433 3015 confugientes

363 3013 427 3082 tuti
454 3013 537 3101 sint,
571 3035 595 3080 n
660 3037 680 3082 e
717 3010 807 3083 illinc
838 3011 948 3084 divelli
974 3017 1109 3112 pomint.
1139 3013 1239 3100 Quod
1264 3019 1321 3114 jus
1354 3017 1432 3115 asyli
1550 3009 1551 3026 l

365 3106 579 3206 appellamus.
596 3037 906 3196 &Quemadmodum
945 3111 1093 3184 homines
1113 3141 1188 3185 cum
1220 3118 1255 3184 in
1282 3113 1433 3213 periculis

364 3223 549 3297 versantur,
576 3233 594 3276 a
625 3207 695 3280 Deo
720 3235 817 3306 opem
855 3224 890 3280 et
921 3209 1075 3281 auxilium
1112 3211 1299 3312 postulant,
1331 3217 1377 3285 ita
1393 3213 1435 3284 ad

365 3303 510 3378 ecclesias
545 3305 760 3403 confugiunt,
796 3309 955 3476 ¹(ponium
989 3311 1025 3382 iu
1061 3309 1117 3382 illo
1146 3313 1250 3408 precis
1297 3328 1332 3382 et
1372 3313 1435 3385 ob-

364 3405 547 3476 secrationis
574 3401 645 3476 loco
683 3429 718 3474 se
744 3405 803 3477 sac'
821 3409 867 3478 'us
895 3433 913 3476 a
947 3407 1037 3498 Deo,
1067 3407 1121 3496 id,
1167 3407 1257 3506 quod
1296 3427 1433 3506 optant,
1548 3433 1549 3446 ¹

366 3505 536 3601 consequi,
562 3517 660 3599 atque
685 3501 732 3572 ibi
756 3519 867 3576 tutum
907 3503 1027 3576 habere
1057 3505 1243 3603 perfugium
1279 3526 1433 3605 sperant,

366 3600 454 3697 quod
498 3599 559 3672 loci
600 3603 748 3672 sanctitas
790 3617 825 3674 et
866 3607 1044 3674 reverentia
1093 3604 1279 3702 pollicetur.
1310 3605 1438 3678 Natura

364 3701 432 3794 ipsa
476 3713 576 3796 atque
619 3701 654 3769 in
689 3701 805 3770 animis
849 3703 1073 3796 impresseris
1112 3703 1275 3799 religionis
1320 3730 1436 3776 omnes

364 3812 456 3867 vocat
483 3795 526 3866 ad
552 3796 614 3869 hoc
640 3821 816 3870 commune
840 3799 1045 3894 presidium,
1080 3825 1138 3898 per
1164 3800 1254 3900 quod
1286 3806 1378 3901 quasi
1405 3829 1437 3874 se

365 3895 401 3962 in
432 3894 493 3966 Dei
522 3896 657 3968 tutelam
692 3899 878 3993 recipiunt,
913 3913 947 3968 et
979 3898 1069 3968 unde
1100 3923 1155 3971 eos
1184 3925 1251 3972 non
1281 3900 1437 3972 videntur

365 3989 523 4090 dejecturi
572 3997 671 4067 ceteri
708 3994 876 4086 homines,
928 3998 984 4092 qui
1029 3995 1175 4068 ecclesius
1226 4015 1430 4072 reverentur.
