3122 5178
520 397 523 406 ·
573 417 619 434 -
649 375 692 446 ¹5
720 417 770 434 -

198 582 207 598 .
239 526 285 598 ll.
317 525 436 640 Neque
458 525 552 598 aliter
579 523 699 598 habere
723 553 758 600 se
787 553 837 598 res
865 529 934 625 ipsu
962 543 1081 626 potest.
1115 529 1200 602 Nom

190 628 303 722 egium
332 626 463 718 nonnisi
492 626 576 694 intre
610 640 711 697 certae
746 627 901 716 civitatis,
935 643 992 696 out
1026 630 1203 723 provinoire

127 721 236 813 fines,
253 722 354 794 veluti
376 721 669 798 in'dominationis
693 723 783 815 loco,
813 725 965 794 constitui
988 741 1095 820 potest
1123 729 1199 824 (1);

125 837 160 888 ut
189 847 269 892 vero
300 819 432 892 ecclesia
462 818 560 890 nullis
583 819 730 894 locorum
758 821 1047 918 comprehenditur
1078 849 1203 918 ungus-

125 921 200 1006 tiis,
240 917 299 990 sed
333 943 448 990 omnes
475 918 704 1014 complectitur
730 937 864 1016 gentes,
894 937 1072 1016 propagate
1103 938 1202 1018 utque

127 1013 247 1086 diffuse
276 1042 338 1112 per
365 1015 481 1086 orbem
511 1018 711 1088 universum.
750 1018 893 1089 Rursum
931 1017 1104 1112 collegium
1133 1023 1202 1090 sine

127 1116 222 1183 renio
247 1115 406 1210 principis
434 1115 558 1183 institui
587 1130 621 1184 et
646 1117 731 1186 coire
758 1140 826 1186 non
851 1129 958 1210 potest
980 1115 1057 1212 (2)3
1088 1141 1200 1188 verum

127 1209 261 1281 eeclesia
290 1213 400 1280 invitis
426 1213 503 1307 ipsis
527 1212 631 1307 princi
656 1211 729 1283 ibus
747 1227 780 1283 et
801 1211 993 1285 confirmate
1015 1230 1084 1304 est,
1113 1239 1202 1312 quo·

129 1311 223 1380 niam
252 1309 321 1380 Deo
349 1311 479 1406 potius,
507 1334 607 1405 quum
633 1237 819 1382 bominibus
845 1335 957 1406 parere
974 1327 1105 1408 oportet
1128 1312 1195 1408 (5).

128 1405 282 1502 Denique
305 1407 481 1501 collegium
505 1421 593 1478 recte
623 1405 828 1497 dissolvitur,
851 1411 876 1478 si
894 1433 969 1504 quse
993 1407 1202 1482 suboriantur

129 1527 258 1594 cousae,
300 1521 435 1602 propter
480 1529 561 1600 quos
598 1507 707 1601 ipsum
753 1504 994 1575 dissolvendum
1037 1506 1197 1577 rideatur.

129 1599 219 1683 Quis
253 1618 359 1672 eutem
394 1617 464 1672 tom
500 1604 669 1696 insigniter
697 1601 868 1700 improbus
905 1617 975 1692 est,
1008 1604 1066 1700 qui
1098 1602 1133 1672 id
1160 1601 1203 1674 de

130 1696 258 1768 Christi
273 1698 395 1770 ecclesis
411 1697 530 1770 audeat
544 1699 652 1772 dicere
667 1699 746 1798 (4st
904 1699 909 1710 ’

173 1891 215 1972 (Ι)
241 1895 308 1974 Leg.
324 1897 337 1954 t
346 1939 354 1954 .
376 1895 409 1955 iu
419 1893 566 1987 priunff.
584 1895 620 1956 de
645 1892 746 1978 colleg.
759 1905 786 1956 et
798 1913 911 1990 rorpor.

171 1973 214 2068 (d)
235 1977 302 2056 Leg.
322 1979 352 2038 5.
371 1975 406 2060 ff.
428 1975 493 2038 eod.
517 1984 563 2036 or.
589 1981 657 2058 Leg.
682 1979 711 2037 l.
741 1977 773 2038 irt
793 1997 894 2060 pruno.
918 1973 953 2058 ff.
978 1975 1058 2060 qrtod
1081 1978 1199 2061 cujusq.

129 2075 264 2118 uriroers.

170 2137 213 2218 (3)
236 2137 319 2201 Unde
334 2139 371 2200 od
387 2139 565 2219 optimates,
583 2148 613 2200 'ct
631 2139 766 2202 Seniores
783 2139 971 2202 turcorum:
989 2141 1099 2202 Petrus
1114 2159 1198 2219 vero,

128 2227 158 2278 et
174 2222 309 2283 loannes
323 2218 548 2303 respondemus,
561 2218 706 2283 dixerunt
722 2219 763 2282 nd
776 2240 840 2284 eos.-
854 2220 1009 2364 sipontum
1027 2231 1069 2284 est
1083 2222 1116 2283 in
1131 2241 1201 2284 ron-

126 2309 232 2383 spectu
241 2303 308 2379 Dei,
324 2321 375 2364 vos
386 2301 488 2384 potius
501 2301 608 2364 audire
618 2323 710 2386 quom
722 2307 830 2380 Deum,
838 2301 878 2386 ju
901 2303 985 2364 lecte.
1004 2307 1066 2364 Aet.
1082 2306 1132 2364 lV.
1150 2305 1199 2364 ro.

170 2381 213 2464 (t)
235 2384 310 2444 Vide
328 2383 542 2459 llumachium,
558 2403 604 2465 ep.
625 2387 644 2446 2
662 2383 704 2446 od
718 2386 834 2446 lustin.
853 2383 1032 2446 Fedrorriuru
1052 2383 1077 2466 §.
1096 2387 1198 2446 ortt.

124 2483 199 2546 pag.
213 2467 272 2526 207
287 2473 316 2526 et
327 2485 389 2559 sep.
406 2467 528 2542 tunt,
548 2467 598 2544 qui
622 2467 792 2548 gravissime
810 2467 937 2546 exagitat
960 2467 1142 2528 Putendorlti
1164 2468 1201 2530 de
1327 2555 1331 2562 ι
1395 2523 1416 2552 ·.
1464 2471 1470 2484 '

128 2545 262 2608 Ecclesiae
273 2541 480 2630 coaequalitate
491 2565 637 2626 errorem,
651 2567 739 2628 quom
753 2547 914 2610 Febronius
926 2549 1069 2628 sequitur.

177 2724 208 2824 S.
236 2724 299 2796 Xl.
328 2723 411 2796 Satis
444 2741 621 2816 nouerat,
652 2725 742 2824 quod
771 2725 900 2797 risibilis
936 2741 1034 2822 utque
1066 2743 1103 2796 ut
1131 2723 1201 2796 dis-

127 2824 231 2892 tincte
252 2822 451 2920 respublica,
472 2823 603 2895 ecclesis
627 2825 696 2895 Deo
723 2826 793 2921 ipso
826 2839 956 2894 auctore
983 2825 1199 2894 constituere·

127 2935 195 2990 tur.
232 2919 370 2992 Necesse
398 2923 496 2991 etiam
531 2935 621 3010 eret,
661 2947 732 2992 eam
776 2921 896 2992 habere
928 2922 1017 3016 signo
1048 2919 1201 3017 quaedum

125 3033 160 3086 et
187 3033 302 3109 notas,
334 3018 453 3115 quibus
477 3035 568 3090 certo
595 3019 740 3114 dignosci
768 3035 875 3116 posset
901 3045 918 3088 a
944 3021 1036 3089 sectis
1065 3017 1199 3091 hoereti-

126 3139 269 3206 corum,
310 3119 368 3214 qui
411 3115 470 3186 sibi
511 3109 589 3188 falso
634 3116 733 3187 decus
775 3141 965 3214 nomenque
1008 3115 1198 3186 adscribunt

126 3211 249 3285 dirinae
267 3213 443 3309 religionis.
469 3211 521 3283 ld
544 3241 581 3285 ec
604 3230 714 3286 eutem
740 3215 829 3310 signa
855 3241 930 3285 cum
955 3215 1068 3311 primis
1093 3215 1199 3310 perti·

125 3326 209 3380 nent
246 3311 395 3384 ecclesia)
416 3315 540 3383 renitor
573 3311 647 3410 (l),
677 3337 753 3409 quae
787 3337 854 3382 una
886 3309 973 3403 fide,
1008 3309 1199 3383 eorumdem

126 3425 406 3480 sacramentorum
461 3413 721 3499 communione,
782 3409 982 3508 subjectione
1048 3409 1199 3504 legitimis

125 3506 312 3601 pastoribus
345 3506 398 3606 (ἢ)
426 3523 461 3578 et
487 3531 554 3580 uno
584 3507 699 3578 risibili
727 3511 832 3605 cupite
859 3507 913 3606 (5)
945 3509 1133 3579 continetur
1166 3521 1200 3576 et

127 3605 288 3675 cernitur.

168 3774 211 3856 (l)
236 3778 310 3852 Qum
324 3778 420 3838 unitos
445 3795 522 3856 stepe
535 3777 573 3839 ob
585 3775 722 3856 tposeuo
746 3777 899 3851 laudator,
912 3777 1127 3856 comparatione
1141 3773 1200 3834 hu·

125 3865 204 3918 muni
228 3859 371 3936 corporis,
386 3859 467 3937 quod
489 3861 607 3920 unicum
619 3868 678 3934 est,
689 3860 758 3919 licet
773 3861 905 3939 pluribus
916 3867 1027 3922 constet
1045 3856 1217 3930 membris„

126 3957 192 4018 que
214 3940 330 4021 singula
353 3959 406 4002 suo
430 3941 595 4022 funguntur
619 3959 742 4004 munere
758 3944 772 4002 t
789 3940 829 4003 ad
857 3945 924 4003 Cor.
948 3941 1026 4003 ΧΗ.
1043 3940 1093 4016 27,
1120 3933 1201 3998 etad
