3122 5170
496 467 766 558 ,eroe-

115 647 218 694 unum
235 619 408 716 discrimen
428 607 596 713 estJ'Nam
610 612 789 711 ‚predieles
816 571 997 705 deberitir,
1008 595 1201 716 'iton'wde-j'

114 719 219 791 ductis
251 717 422 814 impensis3
454 730 488 786 et
519 737 594 784 vero
624 711 787 784 debentur
819 714 998 810 parocho,'
1024 713 1121 814 cuju's'
1150 717 1202 788 in'

113 816 265 914 parochie
287 820 346 886 sita
365 828 441 886 sunt
467 811 613 910 praedia,
643 809 733 881 unde
770 809 835 882 illre
862 815 1089 909 percipiuntur
1114 813 1183 914 (l),

113 939 256 1010 cumque
304 913 378 1008 ipsis
418 909 549 1008 praediis
577 908 785 1022 edhoereent,
830 907 871 1000 ab¹
910 911 1083 1002 omnibus,
1129 916 1186 1082 poi

113 1011 237 1178 praedia
271 1009 411 1100 hebent,
452 1011 551 1080 etiem
588 1005 776 1078 rnsrdelrbus
809 1006 974 1082 solvendae
1002 1026 1080 1082 sunt
1116 1012 1128 1100 (

145 1136 239 1180 erum
275 1107 412 1180 decimae
447 1104 631 1203 personales
673 1119 804 1176 tantum
844 1131 862 1175 n
899 1104 1081 1180 christianis
1118 1013 1189 1182 soi-
1218 1119 1222 1128 '

113 1224 234 1278 runtur
264 1205 426 1304 parocho,
457 1231 476 1274 a
507 1229 572 1302 quo
601 1204 662 1299 ipsi
697 1219 895 1276 sacramente
929 1207 1114 1302 accipiunt,
1147 1234 1188 1284 ex

113 1306 217 1402 iisque
236 1308 393 1402 impensae
409 1306 444 1374 in
469 1301 566 1374 rebus
589 1299 741 1399 perendie
763 1301 856 1374 sectae
874 1299 1092 1376 detrahuntur
1115 1307 1183 1402 (5).

114 1402 201 1474 lllud
220 1428 394 1476 commune
420 1418 470 1474 est
498 1403 645 1498 utrisque
674 1397 828 1490 decimis,
860 1399 951 1498 quod
980 1427 1049 1472 nun
1075 1403 1186 1476 dedu-

114 1503 213 1592 citur,
227 1501 316 1600 quod
332 1501 507 1572 necessario
517 1497 558 1569 ud
574 1523 623 1570 res
639 1497 872 1570 conservandas
889 1497 1093 1597 impenditur
1113 1503 1181 1600 (4)

154 1724 181 1804 (r
221 1697 876 1808 cap.retreuuem.(eteap.rreou.‘
1000 1677 1002 1682 ⁵

153 1807 185 1888 (5
220 1809 293 1890 Cup.
309 1805 515 1870 rorensem.
531 1805 573 1890 (t)
592 1810 665 1889 Cap.
679 1807 718 1868 28
729 1824 799 1869 moe
812 1803 896 1868 laud.

160 1987 192 2091 §.
217 1987 274 2060 Vl.
306 1989 411 2085 Leges
448 1989 501 2064 hee
532 2005 610 2060 sunt
641 1987 850 2062 decretalium
887 1991 964 2088 jure
1005 1995 1184 2087 generatim

114 2091 311 2162 constitutas.
340 2087 415 2182 sed,
434 2091 556 2186 recepti
584 2090 783 2187 populorum
809 2111 915 2160 mores
936 2112 1021 2185 saepe
1050 2089 1107 2160 hes
1131 2091 1184 2164 le-

114 2211 168 2282 ges
208 2185 406 2282 abrogarunt
443 2202 478 2259 et
522 2185 599 2258 hinc
639 2184 823 2283 spectendae
859 2202 937 2256 sunt
985 2186 1186 2282 singularum

114 2284 320 2357 eeclesiarum
350 2283 617 2374 consuetudines,
648 2297 686 2354 ut
718 2297 890 2372 noscetur,
923 2309 942 2354 n
974 2284 1092 2381 quibus
1122 2288 1185 2358 de-

115 2385 208 2455 cimae
227 2381 413 2480 pendendae
435 2385 522 2472 sint,
553 2380 634 2479 quid
664 2383 744 2453 item
768 2395 803 2454 et·
833 2379 952 2480 quibus
983 2407 1035 2453 eas
1062 2383 1185 2458 solvere

114 2497 276 2581 oporteat.
303 2479 467 2554 Nimirum
492 2496 701 2578 posteaquem
731 2478 874 2571 clericis,
903 2479 972 2550 diis
1012 2479 1105 2554 bonis
1129 2500 1185 2554 at-

116 2606 181 2676 que
226 2578 402 2669 reditibus,
437 2593 549 2678 purete
581 2593 660 2650 sunt
689 2603 748 2668 ee,
779 2603 857 2676 quse
893 2576 1104 2676 suppeditent
1141 2583 1185 2653 ed

116 2679 241 2749 cultum
279 2691 313 2748 et
344 2677 386 2748 ed
422 2681 566 2765 rictum,
598 2675 755 2773 paulatim
790 2675 934 2748 decrerit
968 2676 1087 2751 solutio
1128 2679 1186 2752 de-

117 2778 298 2863 cimerum3
327 2791 362 2847 et
385 2801 476 2848 nune
502 2773 614 2846 multis
640 2776 675 2844 in
698 2773 776 2846 locis
801 2799 908 2872 neque
939 2773 1076 2850 decimae
1103 2803 1187 2873 prae·

117 2873 216 2944 diales
253 2899 291 2944 ex
321 2872 451 2970 praediis
482 2872 636 2962 urbanis,
674 2896 783 2969 neque
827 2869 1011 2969 personales
1050 2873 1187 2946 solvun-

116 2985 170 3043 tur
200 2969 265 3068 (l).
296 2969 389 3056 Quin
415 2996 458 3042 ne
494 2995 534 3041 ex
558 2969 709 3040 omnibus
738 2967 873 3066 quidem
906 2985 1002 3042 terres
1027 2969 1187 3047 fructibus

118 3069 336 3141 detrahuntur
380 3067 535 3158 deeimae,
587 3092 696 3164 neque
732 3065 866 3138 solvitur
908 3066 1033 3140 decima
1073 3096 1188 3146 eorum

117 3193 206 3264 pers,
246 3167 321 3240 licet
359 3165 466 3239 adhuc
503 3165 628 3238 decime
656 3163 838 3262 appelletur
875 3181 909 3237 et
941 3166 1055 3240 multae
1090 3173 1187 3241 etiem

117 3269 264 3363 regiones
294 3281 391 3356 sunt,
420 3267 457 3336 in
487 3265 606 3364 quibus
630 3261 767 3336 decimae
800 3287 931 3362 prorsus
965 3265 1184 3364 exoleverunt.

157 3487 201 3570 (1)
223 3489 347 3551 Consule
365 3487 516 3552 Girnldum
534 3487 658 3571 reposit.
681 3491 754 3551 Jur.
774 3485 915 3571 Pontific.
937 3506 1007 3570 pur.
1037 3491 1050 3548 1
1079 3487 1188 3554 decret.

121 3565 536 3654 lr'b.5eeet.508pup.551.
601 3571 606 3584 ’

171 3751 201 3854 §.
229 3749 302 3822 Vll.
330 3750 472 3824 Decime
505 3751 668 3823 debentur
698 3751 840 3850 parocho
868 3749 950 3850 (1),
990 3751 1047 3822 sed
1078 3768 1188 3825 temen

121 3851 162 3923 ub
191 3847 262 3920 eliis
297 3875 431 3948 quoque
464 3849 608 3940 clericis,
646 3866 702 3922 rut
734 3851 874 3923 ecclesiis
899 3851 1022 3946 requiri
1053 3866 1189 3946 possunt

87 3951 171 4040 ,vel
209 3947 378 4048 privilegio
421 3949 541 4020 summi
584 3947 755 4021 Pontificis
799 3945 874 4046 (2),
922 3946 973 4020 rel
1016 3950 1153 4044 praescri

121 4051 210 4122 tione
245 4071 405 4120 annorum
445 4045 657 4145 quadraginta
698 4071 774 4120 cum
812 4040 928 4136 titulo;
973 4049 1080 4214 siue,0
1089 3973 1190 4118 rituli

225 4167 302 4216 rou.
331 4169 354 4216 r.
1030 4165 1053 4214 o
1082 4197 1091 4214 .
