3122 5170
543 424 765 497 -667-

118 573 220 660 rasis.
256 570 364 663 libris,
409 573 534 669 agupis‚
569 571 669 669 'quud
701 565 912 668 ¹ecelesiastici
951 570 1088 640 courivii
1128 591 1189 662 ge·-

120 697 184 742 uus
217 687 298 743 erut.
512 685 516 696 ·
712 687 715 696 ’
912 709 916 718 ·

167 790 199 892 ᾗ.
235 791 279 862 ll.
321 791 397 889 Ipse
439 787 604 883 Christus,
643 817 719 864 cum
762 790 848 862 hano
884 790 1067 861 societatem
1105 789 1195 858 iusti·
1305 877 1308 883 Ι

117 892 202 980 tuit,
236 893 265 962 ei
290 892 475 962 communia
504 889 590 962 bonu
622 914 690 960 esso
705 887 826 976 voluit,
854 885 916 958 hoc
943 903 991 958 est
1023 889 1191 982 pecuniam

120 987 289 1060 collectum
340 1013 379 1058 ex
424 985 575 1061 fidelium
629 986 846 1059 oblationibus
896 983 970 1080 (l),
1014 984 1193 1081 habuitque

118 1085 242 1158 looulos
278 1085 352 1184 (2),
394 1113 471 1157 oum
507 1086 626 1183 quibus
664 1084 836 1182 apostolis,
880 1081 1062 1180 discipulis,
1111 1108 1195 1179 puu-

117 1183 251 1282 peribus
292 1185 518 1280 opitularetur.
564 1183 683 1256 Christi
726 1181 910 1280 exemplum
947 1183 1075 1277 sequuti
1118 1194 1195 1250 suut

118 1281 257 1378 apostoli
294 1283 367 1380 (5);
414 1281 532 1354 deiude
574 1309 675 1374 reru,
717 1307 791 1354 cum
838 1304 951 1350 eorum
998 1302 1191 1350 successores

118 1379 259 1452 eoolesire
300 1383 450 1477 regimini
500 1381 722 1479 praesueruut,
773 1377 888 1452 eudem
932 1377 1067 1448 omuino
1111 1377 1194 1446 rutio¹

119 1503 232 1550 rerum
255 1479 318 1550 tuit
343 1479 414 1576 (4).

161 1637 204 1782 (ip
231 1665 245 1694 α
259 1643 367 1702 Euutes
382 1657 512 1702 ornemus
527 1639 659 1701 duoeutis
680 1639 808 1701 denariis
821 1655 925 1720 panes,
945 1662 958 1690 u
980 1634 1122 1713 seriptum
1149 1641 1193 1693 est

120 1739 179 1800 opu
222 1725 311 1784 liure.
332 1725 373 1786 vl
397 1741 426 1784 u.
454 1722 871 1802 575upudLuo.1Xo.15
944 1762 966 1794 .‚
995 1742 1009 1771 ιι
1031 1721 1138 1778 Eamus
1164 1722 1193 1775 et

121 1821 252 1866 emamus
276 1805 438 1866 iuouruem
458 1805 534 1868 huno
550 1804 668 1866 turham
694 1823 821 1882 esuum
855 1821 912 1882 epu
946 1802 1030 1862 Jouu.
1058 1801 1099 1860 tv
1119 1798 1193 1858 v·8

128 1911 143 1939 κ
156 1886 297 1966 Discipuli
310 1885 374 1965 ejus
383 1885 516 1948 obierunt
526 1887 558 1948 in
570 1887 732 1964 civitatem,
746 1894 780 1946 ut
792 1885 872 1946 eibos
883 1889 1025 1946 emerent.
1043 1904 1056 1933 u
1076 1883 1122 1941 An
1136 1879 1195 1940 emi

120 1967 233 2048 aliquid
245 1969 401 2048 potuisset,
417 1969 474 2030 uisi
487 1977 538 2032 aut
552 1968 685 2032 Christus
698 1975 749 2029 eut
763 1987 830 2030 curu
840 1967 903 2048 ejus
916 1979 1057 2028 oousensu
1071 1959 1193 2040 apostoli

118 2049 160 2112 ab
172 2048 363 2112 offerentibus
376 2053 529 2130 pecuniam
543 2050 741 2128 uooepisseut?

163 2129 205 2214 (t)
216 2135 300 2194 Joan.
309 2135 364 2194 ΧΗ
376 2152 405 2194 υ.
421 2135 452 2194 6.
462 2137 531 2196 xur
545 2153 575 2195 u.
590 2134 629 2195 29
639 2133 754 2214 vulgatu
765 2129 855 2192 habet
869 2125 995 2192 loculos:
1008 2123 1060 2188 sed
1071 2124 1103 2184 i'u
1115 2125 1192 2188 Grue-

122 2233 157 2276 co
169 2221 250 2274 textu
265 2213 430 2277 ofidelihus
444 2217 575 2277 oblatum
593 2214 721 2295 positum
740 2213 850 2274 dicitur
863 2235 895 2273 εν
908 2236 950 2274 τω
964 2219 1192 2289 γλωσσοκομω,

121 2301 588 2448 :ftuuuuutttut
606 2299 930 2446 uetusti
950 2299 1076 2380 ...u
1115 2301 1191 2380 ‘¹¹¹⁸‘

163 2465 206 2548 (5)
227 2470 325 2529 Actor.
350 2471 422 2530 11u.
443 2469 499 2545 tt,
515 2471 593 2530 lvo.
615 2467 671 2538 54,
685 2468 712 2527 V
728 2485 757 2528 u.
774 2469 789 2528 t
807 2483 867 2548 seq.
886 2465 994 2529 Couler
1014 2467 1138 2529 Tertull.
1158 2465 1195 2530 de

123 2547 199 2630 Fup.
225 2548 257 2609 in
275 2557 443 2644 persequuti.
466 2569 492 2612 o.
517 2551 556 2611 tu
569 2567 641 2631 pop.
671 2549 731 2608 tto
754 2545 799 2609 ed.
827 2549 924 2610 Venet.
951 2547 1045 2624 17443
1068 2551 1188 2631 origen.

122 2627 202 2691 dom.
220 2633 258 2692 ld
273 2650 303 2690 ur
325 2629 430 2692 Metti.
446 2651 511 2714 cap.
529 2633 567 2692 tt
580 2647 648 2712 pop.
663 2630 722 2691 675
736 2647 796 2712 seq.
817 2638 886 2691 tom.
903 2632 938 2705 ὃς
955 2631 986 2690 S.
1005 2632 1094 2709 cypr.
1113 2631 1194 2694 teeti·

122 2729 204 2773 mon.
228 2710 266 2774 au
280 2712 400 2790 Quiriti.
417 2711 468 2776 tu.
482 2715 543 2775 5η.
558 2715 576 2776 5
585 2731 618 2794 p.
634 2713 675 2773 to
688 2707 763 2774 etde
779 2714 867 2794 Quor.
890 2718 917 2773 et
933 2709 1106 2793 eleemosyn.
1119 2732 1189 2796 paq.

125 2792 241 2856 tiled.
255 2795 351 2856 Amat.
369 2797 460 2857 troo.

165 2869 207 2958 (l)
228 2880 259 2939 S.
276 2878 383 2940 lustin.
397 2881 437 2940 Μ.
454 2873 560 2959 apoll
577 2895 664 2939 uum.
680 2878 719 2938 67
726 2895 762 2970 p.
778 2877 818 2936 83
832 2871 877 2937 ed.
895 2873 1197 2953 Paris.1742‚·'l’er-

123 2957 191 3020 tull.
203 2957 315 3041 opoloq.
333 2979 398 3041 cop.
415 2962 454 3022 59
477 2977 547 3042 pop,
564 2961 599 3020 51
618 2957 685 3020 edit.
705 2967 754 3020 ut.
771 2955 930 3018 Adeundus
950 2955 1067 3018 doctiss.
1087 2961 1196 3020 Mutuu-

123 3038 209 3101 ohius
229 3039 276 3103 del
289 3039 400 3103 Diritto
424 3039 511 3103 libero
534 3036 611 3102 della
630 3039 731 3102 Clieso
755 3036 985 3121 diaconium,
1005 3057 1020 3100 e
1042 3038 1192 3122 possedere

125 3119 176 3183 lib.
205 3125 312 3209 2eup.
334 3122 397 3205 is.
425 3125 536 3204 lpoy.
565 3124 622 3183 utu
651 3140 723 3204 seq„
750 3139 767 3180 u
795 3139 854 3199 quo
876 3121 1053 3182 haecomnia
1079 3123 1193 3202 copiose

123 3203 338 3288 diligenterque
350 3205 541 3284 explicantur.
558 3203 664 3267 Confer
679 3211 820 3282 pretereo
838 3205 874 3266 l.
899 3204 1019 3284 Dosiug.
1036 3205 1067 3264 iu
1087 3223 1190 3284 opere,

124 3287 172 3430 ppi
196 3287 299 3352 titulus
326 3287 362 3350 Se
378 3285 403 3350 le
423 3284 570 3348 rioelezze
592 3283 639 3349 del
663 3284 744 3348 clero
770 3281 898 3349 uooeuolt'
919 3283 1001 3349 eieuo
1020 3283 1083 3348 utta
1107 3306 1190 3368 repu-

155 3387 211 3432 toa.

173 3509 206 3612 §.
233 3512 292 3584 lll.
320 3513 398 3584 llaeo
425 3526 534 3584 eutem
558 3511 644 3584 bono
670 3535 740 3584 uon
771 3510 880 3609 aliqua
911 3508 1083 3582 homiuum
1106 3507 1194 3604 lege,

123 3609 181 3682 sed
216 3609 335 3682 Christi
367 3609 533 3682 voluntate
570 3625 604 3682 et
637 3609 786 3707 exemplo
831 3608 961 3684 ecelesia
1010 3608 1189 3704 acquisivit.

123 3707 209 3782 Nam
239 3709 489 3783 christianorum
513 3707 693 3806 respublica
715 3724 827 3782 contre
858 3731 991 3794 eorum,
1025 3707 1082 3801 qui
1113 3722 1197 3780 tune

123 3808 259 3904 imperio
287 3807 518 3908 potiebantur,
545 3805 767 3896 voluntatem,
793 3833 811 3878 u
836 3803 965 3878 Christo
993 3801 1197 3875 luerutoou-

123 3907 258 3998 stituit,
285 3931 393 4004 neque
420 3905 526 3978 civiles
561 3905 667 4002 leges,
697 3904 815 4002 quibus
849 3920 930 3976 tune
966 3899 1052 3972 orbis
1082 3919 1189 3973 terru-

123 4030 198 4076 rum
229 4005 421 4104 regebatur,
448 4019 571 4078 cutum
599 4003 769 4080 homiuum
789 4027 859 4076 nou
889 4025 999 4074 eurum
1026 4001 1103 4100 jure
1134 4024 1195 4072 so·
