3102 5184
519 461 739 533 -405-

81 623 189 678 contra
199 613 405 688 Athanasium,
428 621 571 674 memorat
586 631 633 692 ep.
656 615 668 673 l
689 612 760 676 iulii
779 615 812 673 Ρ.
831 611 871 674 cd
889 611 1072 678 Eusebianos
1083 619 1161 696 apud

83 697 287 762 Constantium
302 698 441 792 ephano.
453 697 544 756 Post.
553 691 607 756 eal.
622 695 694 756 ets.
715 719 727 747 a
737 694 876 756 Proianos
889 704 1068 774 sanctorum,
1082 698 1162 760 idest

82 779 235 856 fidelium,
254 777 381 858 judiees,
401 784 431 838 et
448 795 554 840 noram
574 795 608 838 ac
633 775 802 837 inusitatam
815 777 1002 856 mixtionem,
1026 783 1163 860 mysticas

83 881 194 942 nempe
204 859 379 942 questiones
390 867 539 938 spectante
551 859 638 954 vulpe
651 864 810 918 tractatas„
830 857 909 920 dolet
920 863 1007 942 Greg.
1026 865 1160 926 Nazianz.

81 945 116 1004 in
135 947 222 1006 Orat.
239 945 274 1005 hl
297 941 334 1004 dc
348 938 448 1003 Laud.
465 938 627 1004 Athanasii
639 959 724 1002 num.
746 942 786 1000 50
801 958 873 1024 pop.
895 943 954 1004 58⁷
976 951 997 1004 t.
1021 947 1035 1004 l
1059 943 1160 1008 caton.

82 1027 185 1104 1690,
207 1043 242 1086 en
263 1042 323 1104 quo
337 1042 473 1104 magnam
492 1032 556 1084 tum
580 1021 873 1099 catechumenorum,
893 1031 957 1085 tum
978 1025 1163 1090 ethnicorum

81 1109 177 1170 inisse
193 1107 385 1169 offensionem
403 1112 516 1168 constat
534 1123 571 1166 ex
586 1104 744 1167 Athanasio
759 1103 795 1165 ds
809 1104 933 1188 synodis
954 1127 1040 1170 num.
1058 1111 1160 1192 hopp.

84 1199 159 1252 tom.
178 1192 193 1251 l
213 1209 285 1274 por.
306 1190 378 1286 hp.
396 1190 465 1250 5⁷5.
486 1192 529 1250 lix
542 1187 649 1268 quibus
673 1187 880 1268 intelligimus,
904 1205 957 1248 cur
984 1191 1016 1250 in
1038 1193 1163 1270 publicis

84 1281 206 1351 patrum
219 1270 424 1348 concionibus,
446 1271 609 1352 presertim
623 1288 691 1330 enm
708 1269 746 1331 de
765 1270 953 1331 sacramentis
971 1272 1084 1352 agitur,
1101 1275 1163 1336 irc-

83 1363 211 1432 quenter
235 1361 369 1414 occurrat
393 1371 426 1414 ea
447 1353 593 1414 formula:
621 1353 745 1414 Norunt
770 1350 897 1430 initiati,
925 1363 1037 1414 aarum
1060 1353 1163 1438 fideles

85 1434 168 1520 quod
180 1433 312 1512 dicitur,
332 1443 420 1513 atque
432 1435 522 1496 etiam
538 1433 745 1516 intelligimus,
759 1442 868 1512 quanta
885 1433 924 1494 sit
940 1435 978 1495 ad
990 1437 1163 1518 religionem

84 1517 226 1580 tuendam
241 1517 397 1579 necessitas
412 1515 595 1593 traditionis,
611 1535 665 1596 per
682 1535 770 1596 wana
788 1515 880 1577 multa
897 1517 1060 1596 accepimus
1078 1538 1161 1598 que,

84 1619 124 1661 ne
134 1601 263 1698 prolapsis
275 1605 422 1698 paterent,
428 1599 564 1744 lpppllesise
597 1598 976 1742 ⁰m⁵.¹¹t“⁸¹1¹⁸⁰⁰t⁰⁸i}3{¹³¹}
990 1600 1161 1662 noluerunt.

85 1687 430 1846 tamesin.
451 1699 574 1846 ,stt
597 1699 698 1906 sps
712 1699 910 1845 arse.
924 1701 1064 1848 nte
1082 1685 1164 1828 {tt

85 1851 117 1908 Η
196 1845 299 1930 licpd.
324 1847 422 1922 litt,
446 1845 522 1907 hanc
543 1846 727 1926 discipinam
744 1845 883 1923 apostolis
901 1846 1031 1924 ignotam
1053 1849 1164 1909 multo-

84 1947 149 2008 que
163 1929 253 1990 serius
269 1931 302 1990 in
317 1929 467 1990 wesiam
487 1929 638 1990 inductam
653 1935 769 2008 putant.
788 1927 846 1990 sed
861 1945 910 1988 eos
924 1927 1077 2004 refellunt,
1097 1949 1163 2010 quae

85 2013 125 2072 de
138 2009 252 2073 Christo
266 2019 296 2071 et
316 2011 452 2090 apostolis
465 2011 615 2072 memorie
633 2018 702 2072 stant
715 2008 845 2090 prodita3
865 2009 974 2069 refellit
992 2011 1113 2073 Basilius
1127 2011 1163 2074 de

84 2093 206 2234 Spiritu
220 2095 250 2156 S.
264 2111 332 2176 cop.
348 2095 387 2153 27
401 2111 473 2176 pop.
493 2095 531 2154 tt
547 2099 617 2156 wm-
634 2095 653 2154 5
670 2089 717 2154 ed.
734 2091 801 2167 cit,
823 2091 874 2170 qui
892 2109 956 2152 mm
976 2091 1159 2174 disciplinam

84 2175 287 2320 letatii:
317 2175 561 2335 titillet
576 2173 722 2336 ,iiiiii
747 2172 1039 2334 inhibiti&-
1056 2176 1164 2319 'iiii

84 2303 471 2415 consonantissime,
492 2359 586 2425 neque
607 2338 737 2400 mittatis
754 2337 937 2420 marparitcs
956 2347 1069 2400 vestras
1094 2349 1163 2401 onte

124 2443 142 2482 r
195 2467 203 2482 .

82 2440 300 2586 poliiscttnler
313 2504 435 2585 Papium
454 2502 487 2564 in
506 2507 621 2564 Boion.
638 2501 679 2564 cd
698 2523 750 2564 on.
772 2503 833 2564 llo
848 2521 880 2563 aa.
900 2503 920 2564 4
938 2511 966 2562 et
986 2521 1046 2586 aeq.
1064 2523 1098 2586 p.
1123 2507 1162 2566 65

83 2595 111 2647 et
123 2605 188 2670 seq.
200 2584 248 2648 cd.
263 2587 354 2648 tuoe
365 2587 449 2650 1758
465 2593 537 2648 tam.
554 2589 585 2646 h.

134 2751 167 2854 ς.
200 2751 365 2824 xxxlll.
393 2751 479 2824 Cum
515 2753 588 2824 satis
621 2767 716 2823 erant
742 2747 871 2850 probati
901 2765 934 2822 et
962 2751 1036 2820 satis
1064 2751 1099 2820 in
1127 2778 1162 2822 re

84 2851 262 2924 christiana
288 2849 409 2922 eruditi
437 2849 516 2950 (l),
540 2853 825 2948 appropinquante
850 2849 986 2921 solemni
1013 2848 1066 2920 die
1085 2847 1161 2946 (ἢ),

87 2949 317 3022 catechumeni
345 2949 543 3047 baptismum
577 2949 753 3046 petebant,
779 2963 813 3018 et
846 2945 920 3020 ideo
958 2973 1013 3018 sua
1042 2945 1164 3018 dabant

85 3051 224 3122 nomina
256 3047 329 3144 (ὅ),
400 3075 417 3118 r
456 3071 531 3146 qum
556 3071 624 3118 sese
652 3049 743 3144 quasi
784 3045 971 3118 candidatos
1010 3045 1163 3143 baptismi

86 3145 309 3218 declarabant.
357 3073 446 3242 hergo
488 3143 689 3243 accipiebant
740 3145 927 3217 embolum
967 3161 1001 3215 et
1039 3147 1163 3216 oratio-

85 3269 167 3316 nem
204 3243 402 3314 dominicam
434 3243 509 3341 (4),
538 3267 594 3314 sua
630 3173 872 3314 confitebantur
918 3243 1054 3314 crimina
1087 3242 1161 3340 (5),

86 3341 230 3438 egebant
265 3343 493 3438 paenitentiam
523 3342 597 3439 (6),
634 3365 791 3412 manuum
824 3342 1043 3438 impositioni,
1074 3366 1164 3412 exor-

87 3442 215 3530 cismis,
246 3438 523 3512 exsufflationibus
570 3437 652 3538 (7),
699 3438 849 3535 precihus
888 3439 1161 3538 subjiciebantur,

87 3540 311 3709 {ltili
332 3535 1162 3708 illittttttlttibiltltlll

87 3664 221 3833 capiitis,
247 3735 347 3806 altera
372 3733 496 3832 pedum
523 3733 599 3830 (9);
627 3747 789 3831 praetcrea
818 3749 916 3830 caput
939 3689 1161 3806 catechumeni

87 3861 178 3906 sacro
208 3831 280 3905 cleo
314 3832 497 3928 ungebatur
530 3831 622 3930 (10).
660 3829 726 3904 Sed
752 3833 884 3904 ecclesia
906 3834 942 3902 in
965 3833 1077 3928 primis
1109 3855 1162 3900 cu·

87 3931 200 4020 rabat,
229 3933 346 4028 utqui
376 3930 573 4028 baptismum
609 3929 786 4028 petebant,
818 3945 911 4002 tanto
947 3951 1084 3998 munere
1115 3951 1162 3998 es·

86 4047 161 4104 sent
188 4029 300 4125 digni,
324 4044 357 4100 et
380 4028 454 4100 ideo
485 4045 558 4126 post
600 4029 675 4099 data
699 4055 716 4098 a
743 4026 1004 4126 competentibus
1029 4027 1162 4096 nomina
