3164 5174
558 551 774 624 ..277-

152 727 198 797 per
228 727 304 800 quas
344 717 511 774 certorum
553 702 786 776 beneficiorum
825 704 951 777 collatio
980 707 1123 804 pertinet
1158 706 1200 779 ad

152 825 297 872 wmmum
327 799 545 890 Pontificem
587 801 651 873 huc
682 805 787 898 leges,
819 805 1091 896 consuetudines,
1121 804 1202 876 lun·

152 895 291 990 dationes,
314 926 378 997 per
400 925 478 998 quas
500 917 587 972 certo
615 899 773 973 beneficia
803 903 857 973 vel
881 901 923 972 ab
949 905 1099 1001 episeopo
1126 929 1202 975 cum

73 1050 74 1068 r
153 998 266 1093 capituli
291 1023 472 1088 consensu,
502 997 551 1070 sel
582 1001 783 1098 conjunctim
804 1026 879 1072 eum
902 1025 960 1092 eo,
986 1000 1036 1072 sel
1060 1001 1204 1072 alterna-

83 1179 88 1190 ·
155 1097 213 1186 tim,
235 1095 283 1167 rel
307 1124 327 1167 a
352 1095 421 1168 solo
437 1097 579 1195 capitulo
609 1098 834 1170 conferuntur.
861 1097 951 1184 Quas
976 1098 1200 1188 fundationes,

152 1194 400 1286 eonsuetudines,
421 1194 525 1290 leges,
544 1199 677 1293 quaein
701 1222 897 1295 unaquaque
927 1196 1055 1270 eeclesia
1071 1200 1200 1294 vigent,
1267 1257 1299 1278 .,

153 1305 248 1364 unere
269 1320 307 1366 sc
326 1319 451 1366 serrare
467 1291 639 1390 diligenter
656 1293 761 1367 decet.

191 1475 219 1576 ς.
250 1477 363 1554 XXX.
406 1477 473 1594 §ed
498 1504 646 1552 summus
662 1580 669 1594 ι
685 1481 782 1552 etiam
815 1478 986 1593 Pontifex,
1017 1481 1200 1648 cujusepo-

154 1589 238 1644 testas
260 1575 358 1650 lemur
403 1604 438 1649 rn
482 1602 595 1650 omnes
637 1576 810 1668 droeceses,
854 1601 1003 1649 omnium
1045 1575 1110 1648 ben
1154 1603 1202 1648 cra

160 1671 287 1744 confere
320 1691 448 1774 potest;
487 1691 521 1746 et
547 1675 621 1746 ideo
646 1675 706 1746 sibi
732 1677 849 1746 merito
888 1673 1106 1774 quorumdam
1132 1675 1204 1748 col-

156 1767 272 1842 lationes
297 1777 466 1846 reservavit
495 1773 561 1872 (1).
598 1773 647 1845 Εο
662 1775 739 1872 jure
765 1790 852 1846 certe
876 1799 952 1844 usus
974 1790 1021 1844 est
1054 1771 1090 1843 S.
1115 1771 1203 1845 Gre-

156 1869 248 1960 gorius
271 1869 315 1942 M.
345 1873 423 1970 (ἢ),
459 1899 559 1970 quem
583 1873 736 1970 suspicari
775 1897 842 1944 non
871 1871 947 1943 licet
980 1874 1035 1970 jus
1060 1870 1203 1942 alienum

154 1965 284 2041 invadere
318 1987 351 2042 et
385 1997 456 2042 rem
494 1996 563 2042 non
597 1996 689 2042 suam
724 1973 866 2068 arripere
892 1969 1042 2042 voluisse.
1074 1967 1200 2042 Secuto

152 2069 313 2160 prasertim
342 2069 409 2142 llll
430 2073 486 2168 jus
514 2069 575 2142 hoc
602 2068 820 2166 explicabatur
857 2095 917 2166 per
942 2069 1062 2165 triplex
1099 2093 1202 2164 genus

151 2161 313 2236 litterarum
335 2167 409 2266 (5),
435 2191 512 2266 quae
536 2165 724 2238 conferendi
747 2169 827 2240 ratio
857 2193 932 2238 cum
971 2169 1078 2237 minus
1106 2191 1201 2237 com-

151 2261 232 2333 moda
272 2263 454 2356 rideretur,
501 2268 597 2336 satius
633 2267 737 2337 visum
773 2282 822 2336 est
853 2263 967 2337 litteris
1012 2265 1201 2358 consignare

150 2376 237 2432 certes
281 2361 515 2436 beneficiorum
560 2365 809 2452 reservationes,
852 2380 889 2434 ut
927 2388 1038 2435 omnes
1078 2361 1201 2434 intelli-

59 2513 61 2552 ;
150 2476 265 2550 gerent,
290 2487 432 2558 quorum
448 2461 575 2534 collatio
600 2460 641 2530 ad
672 2487 837 2532 summum
868 2459 1081 2550 Pontificem,
1112 2486 1200 2558 quo·

150 2581 213 2627 rum
227 2559 267 2629 ad
284 2562 449 2658 episcopos
477 2577 575 2658 atque
590 2559 631 2630 ad
648 2576 770 2632 eeteros
787 2561 976 2656 pertineret.

182 2751 218 2836 (l)
244 2781 258 2808 ι
279 2759 357 2836 Papa
371 2757 439 2836 jure
462 2757 573 2838 potuit,
599 2756 695 2837 inquit
717 2759 821 2818 Petrus
840 2754 1011 2829 Aliacensis,
1042 2751 1079 2814 de
1100 2751 1199 2814 cocles.

59 2915 60 2918 Ἴ
148 2833 237 2897 cust.
253 2856 354 2919 gener.
370 2841 497 2901 liemon.
518 2837 655 2922 Pontifie.
672 2845 787 2899 auctor.
810 2856 881 2920 par.
901 2841 920 2900 2
938 2855 1005 2920 cop.
1031 2837 1043 2895 t
1063 2833 1089 2918 S.
1120 2833 1201 2898 Unde

59 2927 60 2932 ’
147 2913 258 2981 aarum
278 2927 348 2982 tom.
369 2923 389 2980 t
410 2939 479 3004 opp.
507 2920 644 2982 &sonti
658 2939 731 3002 pap.
758 2921 834 2998 sto,
855 2919 926 2982 edit.
947 2923 1088 2999 Anwop.
1107 2919 1197 2995 1706,

148 2999 334 3064 ordinationes
350 3001 493 3082 majorum
506 3011 535 3064 et
551 3003 738 3064 electirarum
762 3001 953 3082 dignitatum,
981 3019 1014 3062 sc
1035 2999 1200 3061 collationes

147 3080 257 3144 aliorum
276 3084 501 3162 beneficiorum,
526 3085 581 3145 sibi
605 3093 634 3146 et
661 3085 831 3162 Apostolieoe
852 3085 914 3146 sedi
942 3101 1106 3158 reservare,
1132 3084 1200 3162 quia

147 3160 200 3224 hec
215 3166 415 3245 antiquissimo
435 3167 502 3246 jure
515 3167 571 3227 sibi
590 3165 802 3245 competebant.
823 3169 890 3228 lloec
915 3169 1003 3228 etiam
1024 3183 1083 3225 uon
1106 3165 1200 3226 solnm

145 3243 202 3318 jure
225 3248 380 3310 universali
407 3249 667 3310 administrationis
694 3249 807 3327 Papalis
833 3257 992 3328 potuerunt
1018 3255 1198 3326 competere,

146 3326 291 3389 sedetiam
319 3347 356 3390 ex
376 3331 493 3411 speciali
509 3349 608 3405 eausa,
633 3329 746 3390 ratione
767 3332 896 3392 materie
913 3331 1063 3410 subjectas:
1086 3337 1197 3408 utpote,

147 3409 378 3484 coniurations
405 3414 436 3472 in
462 3413 522 3472 suis
551 3409 740 3472 electionibus
772 3419 802 3471 et
828 3412 969 3473 ordinarii
996 3411 1145 3472 collatores
1168 3412 1198 3470 iu

147 3487 343 3555 bmelieiorum
357 3493 559 3556 collationibus
580 3493 775 3554 abutebantur
799 3501 829 3554 et
853 3511 906 3573 per
929 3494 1089 3574 potentiam
1112 3493 1199 3554 laica-

146 3569 212 3649 lem,
224 3591 297 3656 sape
310 3577 379 3656 jure
394 3594 445 3637 suo
460 3595 519 3637 non
534 3575 626 3636 libere
640 3577 683 3637 uti
697 3574 956 3654 permittebantur,
973 3595 1023 3638 seu
1038 3576 1093 3636 ulia
1104 3575 1199 3652 aliqua

147 3657 248 3732 spetiali
274 3660 387 3720 ratione
390 3701 525 3719 ......
552 3661 594 3720 lix
616 3675 675 3737 quo
702 3657 898 3736 subinfertur,
925 3658 1003 3738 quod
1029 3675 1095 3717 curn
1117 3655 1199 3716 sedes

147 3737 294 3814 Apostoliea
321 3744 352 3801 in
381 3740 537 3820 premissis
560 3739 785 3820 prescripserit‚
814 3743 962 3820 supposito
989 3739 1067 3819 quod
1092 3737 1197 3797 summi

146 3817 286 3883 Pontifices
310 3822 343 3883 in
367 3821 422 3884 hoc
448 3821 530 3884 abusi
550 3821 677 3900 luerint,
702 3822 749 3882 vel
776 3824 965 3898 excesserint,
993 3839 1052 3881 non
1079 3825 1199 3896 propter

146 3895 196 3958 boc
213 3911 255 3963 est
281 3903 318 3964 ab
339 3905 381 3966 eis
404 3903 572 3983 hujusmodi
590 3903 639 3983 jus
663 3903 840 3979 tollendum,
865 3903 916 3965 sed
941 3904 1046 3964 abusus
1071 3899 1197 3978 pellendi

148 3989 173 4038 et
187 4000 311 4046 excessus
327 3987 522 4066 restringendi
538 3995 616 4047 sunt.
635 4011 648 4042 ιι
673 3987 779 4048 Confer
796 3985 961 4048 Paulatium
981 3981 1114 4064 lurispr.
1134 4001 1196 4042 soc.

147 4069 209 4123 tom.
226 4069 244 4127 2
263 4064 313 4128 lab.
339 4071 357 4128 6
384 4076 468 4129 trost.
495 4071 534 4129 tt)
557 4085 622 4149 cop.
652 4071 686 4143 t,
711 4075 741 4127 et
765 4067 989 4128 'thomassinum
1008 4071 1063 4126 oet.
1085 4072 1113 4125 et
1128 4082 1194 4124 ooo.

148 4141 238 4209 eccles.
252 4147 401 4232 disciplin.
413 4169 482 4232 por.
498 4148 577 4212 rtis.
593 4153 606 4211 l
622 4169 688 4234 cop.
705 4153 745 4211 to
760 4157 860 4232 etseq.
