3104 5188
554 425 772 516 -1'59-

124 589 232 670 quihus
258 589 399 672 iujuriam
416 601 581 671 acceperat,
602 594 772 674 rogavitque
790 593 958 656 Pontificem
974 593 1007 656 in
1021 597 1107 678 epist.
1122 599 1200 678 apud

124 671 291 734 Palladium
315 675 349 734 in
363 674 428 758 ejus
444 673 507 736 uita
530 693 599 756 opp.
626 671 823 760 chrysostom.
849 685 909 738 tom
930 679 968 738 15
993 695 1064 760 pap.
1081 681 1111 754 9,
1127 680 1198 742 edit.

124 753 354 838 Montsouconii
376 757 479 820 Poris.
508 759 597 820 itas.
623 757 670 818 his
690 758 809 818 verbis:
833 759 912 842 liupo
932 767 967 820 ut
990 777 1044 840 per
1060 759 1200 842 epistolas

123 836 307 900 denuntietis
334 855 380 917 ea,
404 857 471 924 quae
488 847 550 900 tam
574 839 676 924 inique
703 847 770 900 octa
792 847 864 900 suut
887 837 923 902 oh
942 859 1006 902 una
1032 850 1133 922 porte,
1146 841 1199 905 oh-

124 917 261 982 seutahus
288 917 372 982 achis
396 929 424 984 et
444 939 504 982 non
531 918 748 986 declinantibus
770 919 935 1002 judicium,
951 919 1071 984 nullum
1095 921 1199 986 hahere

122 999 232 1078 rotor,
261 1001 343 1064 sicut
360 1021 396 1064 ex
421 1021 478 1064 aua
498 1011 611 1064 notura
637 999 756 1064 nullum
793 999 912 1077 hahent,
937 1011 964 1064 at
986 1013 1022 1065 ut
1041 1005 1096 1088 qui
1125 1004 1199 1067 tolia

124 1083 198 1144 oaesi
218 1091 292 1144 sunt
305 1081 571 1148 ecclesiastieorum
587 1083 683 1166 lepum
707 1085 802 1166 penis
823 1083 1030 1168 subjicientur.
1054 1089 1117 1149 Noa
1140 1089 1199 1172 ipi-

124 1174 193 1242 tur,
212 1165 270 1259 qni
290 1183 343 1226 nea
366 1166 497 1244 manieti,
526 1185 577 1227 nec
600 1163 773 1249 reprehensi
794 1185 913 1244 sumus,
944 1187 996 1228 nac
1020 1169 1065 1230 rei
1079 1167 1199 1232 denton-

123 1255 217 1308 strota
241 1244 348 1309 litteris
371 1249 476 1310 uestris
495 1245 563 1332 [rui
585 1245 653 1310 date
677 1257 704 1310 et
730 1245 876 1312 charitate
909 1259 1009 1310 vestm
1040 1252 1198 1336 ceterisque

123 1325 279 1406 manoe,
296 1339 331 1390 ut
352 1339 450 1392 antea.
470 1333 532 1408 Qua
556 1331 588 1390 in
607 1331 801 1392 controversia
824 1333 911 1392 etiam
936 1331 1132 1412 Theophilus,
1147 1333 1198 1412 qui

122 1429 231 1472 omnes
244 1410 308 1472 illas
326 1420 427 1472 eontra
454 1411 693 1493 chrysostomum
715 1411 815 1472 turbas
837 1413 1026 1489 excitaverat,
1049 1414 1086 1474 ad
1110 1419 1199 1476 luno-

124 1494 261 1553 centium
281 1495 464 1572 provocavit,
479 1493 554 1555 dotis
568 1495 689 1570 litteris,
706 1491 820 1570 Quibus
834 1491 930 1570 lectis,
950 1497 994 1555 uti
1013 1504 1112 1556 narrat
1133 1498 1199 1557 Pel-

124 1573 234 1670 lullius
256 1572 308 1668 loe.
330 1575 379 1636 cit.
404 1593 475 1670 pap.
498 1579 532 1652 1,
553 1573 775 1670 heatus'Popa
797 1575 987 1670 Innocentius
1010 1595 1121 1656 porum
1148 1576 1199 1640 ah-

124 1653 1199 1823 999999999999999999991999

124 1819 207 1880 uam
218 1819 424 1898 marinaeus
441 1840 495 1883 eur
507 1866 517 1897 ,
528 1830 583 1882 out
602 1819 710 1906 quihus
734 1821 896 1902 assumptis
916 1821 1038 1902 nepotiis
1050 1826 1198 1884 loannem

248 1901 255 1914 “
312 1947 320 1964 .
349 1905 483 1965 Pontifex
507 1904 746 1983 Chrysostomum
760 1906 900 1980 restituit,
921 1903 964 1962 uti
983 1904 1111 1964 ostendit
1131 1905 1197 1966 Pel·

120 1983 150 2044 la
174 1985 219 2044 'ua
243 1981 301 2048 loe.
318 1985 367 2046 eit.
388 2005 461 2068 pop.
486 1985 505 2045 9
530 2004 610 2070 seq„
636 2003 731 2064 neque
755 1985 955 2048 Alexandrum
981 1985 1196 2048 hntioeheuum

119 2065 337 2145 patriarcham,
353 2075 383 2127 et
395 2067 530 2128 heaeium
547 2071 730 2130 Beroeensem
754 2068 920 2147 episcopum
938 2068 1101 2145 apostolicae
1122 2087 1198 2128 eom-

120 2147 275 2208 muuionis
293 2150 448 2228 participes
468 2149 551 2224 lecit,
572 2151 627 2210 nisi
648 2151 778 2228 primum
803 2147 937 2210 ornnt'hus
955 2157 1028 2210 esset
1051 2147 1197 2210 conditio-

120 2227 215 2290 nihuo
237 2229 423 2314 ma'asoemm
449 2229 482 2291 in
510 2249 604 2293 causo
623 2229 700 2292 heati
719 2239 747 2292 et
769 2249 835 2292 uere
859 2234 922 2292 Deo
947 2229 1032 2312 aliqui
1052 2231 1193 2308 loannes,

121 2312 170 2371 uti
185 2313 250 2390 ipse
268 2312 399 2392 loquitur
422 2313 452 2372 in
468 2312 553 2394 epist.
581 2316 619 2374 19
634 2311 675 2374 ael
697 2309 904 2374 Alexandrum
928 2309 1191 2380 Autioeh.uum.l

120 2390 178 2454 col.
197 2395 259 2455 815
283 2396 361 2474 apud
373 2397 586 2458 coustantium.
603 2396 735 2457 Pertinet
752 2397 838 2456 etium
860 2396 897 2456 ad
919 2397 1000 2460 huuc
1022 2396 1118 2456 locam
1133 2413 1196 2456 rea·

122 2476 225 2538 titutio
248 2477 420 2571 Theodoriti
449 2477 574 2556 episcopi
606 2477 690 2558 cyri,
712 2495 800 2556 quom
825 2481 856 2542 S.
887 2481 943 2540 leo
973 2481 1013 2540 ll.
1039 2477 1122 2554 lecit,
1151 2479 1194 2538 uti

119 2561 554 2714 cinctacincta
567 2557 1194 2719 “lttttall‘ctlttcltolttt.

118 2721 246 2802 probata
263 2731 325 2800 ast,
347 2731 405 2784 oct.
431 2725 535 2784 8tom.
563 2719 649 2783 leel.
676 2723 755 2783 1595
777 2720 885 2784 collect.
913 2721 1034 2797 hohhei3
1057 2723 1195 2782 lladrioni

119 2805 252 2898 episcopi
278 2805 434 2880 Thebani,
463 2819 550 2882 quam
574 2807 603 2868 S·
620 2805 778 2899 Gregorius
793 2808 833 2866 hl.
853 2803 991 2878 absolvit,
1020 2803 1062 2863 uti
1085 2811 1195 2896 constat

119 2889 394 3030 ‘amic
407 2883 568 3043 ’999
582 2883 848 3046 fictitii?
861 2887 934 3048 ll}
954 2881 1193 3042 antoni

118 3051 324 3128 antiquissima
348 3059 404 3126 est,
419 3050 564 3112 restitutio
584 3053 614 3112 S.
635 3049 800 3127 athanasii,
817 3049 854 3112 de
875 3071 933 3130 quo
957 3051 1015 3112 late
1041 3069 1056 3108 a
1080 3048 1139 3108 itur
1161 3047 1193 3109 in

118 3131 328 3194 dissertotioae
341 3133 441 3194 llontoe
454 3131 535 3194 edita
547 3151 599 3192 an.
618 3133 697 3192 1768
716 3131 751 3193 ala
763 3129 1010 3216 appellationibus
1083 3131 1193 3192 ilonea-

120 3231 201 3274 nerm
218 3205 405 3357 Pontsscem.

161 3293 208 3376 (a)
235 3301 295 3359 con
308 3315 340 3357 er
356 3297 581 3358 lunooentiuml
599 3294 685 3378 epist.
701 3297 740 3358 915
754 3293 796 3356 ael
806 3299 926 3358 Decent.
947 3293 1090 3378 Enpehin.
1106 3312 1191 3356 num.

119 3377 235 3456 nopae
249 3379 450 3440 coustantium
466 3377 551 3459 epist.
566 3377 694 3438 lloneau.
711 3376 891 3460 Pontificum
904 3374 959 3440 col.
983 3379 1059 3452 890,
1076 3383 1105 3436 et
1118 3377 1193 3438 Gre-

118 3461 240 3540 gorimu
252 3463 292 3522 ll.
315 3457 365 3523 hh.
388 3462 408 3522 9
426 3459 510 3542 epist.
534 3461 572 3520 ll
587 3455 640 3520 col.
663 3462 721 3522 tas
734 3469 803 3522 tom.
820 3462 938 3542 iopp„
965 3459 1035 3522 edit.
1051 3456 1191 3519 Maurin.

117 3541 224 3604 Parae.
242 3544 339 3618 lautu
354 3553 384 3604 et
406 3543 507 3604 oonler
526 3543 613 3604 etiam
637 3542 802 3604 zaccariam
817 3542 849 3604 ia
870 3539 1073 3626 hatisehronio
1086 3541 1193 3621 pomi

118 3621 168 3684 hh.
188 3627 204 3685 1
223 3642 294 3706 cap.
314 3625 332 3686 7
352 3631 422 3686 tom.
446 3625 464 3685 5
486 3623 537 3685 ubi
559 3623 651 3686 multo
676 3633 705 3686 et
729 3624 867 3704 preclara
891 3643 924 3684 eo
950 3625 987 3686 de
1004 3642 1037 3684 re
1061 3619 1191 3700 exemplo

120 3707 315 3788 colliguntur.

157 3791 202 3871 (7)
218 3787 294 3848 Vide
311 3791 342 3850 S.
367 3791 492 3850 Leonem
510 3791 550 3850 hl.
570 3787 656 3871 epist.
681 3789 720 3850 aa
748 3785 790 3850 eal
805 3787 892 3870 episc.
908 3783 1060 3868 metropol.
1077 3781 1190 3847 Arelot.

113 3891 187 3953 rap.
205 3871 327 3966 ²⁰1¹?ss
340 3878 409 3931 tom.
429 3873 443 3933 l
462 3869 517 3932 col.
546 3871 621 3966 999,
644 3865 771 3931 editione
795 3868 943 3932 Bollerin.
978 3871 1079 3961 Venet.
1099 3867 1189 3959 llll5,

111 3957 191 4099 hi
202 3955 348 4116 luti?
351 3955 434 4096 oi
445 3949 1177 4116 alumnumalumnum
1180 3992 1189 4108 ;
