3134 5144
800 405 1022 476 -196-

372 557 539 619 ordinauit:
561 551 648 630 Qscod
667 549 878 636 reprehensum
892 560 949 629 cat,
966 553 1063 630 inquit
1081 550 1141 614 loc.
1159 552 1230 630 cit,
1251 553 1285 614 in
1304 571 1365 633 ote,
1382 554 1453 618 noto

372 659 404 700 re
443 633 550 698 ciendi
564 635 597 695 in
619 631 686 716 filio
708 653 783 696 mco.
809 633 877 696 Erit
896 631 1050 717 presbyter
1072 641 1108 695 ut
1133 643 1190 714 cat,
1216 633 1340 718 quondo
1368 639 1452 699 Deua

370 739 406 780 co
419 717 514 795 uerti,
539 714 667 798 futurus
693 715 857 798 epscopus.
885 717 1001 794 Spectat
1026 717 1208 797 Augustinus
1233 716 1271 777 ud
1298 718 1451 779 Nieoenum
1565 737 1566 742 ¹

370 817 509 862 canonem
531 799 569 875 8,
587 816 645 877 quo
660 805 778 858 cautum
801 805 883 875 emt,
896 815 942 874 'ne
957 795 1017 857 duo
1039 799 1071 857 in
1087 815 1146 858 unu
1163 797 1239 858 urbe
1257 807 1353 859 essent
1373 801 1453 879 epis-

370 881 450 960 mpi3
476 897 580 942 verum
605 879 654 940 hic
674 897 767 940 monn
794 895 854 939 non
881 877 1048 956 obtinebat,
1075 897 1142 940 erm
1167 879 1246 958 juata
1266 888 1331 940 erat
1346 898 1451 956 causa,

369 971 593 1042 propterquam
611 961 670 1022 dnn
688 962 720 1021 in
747 979 805 1022 una
825 959 942 1021 civitate
962 961 1088 1040 episcopi
1111 963 1378 1040 constituerentur,
1405 963 1450 1023 uti

371 1044 531 1106 ostendunt
542 1043 692 1122 exemplo,
708 1060 774 1120 que
791 1041 878 1120 paulo
890 1049 958 1104 onte
974 1041 1179 1104 indicarimus.

420 1221 451 1320 §-
496 1218 638 1292 XLVII.
683 1219 811 1290 Dantur
858 1219 1061 1320 coadjutores
1110 1219 1162 1292 rel
1213 1217 1256 1290 nd
1304 1237 1449 1317 tempus,

377 1317 536 1416 quamdiu
564 1317 684 1388 scilicet
726 1320 801 1388 vitm
833 1342 929 1388 usura
972 1317 1092 1388 fruitur
1134 1315 1307 1414 praelatus,
1350 1343 1452 1414 quem

371 1420 417 1486 vis
455 1415 586 1486 adverse
622 1413 730 1488 morbi
763 1429 821 1485 ant
859 1417 1033 1486 senectutis
1070 1439 1167 1492 suum
1201 1439 1322 1485 munus
1354 1439 1451 1485 exer·
1565 1493 1566 1498 ἵ

377 1539 450 1585 cere
489 1526 596 1599 retat3
632 1511 683 1582 rel
709 1527 889 1608 perpetuo,
930 1515 988 1608 qui
1028 1513 1186 1583 nimirum
1218 1527 1349 1583 mortuo
1374 1537 1452 1582 suc-
1565 1551 1566 1560 κ

374 1610 510 1683 cedunt.
539 1607 687 1706 Uterque
721 1609 891 1706 coadjutor
922 1612 1082 1706 episcopis
1112 1611 1245 1680 nonnisi
1277 1635 1295 1678 e
1322 1631 1451 1679 summo
1565 1619 1566 1642 ³

373 1704 535 1778 Pontifice
567 1705 694 1776 dandus
724 1721 773 1776 est
804 1705 885 1801 (i);
916 1708 1030 1777 ceteris
1066 1703 1301 1778 beneficiorum
1343 1721 1453 1778 recto-
1565 1735 1566 1792 ᾗ

375 1805 466 1874 ribus
500 1804 598 1873 etiem
639 1805 808 1898 episcopus
846 1801 1049 1900 coadjutores
1079 1803 1120 1873 ad
1160 1819 1290 1900 tempus
1327 1805 1452 1874 consti·

376 1903 440 1970 no
456 1898 523 1996 (n).

413 2095 456 2175 (t)
480 2099 553 2176 Cap.
583 2094 666 2154 unic.
695 2092 731 2152 do
757 2091 862 2154 cleric.
883 2101 1027 2174 eproton.
1050 2094 1083 2154 in
1108 2095 1141 2170 6,
1168 2094 1280 2156 concil.
1307 2093 1447 2156 Trident.

375 2193 446 2237 ress.
461 2177 501 2237 25
517 2192 584 2254 cop.
607 2172 675 2234 ide
691 2173 810 2256 resono.
1565 2219 1566 2244 j

415 2256 458 2338 (9)
479 2256 589 2319 concil.
607 2255 742 2317 Trident.
760 2253 813 2316 loc.
831 2255 879 2316 cit.
895 2274 961 2336 cop.
978 2257 1038 2317 iet
1055 2252 1112 2317 ult.
1128 2254 1164 2318 de
1183 2255 1286 2318 cleric.
1303 2265 1449 2339 epmton.

425 2433 457 2532 §·
486 2431 638 2504 XLVIII.
678 2405 822 2542 ’Νυιιεῃκ
837 2437 894 2546 qui
927 2435 1083 2546 episcopis
1104 2433 1225 2505 dentur
1247 2435 1452 2534 coadjutores
1565 2475 1566 2498 r

375 2533 444 2601 sine
473 2533 550 2626 jure
592 2529 713 2600 future
751 2555 978 2620 successione,
1021 2531 1177 2602 dicuntur
1209 2531 1450 2631 tuffrapanct',
1565 2549 1566 2598 t

374 2627 484 2724 quales
506 2627 628 2698 habent
656 2626 826 2699 cardinatis
849 2632 1018 2726 episcopus
1042 2627 1217 2718 Ostiensis,
1241 2644 1341 2725 atque
1363 2632 1453 2727 epis-

373 2750 473 2822 copus
496 2724 636 2796 Sabinus
669 2725 788 2821 eliique
813 2728 993 2822 praesertim
1021 2729 1056 2798 in
1087 2724 1261 2798 Germania
1285 2729 1450 2894 episcrppi7

377 2846 519 2916 quorum
551 2823 703 2894 dioeceses
735 2839 802 2892 tam
831 2823 896 2892 late
930 2839 1064 2919 petent,
1097 2839 1136 2893 ut
1171 2822 1220 2893 his
1245 2822 1387 2922 adjuto'
1415 2851 1454 2896 us
1565 2843 1566 2900 1

374 2943 455 3012 opus
492 2917 633 2988 habeant
662 2919 702 2988 ad
736 2920 917 3017 episcopale
948 2945 1068 2991 munus
1105 2935 1193 2992 recte
1214 2920 1448 2992 exercendum.

371 3013 414 3082 Hi
442 3031 520 3084 aunt
535 3017 677 3112 episcopi
701 3019 846 3111 insigniti
868 3017 964 3088 titulo
983 3025 1025 3091 in
1034 3021 1205 3118 partibus
1228 3018 1452 3113 infidelium,
1565 3009 1566 3088 ?

376 3112 425 3180 uti
454 3125 531 3180 sunt
568 3114 666 3182 etiem
698 3115 838 3210 episcopi
876 3113 1100 3212 coadjutores,
1138 3117 1196 3212 qui
1235 3116 1290 3212 jus
1326 3113 1454 3188 hebent
1565 3133 1566 3204 3

374 3206 582 3278 succedendi.
618 3208 759 3306 Utrique
779 3213 868 3282 enim
890 3211 1084 3282 decorantur
1113 3211 1229 3284 ordine
1253 3213 1450 3309 episcopali,
1565 3221 1566 3302 j

277 3307 283 3320 '
375 3318 413 3372 nt
448 3329 485 3374 ea
510 3322 686 3400 peragent,
714 3332 791 3404 quae
823 3307 921 3406 hujus
954 3307 1076 3380 ordinis
1104 3311 1234 3406 propria
1269 3324 1346 3378 suut
1377 3311 1566 3410 (1).

417 3495 458 3578 (i)
480 3497 557 3559 Vide
574 3499 789 3562 Andreuccium
807 3499 965 3563 Hiernrch.
982 3500 1081 3564 eccles.
1102 3511 1191 3564 tract.
1212 3500 1248 3564 de
1264 3503 1354 3586 episc.
1374 3505 1453 3568 titu.

375 3577 446 3656 ior„
466 3587 495 3640 et
508 3581 698 3644 Benedictum
714 3587 783 3647 XIV
796 3581 832 3645 de
845 3581 952 3666 synod.
969 3581 1052 3647 dieo.
1066 3581 1117 3647 lid.
1133 3585 1172 3648 15
1187 3603 1253 3666 cap.
1271 3589 1321 3648 ii.
