3164 5174
770 421 990 496 -sot-

390 571 420 674 §.
448 570 506 642 vt.
534 570 577 642 ll.
606 570 651 640 Ut
674 568 815 640 babeant
835 586 963 642 aetatcnr
987 571 1219 659 necessariam,
1254 595 1328 668 que

158 694 159 698 ¹
188 697 190 700 ·
232 713 235 718 -
343 669 539 766 simplicibus
567 666 733 740 beneficiis
766 681 814 740 est
841 693 1002 740 annorum
1016 667 1096 760 11,
1115 695 1176 766 pro
1200 595 1428 764 digniutibiri,

343 785 376 838 et
402 767 584 857 beneficiis,
612 792 687 839 cum
705 765 824 864 quibus
850 769 1023 861 conjuncta
1045 783 1093 838 est
1116 793 1193 839 curs
1209 769 1425 858 animarum,

343 891 503 938 annorum
529 866 599 956 25,
619 889 680 963 pro
704 863 836 962 reliquis
848 864 1079 960 dignitatibus,
1108 891 1185 964 quat
1203 863 1328 936 nullam
1352 865 1428 936 bu-

343 963 424 1034 bent
452 968 633 1036 animarum
667 989 799 1054 curam,
837 988 999 1036 annorum
1032 962 1100 1055 11,
1135 989 1196 1062 pro
1228 965 1428 1062 episcopatu

344 1087 506 1134 annorum
524 1063 572 1132 50
586 1062 652 1160 (1).

384 1246 426 1328 (1)
443 1251 530 1310 Cone.
552 1247 635 1312 Trid.
651 1266 723 1310 sess.
743 1249 782 1308 15
801 1267 828 1340 c.
850 1250 892 1325 6,
909 1257 937 1308 ct
955 1265 1027 1309 cccc.
1045 1249 1167 1329 1111)).
1186 1205 1422 1329 1111111Ῑό111.

392 1404 422 1504 §.
457 1403 533 1476 vll.
567 1405 625 1476 lll.
667 1405 713 1476 Ut
733 1407 851 1474 initiati
889 1406 955 1476 sint
991 1403 1119 1494 ordine,
1147 1429 1250 1501 quem
1276 1401 1425 1502 dignitas

343 1519 400 1573 out
419 1502 615 1574 beneficium
644 1503 797 1601 postulat.
822 1503 873 1574 Ita
906 1501 1119 1574 sacerdotium
1137 1501 1329 1600 adjunctum
1355 1501 1424 1571 ba-

342 1602 423 1672 beot
446 1604 665 1698 episcopatus,
694 1601 839 1692 abbatis,
873 1603 1108 1700 praepositura,
1140 1599 1292 1697 parocbia
1311 1616 1345 1670 et
1369 1598 1425 1669 di-

342 1702 498 1794 gnitates,
519 1725 595 1796 quae
629 1726 738 1771 secum
768 1699 879 1770 ferunt
915 1725 1025 1770 curam
1053 1700 1237 1768 animarum
1272 1713 1306 1769 et
1322 1779 1326 1786 .
1340 1723 1423 1795 quae

342 1799 571 1868 canonicorum
588 1796 724 1892 collegio
743 1797 967 1895 preficiantur
986 1795 1053 1894 (1).
1080 1795 1268 1868 Generatim
1287 1812 1421 1886 tumen,

344 1897 405 1964 nisi
427 1920 517 1966 secus
542 1911 676 1966 cautum
695 1899 757 1984 sit,
784 1893 836 1966 rel
863 1909 1005 1986 statuto,
1029 1893 1081 1966 rel
1101 1893 1174 1990 lege
1194 1893 1417 1987 fundationis,

318 2021 327 2042 ·
343 1994 502 2063 sancitum
519 2008 580 2081 est,
599 2009 636 2063 ut
661 1991 799 2089 quilibet
820 1997 906 2064 intru
927 2019 1051 2063 ennum
1071 1995 1222 2090 suscipiat
1242 1991 1416 2081 ordinem,

344 2115 441 2187 quem
456 2117 530 2161 cum
544 2089 703 2162 beneficio
719 2094 932 2192 conjunctum
947 2116 1014 2162 esse
1030 2107 1160 2188 oportet
1171 2090 1240 2188 (1).

385 2263 426 2344 (1)
439 2268 512 2346 Cap.
527 2267 541 2324 1
557 2263 592 2324 de
605 2272 703 2341 cetat,
719 2273 748 2326 et
761 2262 868 2350 qualit.
889 2273 916 2326 ct
929 2261 1029 2326 ordio.
1046 2263 1145 2347 profi.

384 2345 426 2426 (1)
443 2344 582 2408 cierunt.
596 2348 615 2406 1
629 2345 693 2409 eod.

391 2499 421 2602 §.
457 2501 546 2572 vlit.
580 2501 639 2572 lv.
673 2501 823 2600 Denique
862 2519 901 2574 ut
933 2529 970 2574 ea
996 2505 1061 2572 sint
1084 2501 1215 2600 praediti
1243 2500 1415 2591 doctrina,

342 2627 406 2700 qua
433 2615 481 2671 est
520 2625 621 2698 opus,
650 2616 689 2670 ut
723 2617 811 2672 recte
842 2601 962 2673 obeant
995 2625 1133 2690 munus,
1167 2599 1259 2698 quod
1289 2602 1324 2669 in
1352 2599 1416 2670 be-

343 2701 461 2772 neficio
483 2700 568 2770 inest
587 2699 659 2798 (l),
678 2716 782 2796 utque
805 2701 949 2796 insigniti
972 2701 1037 2770 sint
1054 2697 1163 2768 lauret
1183 2723 1282 2770 sucrae
1302 2695 1420 2769 'l'beo-

340 2797 437 2893 logiae
480 2796 606 2869 Jurisre
642 2799 800 2887 canonici,
845 2801 872 2868 si
909 2823 981 2868 eum
1013 2795 1157 2894 postulat
1194 2795 1415 2888 beneficium,

343 2893 431 2992 quod
452 2911 710 3062 conserluuntur.
736 2895 821 2967 Nem
836 2923 873 2968 es
898 2895 1063 2968 decoratos
1086 2919 1154 2964 esse
1171 2910 1302 2991 oportet
1325 2897 1417 2966 rice-

342 2996 427 3061 rium
444 3017 561 3086 genere
574 3019 627 3062 ern
641 3009 673 3064 et
692 2994 924 3090 capitularem,
942 2991 1205 3064 archidiaconum
1222 3009 1256 3062 et
1270 3007 1415 3082 ceteros,

344 3091 401 3186 qui
432 3091 552 3185 primas
585 3089 707 3162 habent
738 3095 774 3162 in
810 3091 1067 3182 cathedralibus,
1099 3105 1155 3162 aut
1179 3093 1214 3162 in
1240 3089 1416 3186 collegiatis

345 3185 484 3258 ecelesiis
505 3186 677 3282 dignitates
694 3187 760 3288 (1).

386 3356 428 3438 (1)
443 3360 517 3439 Cap.
534 3361 552 3419 7
567 3357 707 3422 deElcct.
1069 3417 1072 3424 .

387 3439 428 3522 (1)
443 3443 532 3502 Cone.
549 3441 632 3503 Trid.
646 3461 717 3504 acor.
738 3445 777 3506 11
795 3462 864 3526 cap.
883 3446 922 3506 11
936 3441 973 3506 dc
989 3441 1109 3527 resono.
1125 3441 1183 3506 Sed
1197 3441 1418 3504 archidiaconos

345 3529 375 3583 ct
397 3529 519 3598 cetoros,
540 3525 591 3602 qui
617 3525 725 3604 primes
746 3525 882 3586 obtinent
903 3528 935 3588 in
955 3525 1184 3604 cathedralibus,
1206 3533 1256 3586 cut
1279 3523 1419 3586 incolle-

344 3605 429 3686 giatis
448 3604 575 3666 ecclesiis
596 3605 768 3688 dignitates,
791 3610 901 3687 quique
919 3627 978 3670 non
1001 3627 1100 3670 curam
1116 3609 1297 3684 animarum,
1317 3625 1419 3686 noque

344 3687 471 3766 aliquem
489 3686 725 3766 jurisdictionem
750 3689 876 3766 hebent,
901 3710 935 3752 ea
960 3691 1024 3772 lege
1045 3691 1168 3752 minime
1188 3692 1299 3766 teneri,
1326 3698 1419 3768 atque

345 3769 377 3828 id
396 3770 461 3848 pius
480 3770 569 3830 semel
583 3789 600 3830 n
615 3789 688 3832 sacr.
708 3773 939 3855 congregatione
958 3773 1072 3834 concilii
1090 3772 1245 3834 delinitum
1256 3771 1420 3834 ostendunt

346 3853 461 3913 Garciss
474 3849 510 3913 de
526 3849 643 3935 benefic.
661 3871 729 3936 par.
751 3857 769 3916 7
788 3873 856 3938 cop.
877 3857 996 3916 inum.
1018 3857 1073 3934 55;
1092 3855 1270 3936 Pignateilus
1282 3850 1415 3916 coruult.

345 3951 451 3994 eonon.
482 3937 541 3996 111
566 3955 651 3997 oum.
678 3938 718 3997 11
746 3944 816 3998 tom.
846 3939 881 4013 93
910 3937 1083 3999 Monacellus
1113 3934 1280 4000 Formulcr.
1311 3934 1415 3998 eccles.

346 4020 417 4076 torn.
435 4019 449 4077 1
465 4015 637 4100 iocppeod.
650 4037 722 4102 pap.
740 4021 796 4082 181
814 4037 899 4082 oum.
914 4022 952 4082 rt
963 4029 992 4080 et
1003 4022 1051 4082 16.
