3122 5170
161 575 194 644 id
229 589 328 662 erat,·
346 561 453 672 neque
481 559 669 677 cppvenire·
692 573 763 646 visa,
783 597 820 646 su

822 583 886 642 ut¹

160 673 278 770 quibus
321 667 379 764 illi.
414 659 690 764 exasperarentur.
742 669 783 754 ln
828 597 983 765 Corfpilio²
1014 669 1308 755 'Laterum-,33
1339 699 1362 763 ·'·.
1378 655 1402 764 1¹⁴,

159 773 185 840 si
209 769 255 840 lll
283 767 336 866 (ᾖ)
363 765 518 864 prohibiti
539 781 615 838 sunt
642 766 725 837 laiei'
739 771 836 838 bovas
865 765 1004 840 decimas
1033 771 1201 866 acquirere
1220 779 1279 858 3⁶·

159 871 328 965 antiquas,
371 891 449 962 quas
485 863 666 953 habebant,
708 867 744 934 in
790 863 886 938 laicos
925 867 1101 938 transferre
1113 885 1127 956 ς’
1161 867 1234 940 tum
1326 865 1347 888 ''
1424 881 1433 918 ·'

159 967 338 1061 generatim
374 964 509 1052 moniti,
538 987 593 1034 eos
622 965 691 1034 sine
722 963 904 1034 animarum
932 989 1061 1036 suarum
1087 965 1246 1062 periculo.

160 1063 300 1135 decimas
335 1062 475 1132 retinere
514 1086 581 1132 non
619 1085 731 1158 posse,
764 1061 819 1131 sed
860 1059 1009 1132 adversus
1046 1062 1139 1152 illos,
1175 1068 1245 1162 qui·

160 1185 210 1231 eas
247 1161 446 1249 retinerent,
487 1158 576 1229 nulla
609 1183 705 1255 poena
738 1158 860 1230 indicta
893 1173 953 1230 est.
990 1159 1141 1258 Denique
1170 1189 1232 1233 usu

909 567 1034 644 str'ema
1066 570 1233 664 remedie,
1264 561 1281 610 ‘¹
1313 645 1327 665 „
1444 629 1446 636 .

158 1260 267 1356 potius
309 1283 346 1328 ac
381 1256 526 1346 silentio,
570 1282 668 1354 quam
705 1253 776 1351 lege
807 1255 873 1348 ulla
920 1259 1231 1354 scripta.1010„,ae
1437 1260 1441 1280 .

159 1373 236 1428 sunt
273 1354 430 1444 decimae,
467 1381 546 1452 quas
580 1371 673 1426 antea
697 1353 769 1425 laici
800 1357 877 1450 jure
906 1353 995 1426 feudi
1021 1355 1229 1448 obtinebant,
1283 1383 1286 1394 ·

158 1480 317 1528 novarum
358 1471 468 1526 umen
507 1455 674 1550 acquisitio
715 1478 845 1548 prorsus
883 1455 1000 1539 vetitae
1051 1469 1086 1524 et
1133 1453 1231 1526 hodie

158 1569 288 1649 recepta
324 1553 483 1624 sententia
514 1567 577 1642 est,
616 1577 668 1622 eas
700 1566 841 1622 tantum.
868 1549 1008 1621 decimas
1050 1551 1230 1632 infeudatas

159 1676 176 1720 a
204 1650 290 1722 laicis
322 1665 410 1721 reete
436 1648 598 1738 detineri,
633 1673 707 1747 qnae
739 1663 814 1720 ante
847 1648 1095 1722 Lateranensem
1130 1675 1233 1748 syno-

159 1747 240 1820 dum
270 1750 434 1846 acquisitae
458 1763 535 1818 sunt
570 1745 642 1846 (ὅ),
1116 1739 1120 1749 ’

201 1929 242 2012 (l)
263 1936 407 2012 Occupato
423 1951 440 1992 a
454 1931 534 1994 laicis
554 1931 645 2008 bona,
660 1952 693 1994 ae
716 1929 837 1993 decimes
860 1929 985 1994 acesto
1008 1939 1037 1994 et
1055 1929 1170 1994 ultoria
1190 1931 1233 1992 di·

158 2014 316 2088 uehuntur,
331 2033 458 2094 quorum
472 2023 572 2093 turpe,
595 2013 674 2093 quod
688 2014 861 2075 calamitosis
877 2015 913 2076 iis
928 2015 1137 2094 temporibusa
1152 2014 1232 2076 laicis

158 2095 263 2173 fiebat,
276 2097 483 2158 commercium
505 2097 644 2158 damnant
660 2095 805 2160 Paschnlis
820 2099 845 2157 ll
866 2104 895 2156 et
914 2099 1003 2178 (ἕως.
1021 2099 1076 2158 Vll
1102 2115 1170 2158 cers.
1195 2099 1232 2170 13

160 2187 189 2239 et
203 2181 242 2240 ld
256 2197 338 2240 eous.
356 2181 369 2240 l
387 2198 439 2262 qs.
457 2181 487 2240 5.
503 2178 609 2240 Confer
622 2181 701 2240 Petr.
721 2177 759 2239 de
773 2181 868 2240 llarca
885 2177 918 2238 io
931 2198 1001 2240 carr.
1028 2180 1142 2240 leone.
1160 2173 1233 2240 Cla-

159 2269 307 2336 romost.,·
320 2264 368 2323 Fr.
387 2261 551 2322 Florentem
566 2259 599 2322 in
612 2279 648 2322 ω
673 2305 680 2322 .
697 2263 711 2324 l
726 2268 755 2322 st
769 2263 788 2322 2
802 2257 836 2320 de
852 2261 928 2322 Iure
945 2261 1047 2337 Pota,
1061 2270 1090 2320 et
1104 2263 1234 2322 llurato-

160 2343 241 2404 rium
256 2341 329 2405 diss.
345 2343 384 2404 72
398 2351 427 2403 et
437 2343 475 2403 ts
489 2341 585 2428 antiq.
598 2279 672 2404 troi.

204 2425 235 2506 (l
269 2428 342 2506 Cap.
361 2421 573 2486 ltdeDecim.

202 2507 233 2587 (ὅ
266 2501 352 2584 Quod
366 2525 446 2567 ωηο.
470 2507 603 2566 lateran.
623 2507 662 2567 lll
676 2524 735 2566 non
750 2523 885 2586 expresse
899 2511 1022 2582 statuet,
1042 2505 1238 2569 restituendas

161 2605 225 2648 esse
239 2587 380 2656 decimas.
396 2607 467 2668 quas
490 2589 555 2648 latei
568 2587 752 2664 detinebant,
770 2606 866 2667 neque
879 2587 970 2656 ullam
983 2587 1014 2647 in
1028 2587 1107 2666 ipsos
1122 2607 1238 2667 poenam

161 2672 335 2742 constituat,
356 2669 407 2731 sed
428 2676 542 2730 tentum
561 2669 624 2730 illus
639 2669 669 2730 in
690 2671 777 2732 laicos
793 2669 945 2732 transferri
967 2687 1000 2728 ac
1015 2687 1104 2732 novas
1125 2671 1236 2750 acquiri

161 2761 258 2830 vetet,
278 2752 410 2832 plerique
426 2752 457 2812 in
479 2769 543 2812 eam
565 2769 672 2812 venere
692 2752 875 2832 opinionem,
899 2748 978 2830 quod
996 2768 1029 2810 ea
1047 2749 1177 2832 synodus
1195 2753 1239 2814 in·

160 2843 258 2914 tegrus
273 2834 352 2895 laicis
367 2833 519 2913 reliquerit
533 2833 674 2908 decimas,
690 2835 721 2894 in
742 2853 866 2912 quarum
883 2839 967 2894 antea
980 2834 1159 2910 possessione
1174 2853 1236 2894 ver·

161 2917 314 2977 sabuntnr.
331 2915 405 2978 lline
425 2923 487 2976 orta
509 2917 672 2976 communis
696 2916 811 2994 opinio,
830 2915 916 2978 laicos
938 2913 1066 2974 retinere
1089 2933 1173 2994 posse
1195 2917 1237 2977 iu·

162 2997 294 3060 leudatas
308 2997 449 3074 decimas,
464 3015 536 3076 quas
548 3005 616 3058 ante
637 2995 716 3058 illam
731 2997 877 3076 synodum
891 2995 1073 3058 obtinebant.
1089 2996 1147 3059 Sed
1159 3007 1238 3058 recte

162 3081 298 3141 observat
309 3083 340 3141 L.
356 3079 507 3142 Thomass.
523 3087 580 3139 vet.
594 3086 698 3140 eteros.
717 3076 784 3140 ecel.
798 3077 870 3140 dtas.
879 3097 950 3161 par.
970 3075 1024 3140 5l.
1043 3082 1056 3140 l
1076 3097 1102 3140 e.
1118 3080 1153 3140 ut
1168 3097 1200 3140 a.
1218 3081 1236 3140 7

162 3171 193 3222 et
216 3179 291 3258 seq,
315 3179 396 3222 ωηο.
423 3165 555 3224 Lateran.
584 3163 623 3224 lll
651 3179 801 3238 nunquam
832 3161 912 3222 laicis
948 3159 1083 3239 antiquas
1110 3161 1238 3224 decimas

163 3246 345 3323 permisisse,
373 3262 439 3304 cum
461 3243 529 3303 satis
554 3241 662 3303 diserte
683 3241 775 3318 dicat,
802 3261 849 3303 eas
871 3242 958 3303 laieos
976 3243 1038 3302 sine
1063 3242 1238 3304 animarem

160 3323 296 3408 periculo
318 3323 445 3387 detinere
467 3341 525 3384 non
546 3341 640 3402 posse.
659 3325 733 3384 lline
754 3324 818 3386 0do
840 3323 877 3385 de
899 3323 1008 3386 Salioco
1031 3325 1122 3384 Paris.
1146 3325 1236 3404 episc.

163 3409 269 3489 viginti
282 3408 398 3468 circiter
412 3415 475 3486 post
494 3424 600 3482 annos,
616 3425 703 3485 quam
724 3409 857 3468 tatarn.
874 3424 956 3468 ωηο.
972 3403 1105 3466 habitum
1119 3406 1235 3480 luerat,

164 3489 196 3550 in
212 3491 272 3550 suis
283 3498 375 3550 const.
389 3486 577 3569 synodalibus
594 3507 680 3550 num.
705 3489 744 3549 te
759 3485 873 3550 Delect.
898 3495 987 3548 actor.
1004 3495 1026 3546 t.
1044 3489 1058 3547 l
1076 3484 1132 3548 ool.
1157 3489 1236 3550 1257

171 3597 185 3626 a
200 3574 395 3650 Frequenter,
412 3569 522 3649 inquit,
535 3577 708 3632 moneantur
722 3569 804 3646 laici,
820 3579 854 3631 ut
868 3587 927 3630 non
938 3569 1085 3629 retineant
1099 3567 1234 3647 decimos,

167 3653 281 3730 quasin
296 3653 458 3732 periculum
472 3653 635 3712 animarum
649 3669 767 3713 suarum
780 3652 919 3713 retinent.
936 3675 948 3704 u
965 3653 999 3714 ln
1012 3653 1234 3713 constiteram

166 3737 206 3796 lv
225 3735 317 3796 multa
339 3734 376 3796 de
394 3734 515 3796 decimis
535 3734 641 3795 sancita
662 3741 747 3810 sunt,
773 3733 937 3812 presertim
953 3740 1054 3793 contra
1076 3733 1156 3808 illos,
1184 3736 1235 3812 qni

164 3835 213 3878 eas
235 3817 429 3897 usurpabant,
451 3817 502 3878 sed
524 3815 637 3878 nullutn
660 3814 809 3876 decretum
833 3823 892 3893 est,
918 3831 976 3893 quo
996 3814 1063 3874 laici
1082 3817 1237 3877 restituere

166 3907 307 3979 cogantur
326 3899 467 3976 decimas,
493 3916 565 3976 quas
585 3905 656 3960 tunc
680 3897 861 3959 obtinebant.
885 3899 948 3959 lmo
967 3899 1067 3958 lunoe.
1096 3900 1151 3973 lll,
1178 3915 1236 3977 quo

129 4025 135 4038 .
167 3981 308 4042 Pontifiee
328 3983 520 4044 lateranense
538 3979 611 4040 illud
634 3998 716 4040 ωηο.
742 3979 876 4040 habitum
896 3986 954 4054 est,
981 3995 1040 4040 non
1059 3978 1237 4058 improbasse

167 4061 285 4124 videtur
298 4063 439 4143 decimas,
459 4081 555 4143 quea
576 4061 656 4123 laicis
676 4061 743 4141 jure
757 4060 838 4122 leudi
857 4060 1076 4140 retinebantur,
1092 4061 1135 4122 uti
1157 4071 1236 4141 petet
