3134 5144
788 417 1009 488 -198-

359 567 384 628 si
401 566 549 642 dicamus,
562 583 656 626 unum
681 573 710 626 et
732 567 869 627 eumdem
889 567 978 627 luisse
1000 565 1135 626 ordinem
1159 561 1436 644 chorepiscoporum

361 659 390 708 et
405 647 506 726 presb)
515 654 660 724 tororum,
682 647 823 708 dissimile
842 657 941 708 tamen
959 647 1088 708 officium
1108 655 1138 706 et
1155 647 1327 707 dissimilem
1343 647 1436 724 juris-

360 730 530 790 dictionem.
548 730 666 790 Rectius
680 728 772 808 igitur
791 730 961 790 Franciscus
981 729 1145 790 Turrianus
1163 737 1224 788 not.
1252 727 1285 788 in
1304 747 1371 809 cop.
1396 731 1436 788 bh

359 829 441 872 conc.
462 810 528 870 Nic.
548 808 640 870 Arob.
661 809 739 889 apud
756 810 904 872 habbeum
926 820 996 871 tom.
1013 813 1032 871 2
1049 806 1153 872 concil.
1169 807 1225 870 col.
1245 811 1321 884 5¹⁷3
1342 813 1437 870 Anto-

359 893 427 952 nius
445 892 626 970 Augustinus
645 892 730 973 epist.
750 891 821 954 dur.
844 910 950 953 conon.
969 909 1039 972 pur.
1064 895 1076 952 1
1098 889 1147 952 lib.
1175 893 1193 951 6
1212 891 1258 951 tit.
1290 893 1303 950 1
1326 909 1393 972 cop.
1417 893 1435 950 5

359 981 455 1054 etseq.
469 992 540 1053 pop.
555 975 614 1034 259
633 980 702 1040 lom.
722 975 770 1034 b‘o
815 1017 822 1034 .
841 973 911 1036 edit.
933 974 1027 1048 1770,·
1042 972 1205 1034 hudovicus
1225 971 1436 1033 Tlromassinus

359 1061 407 1113 oet
420 1073 464 1114 oc.
480 1073 549 1116 coc.
565 1051 665 1116 eccles.
682 1051 778 1136 discip
794 1098 801 1114 .
814 1074 885 1136 por.
901 1057 915 1114 1
930 1051 980 1115 lib.
997 1055 1096 1136 hcop.
1112 1057 1125 1114 l
1134 1076 1146 1128 ‚·
1164 1053 1273 1116 Natalis
1289 1052 1433 1113 Alexand.

360 1134 476 1197 Histor.
490 1133 587 1232 eccles.
601 1154 669 1198 soee.
686 1138 722 1210 1,
742 1135 873 1230 oppcnd.
890 1135 931 1196 od
944 1133 1064 1196 dissert.
1081 1137 1241 1276 11311111.
1260 1153 1314 1194 oro.
1343 1135 1437 1194 tomi

355 1218 1100 1378 111111111111111111111111
1119 1224 1191 1356 tl·
1207 1215 1436 1372 ittet:

358 1397 436 1440 none
452 1383 471 1439 8
489 1381 603 1440 concilii
624 1380 734 1442 Nicaeni
751 1388 821 1440 tom.
841 1382 861 1440 2
884 1377 940 1440 col.
958 1377 997 1440 58
1014 1377 1125 1441 collect.
1145 1375 1255 1438 Lubbei
1274 1385 1304 1437 et
1325 1395 1437 1436 conone

358 1464 398 1520 10
416 1462 530 1522 concilii
552 1460 727 1522 Antiocheni
739 1469 819 1540 ι11111.
851 1457 944 1522 honi.
967 1462 1027 1522 590
1053 1458 1150 1542 ejusd.
1177 1456 1285 1520 collect.
1312 1455 1436 1534 labbei,-

358 1543 521 1620 exquibus
541 1543 728 1603 menifestum
746 1551 809 1618 est,
834 1542 1056 1622 chorepiscopos
1078 1543 1226 1620 episcopos
1251 1559 1309 1600 non
1334 1540 1434 1600 luisse.

359 1625 445 1698 Quod
465 1627 574 1700 etiarn,
600 1642 634 1684 re
660 1623 818 1704 diligenter
838 1625 952 1704 cognita
975 1632 1005 1684 et
1023 1641 1165 1702 expense,
1193 1620 1348 1682 delinitum
1376 1629 1436 1696 est,

358 1706 402 1764 uti
418 1713 498 1784 patet
515 1725 551 1765 ex
570 1705 779 1783 capitularibus
795 1723 898 1786 regum
913 1709 1091 1767 Francorum
1106 1703 1184 1782 apud
1204 1703 1356 1764 Baluzium
1376 1709 1399 1762 t.
1419 1705 1432 1762 l

358 1783 415 1848 eol.
436 1788 509 1862 255,
532 1783 603 1846 odit.
626 1787 726 1846 Venet.
745 1804 825 1846 onoc
845 1789 936 1848 1771.
959 1790 1033 1849 Cum
1051 1786 1130 1846 enirn
1146 1785 1265 1847 Carolus
1283 1787 1322 1845 lll.
1347 1801 1380 1843 ea
1399 1783 1438 1844 de

358 1867 519 1948 relegatos
539 1868 665 1927 misisset
684 1867 722 1928 ad
750 1871 876 1928 Leonem
901 1871 942 1930 lll
965 1867 1152 1942 Pontificem,
1180 1883 1352 1945 responsum
1375 1873 1434 1940 est,

358 1948 579 2026 chorepiscopos
593 1966 690 2009 meros
704 1967 766 2009 esse
780 1950 982 2029 presbyteros,
997 1949 1123 2027 ideoque
1135 1948 1255 2008 irritum
1268 1963 1329 2007 csse
1346 1946 1437 2023 quid-

359 2030 431 2108 quid
445 2030 500 2108 ipsi
515 2037 664 2109 gesserent
681 2031 834 2108 proprium
852 2032 966 2092 ordinis
980 2031 1159 2110 episcopalis.
1173 2029 1259 2105 Quod
1273 2027 1437 2106 probarunt

358 2110 577 2174 Ratisbonensis
591 2112 705 2172 concilii
717 2115 818 2172 Patres
831 2113 909 2192 apud
926 2113 1118 2174 Sirmondum
1134 2129 1216 2173 conc.
1233 2107 1312 2172 cett.
1329 2117 1400 2170 11111.
1417 2110 1438 2170 2

358 2211 429 2274 pop.
449 2195 507 2253 259
526 2201 555 2252 et
571 2211 600 2254 sc
624 2237 631 2253 .
655 2193 758 2254 Poris.
781 2195 879 2270 tcas;
894 2213 928 2256 ae
944 2194 1080 2274 deinceps
1101 2193 1189 2253 etiam
1206 2192 1336 2271 synodus
1354 2191 1438 2252 Pari·

358 2275 461 2334 siensis
473 2295 520 2334 on.
536 2213 660 2336 satit.
680 2277 694 2336 1
709 2293 776 2355 cop.
794 2278 833 2335 27
849 2273 904 2338 loc.
919 2275 970 2337 cit.
984 2295 1057 2358 pop.
1072 2277 1216 2337 bobium.
1234 2271 1436 2350 hrospondit:

357 2355 433 2415 nihil
458 2375 576 2431 eorum,
601 2375 667 2434 quae
690 2356 727 2416 ad
752 2357 943 2436 episcopalem
968 2356 1103 2417 ordinem
1128 2356 1293 2435 pertinent,
1323 2352 1387 2413 lieri
1420 2375 1438 2414 a

358 2436 571 2516 chorepiscopis
583 2457 676 2515 posse.
691 2437 845 2499 lnterdum
859 2457 928 2500 vero
942 2437 1141 2516 chorepiscopi
1159 2438 1246 2498 etiam
1260 2442 1345 2496 erant
1354 2435 1438 2514 epis-
1562 2509 1563 2518 ἵ

359 2517 439 2596 copi;
464 2520 543 2597 quod
569 2527 649 2580 recte
676 2519 833 2580 observent
857 2519 1042 2582 Cobnssutlus
1066 2519 1151 2580 notit.
1177 2515 1281 2580 concil.
1302 2535 1368 2598 cop.
1398 2517 1435 2593 ὃς

359 2603 463 2660 Petrus
487 2601 524 2660 de
552 2605 646 2662 llaroe
669 2599 803 2662 concord.
824 2600 969 2663 sacerdot.
992 2609 1020 2660 et
1037 2603 1150 2682 imper.
1172 2597 1222 2662 lib.
1252 2603 1359 2680 deep.
1381 2599 1437 2674 li,-

359 2681 553 2742 Bellarminus
578 2681 615 2743 de
644 2679 747 2744 Clario.
774 2679 824 2743 lib.
854 2685 954 2764 lcop.
973 2683 1011 2742 17
1036 2701 1108 2763 pop.
1133 2683 1191 2742 159
1215 2701 1283 2764 opp.
1308 2689 1378 2740 tona.
1397 2679 1436 2756 ἢ,

358 2762 429 2822 edit.
455 2767 554 2824 Venet.
572 2783 644 2824 ono.
665 2766 761 2838 stat,
780 2772 868 2842 atque
882 2763 919 2824 ad
941 2764 994 2824 hos
1018 2767 1168 2841 pertinent
1188 2781 1313 2824 canones
1335 2779 1439 2828 omnes

359 2845 567 2921 conciliorum,
585 2845 692 2923 quibus
706 2845 936 2924 chorepiscopis,
955 2863 1023 2906 cum
1041 2846 1126 2906 venia
1141 2845 1283 2924 episcopi,
1300 2843 1441 2905 diaconos

359 2934 389 2984 et
400 2927 587 3006 presbyteros
598 2927 735 2988 ordinare
746 2927 939 3006 permittitur.

408 3087 437 3188 §.
468 3089 506 3158 L.
537 3087 771 3188 Chorepiscopi
787 3117 856 3164 non
878 3118 979 3163 unam
1001 3109 1039 3163 nt
1059 3091 1211 3190 parochi,
1237 3092 1295 3164 sed
1326 3093 1438 3189 plures

359 3187 479 3280 singuli
496 3187 656 3260 curabant
677 3189 823 3261 ecclesias
852 3215 970 3287 easque
1003 3190 1185 3262 lustrabant
1208 3191 1285 3286 (1);
1311 3191 1438 3262 dabant
1561 3185 1562 3190 ἵ

358 3285 481 3354 litteras
492 3285 677 3382 paceficos,
693 3313 769 3384 quae
786 3304 879 3359 erant
900 3313 939 3358 ex
956 3313 1075 3383 genere
1092 3291 1338 3384 formatorum
1359 3289 1436 3384 (2),

359 3381 481 3452 clericis
507 3383 668 3454 ruralibus
683 3385 720 3454 in
747 3385 842 3456 aliam
867 3384 1031 3456 dioeoesim
1057 3385 1269 3470 abeuntibus3
1295 3387 1440 3458 minores

359 3478 489 3549 ordines
513 3480 724 3552 conferebant
755 3484 822 3579 (ὅ).
853 3481 916 3553 Sed
950 3509 1026 3553 cum
1052 3485 1138 3554 intra
1168 3509 1236 3556 sure
1266 3487 1441 3580 potcstatis

358 3575 443 3646 fines
465 3601 533 3648 non
561 3603 594 3648 se
620 3581 842 3668 continerent,
873 3595 907 3650 et
930 3582 1007 3677 jura
1039 3580 1230 3651 invaderent
1261 3584 1439 3677 episcopo-

357 3700 449 3762 rum,
466 3675 563 3744 satius
574 3677 678 3745 visum
694 3693 743 3746 est
757 3703 828 3748 eam
845 3676 1037 3772 dignitatem
1053 3680 1242 3774 extinguere
1259 3703 1295 3747 ac
1310 3676 1441 3768 delere,
1560 3765 1561 3768 Ἴ

359 3770 450 3868 quod
473 3775 507 3842 in
538 3771 705 3844 occidente
731 3777 877 3870 primum
905 3773 1118 3864 factumest,
1141 3775 1251 3847 Leone
1275 3775 1319 3845 lll
1343 3774 1445 3845 Pon-

359 3867 446 3940 tifice
469 3869 545 3965 (d);
573 3867 630 3940 sed
647 3885 757 3941 tamen
786 3874 884 3941 etiarn
910 3889 983 3968 post
1011 3871 1128 3945 Leonis
1154 3889 1283 3945 aetatem
1309 3875 1443 3944 mentio
1560 3905 1561 3914 ¹

361 3965 666 4064 chorepiscoporum
682 3972 822 4040 occurrit
840 3967 906 4066 (ὅ).
