3122 5178
572 465 620 480 ....
650 424 695 495 19
722 467 770 480 ..

133 573 310 656 rirpinitctia
324 569 497 655 intepretata
506 567 646 654 fulcitur.
663 575 699 634 Bt
713 575 743 634 S.
761 576 904 648 ireneus,
920 581 1014 636 coco.
1029 571 1135 638 doras.
1153 573 1203 638 tu.

134 659 226 737 desp.
246 660 281 734 t,
302 675 389 716 nunt.
409 657 421 713 t
439 671 516 748 paq,
531 655 591 714 trs
608 651 660 714 cit.
680 652 726 714 ed.
749 655 818 715 Nori
835 663 963 738 oportet,
986 653 1207 735 inquinantur
1316 711 1319 717 .

132 757 260 822 quarm
272 733 620 819 apodatiosvcrttatem,
633 733 823 830 panmsccitc
832 735 924 800 urat
943 736 1206 816 ccciasicsumcra3
1297 759 1301 766 ·

133 839 197 880 aaut
217 817 346 902 apostoli
351 865 360 895 ,
377 816 468 901 quod
488 815 522 878 iu
545 816 760 898 depositorium
780 815 875 894 duca,
899 816 1072 900 plenissime
1085 820 1118 880 ira
1139 839 1207 882 eom

133 899 306 962 unumst
318 899 440 976 omnio,
454 917 523 982 qun
532 899 593 960 siut
602 897 748 976 ueritatis,
762 908 797 959 ut
810 899 921 980 cornu,
935 901 1105 986 quicunque
1118 899 1204 979 uelit,

134 991 229 1044 sumat
238 1001 276 1042 ec
289 1001 326 1042 ec
336 990 443 1064 potum
452 979 536 1042 uitae.

171 1061 211 1142 (3)
226 1064 438 1138 natantur,
453 1065 506 1139 t8,
522 1064 666 1139 XXVII,
684 1066 735 1126 20.
748 1064 817 1125 Luc.
832 1064 929 1142 XXI,
947 1066 997 1125 52.
1015 1067 1050 1124 ttt
1062 1063 1205 1145 Chryses-

136 1153 225 1205 tomns
239 1142 353 1206 Hamil.
370 1143 435 1206 tta
446 1141 524 1206 tttau
536 1149 600 1206 Iso.
620 1143 691 1206 Vidi
703 1145 882 1222 omnnem,
898 1165 966 1228 cop.
980 1149 999 1206 2
1011 1153 1081 1207 tora.
1098 1149 1117 1206 6
1130 1165 1203 1229 pop.

138 1229 205 1302 422,
221 1225 293 1288 edit.
306 1225 533 1311 Mmttsaacoatt
547 1229 646 1288 Vcoet.
660 1229 756 1302 tros,
770 1225 919 1306 Facilius,
934 1229 1048 1306 inquit,
1060 1225 1206 1290 cotaeleto

137 1307 280 1390 eatinyui,
302 1327 395 1392 quom
419 1304 574 1369 statuam
595 1305 697 1371 deleri.
724 1309 800 1371 Vide
825 1311 914 1370 etiarn
942 1311 1138 1391 Augustinum
1174 1310 1206 1370 iu

138 1387 248 1450 Pactus.
264 1391 322 1452 {05
336 1407 427 1451 utun.
442 1391 477 1467 2,
494 1397 564 1450 totu.
581 1387 672 1452 dccl.
690 1393 785 1470 ttts,
801 1389 848 1453 ed.
864 1391 916 1453 cit.

144 1637 220 1810 Δ.
238 1639 313 1710 XV.
331 1641 373 1712 dt
384 1667 462 1713 vero
474 1641 603 1712 nullum
621 1670 661 1715 ex
677 1645 714 1714 iis
736 1645 849 1738 signis,
864 1641 983 1740 quibus
996 1669 1070 1716 vera
1087 1643 1206 1718 Christi

240 1740 267 1806 ia
295 1737 506 1834 dignoscitur,
533 1741 693 1836 quadrare
718 1744 754 1812 in
783 1743 1034 1838 protestantium
1062 1743 1207 1816 ecclesias

144 1835 202 1906 ulia
227 1840 349 1908 ratione
375 1853 496 1933 potest.
525 1837 643 1936 Neque
667 1841 758 1912 enim
789 1865 904 1911 eorum
921 1837 1052 1912 ecclesia
1068 1869 1145 1914 urio
1158 1859 1207 1916 est

141 1950 194 2005 aut
206 1932 287 2024 fide,
304 1937 340 2004 in
364 1961 429 2032 qua
447 1937 543 2006 ranae
560 1952 639 2008 sunt
654 1939 807 2034 interque
829 1961 863 2007 se
887 1937 1112 2010 dtaentientas
1128 1939 1206 2012 illo·

141 2059 211 2102 rum
237 2031 451 2104 consessiones
484 2033 562 2128 (i),
598 2047 655 2106 aut
681 2037 718 2105 in
746 2037 967 2124 sacramentis,
1001 2061 1143 2132 quornm
1170 2040 1206 2108 in

140 2155 274 2203 nannero
286 2129 477 2203 definiendo
501 2130 611 2230 dispar
628 2149 677 2204 est
693 2135 843 2204 omnium
865 2132 933 2204 sere
949 2137 1109 2204 sententia
1129 2134 1202 2232 (2),

141 2245 192 2300 snt
213 2228 351 2300 dernurn
377 2229 577 2324 pastoribus,
606 2257 683 2304 cum
734 2230 844 2300 uidam
875 2229 1001 2302 nullam
1031 2248 1206 2326 agnoscant

140 2326 379 2399 ecclesiasticam
401 2325 628 2419 hierarchiam,
649 2258 783 2425 quidam
797 2329 922 2400 varium
940 2325 1085 2400 habeant
1100 2328 1207 2402 eoele-

139 2427 253 2496 aiarum
283 2427 443 2519 regimen,
470 2428 580 2497 cuncti
606 2451 683 2498 rero
696 2443 826 2498 careant
841 2451 908 2498 uno
921 2428 1070 2498 omnium
1086 2429 1204 2524 eapite,

139 2547 209 2594 cnm
235 2547 306 2620 qno
337 2525 552 2614 conveniant,
592 2520 652 2594 'aut
680 2525 741 2596 sub
768 2549 835 2621 quo
864 2521 1038 2596 concilium
1073 2524 1206 2622 aliquod

139 2622 309 2692 instituant
341 2619 409 2716 (5).
440 2619 517 2691 Non
549 2624 629 2692 item
660 2634 805 2711 coacto,
831 2638 904 2692 tuna
932 2621 1021 2717 quod
1046 2639 1207 2695 sectarum

139 2735 283 2791 auctores
299 2717 444 2816 perditos
465 2743 502 2790 ac
533 2717 672 2790 nefarios
692 2719 789 2791 inisse
816 2717 963 2790 homines
981 2736 1108 2792 constat
1125 2721 1204 2816 (4),

139 2830 205 2887 turn
234 2817 331 2914 quod
361 2839 475 2886 eorum
508 2815 654 2888 doctrina
680 2818 778 2916 plena
815 2814 956 2887 licentiae
991 2841 1028 2886 ac
1055 2821 1208 2888 vitiorum

138 2931 193 2984 ast.
228 2915 311 2986 Non
337 2913 528 3003 ootdols'cu,
558 2929 631 2984 tona
659 2914 750 3012 quod
776 2939 846 2986 non
866 2937 995 3011 semper
1020 2913 1102 3004 tuit,
1131 2939 1207 2986 cuna

138 3009 299 3102 haretici,
325 3027 502 3107 antequam
529 3014 564 3082 in
585 3036 711 3084 errores
733 3011 934 3101 inciderent,
961 3037 1037 3082 cum
1061 3012 1208 3085 Romana

138 3109 269 3182 eeclesia
290 3111 521 3182 communione
536 3111 777 3222 jungerentur,
799 3125 872 3179 tum
895 3109 985 3208 quod
1001 3109 1124 3208 ubique
1140 3133 1208 3181 non

138 3223 201 3295 ast,
245 3233 326 3280 cum
357 3221 608 3304 protestantium
641 3223 758 3298 sectas,
799 3209 825 3277 si
856 3209 1059 3305 conjunctim
1096 3233 1209 3280 omnes

139 3307 358 3403 accipiantur,
388 3329 458 3374 non
486 3330 591 3375 unum
614 3306 699 3395 sint,
730 3304 787 3376 sed
816 3307 903 3375 inter
927 3330 960 3376 se
990 3305 1083 3377 valde
1110 3304 1210 3376 diffe-

139 3419 208 3472 rant
225 3403 308 3498 (5),
326 3405 352 3473 si
369 3401 557 3499 disjunctim
584 3401 740 3495 singalae,
766 3401 903 3474 modicae
924 3401 1074 3498 quosdam
1101 3417 1210 3500 partes
1317 3469 1319 3472 .
1384 3507 1390 3514 ἢ

139 3501 217 3590 sint,
250 3525 328 3597 quae
358 3501 599 3570 universitatem
629 3499 749 3571 habere
780 3525 848 3570 non
873 3509 1010 3596 possunt
1036 3500 1102 3598 (6).
1133 3499 1209 3572 Non

140 3594 275 3668 demum
305 3597 513 3694 apostolico,
540 3622 616 3667 cum
637 3623 746 3694 neque
776 3596 996 3694 apostolorum
1026 3601 1068 3668 sit
1095 3621 1209 3668 eorum

141 3691 309 3784 doctrina,
331 3717 439 3791 neque
460 3695 687 3792 episcoporum
706 3697 860 3766 successio
883 3693 924 3763 ab
945 3695 1095 3791 apostolis
1111 3719 1145 3763 re
1171 3717 1210 3762 e·

142 3805 245 3881 tatur,
278 3817 388 3888 neque
411 3791 583 3886 apostolica
614 3793 656 3862 sit
686 3795 815 3882 missio,
846 3815 922 3862 cum
955 3818 1063 3888 neque
1100 3719 1210 3860 cdii-

142 3913 196 3957 nus
209 3891 382 3986 episcopus
394 3889 513 3976 suerit,
531 3914 639 3986 neque
654 3889 844 3978 Lutherus3
866 3887 943 3960 licet
959 3891 1028 3986 ipsc
1045 3889 1211 3984 episcopos

142 3983 291 4059 ordinare
304 4013 400 4057 ausus
413 3983 511 4056 suerit
525 3984 592 4082 (7).
