3134 5144
849 481 898 494 -
922 438 996 508 aso
1023 479 1072 494 -
1174 463 1192 542 .·

422 593 552 689 quirere
581 593 617 660 in
652 591 771 680 vitam,
809 609 933 676 mores,
974 589 1140 659 edentiam
1181 585 1383 682 singulorum
1416 587 1491 684 (1),

423 705 599 788 antequam
635 687 764 760 ordines
805 689 997 784 suscipiant,
1032 685 1122 784 quod
1157 711 1292 756 examen
1333 689 1391 783 qui
1419 687 1495 758 snb

421 787 612 882 terfugerit,
637 785 864 884 prohibebitur
902 784 993 856 obire
1027 810 1148 856 munus
1176 782 1331 856 ordinum
1360 811 1495 883 snscep-

423 901 546 972 tornm,
572 887 598 956 si
627 883 817 956 ordinandis
834 909 869 955 se
882 882 973 954 clam
994 885 1185 972 inseruerit,
1218 897 1276 952 aut
1300 885 1491 980 episcopum

422 983 586 1080 deceperit
611 983 678 1080 (1).
710 982 801 1068 Quin
835 983 933 1054 etiam
972 983 999 1052 si
1027 985 1100 1078 quis
1136 982 1232 1052 sacris
1267 1006 1302 1050 se
1330 983 1494 1052 miscuerit

420 1080 554 1174 officiis,
589 1108 665 1153 cnm
693 1105 761 1152 non
792 1097 874 1151 esset
909 1079 1078 1152 ordinibus
1107 1081 1274 1168 initiatus,
1304 1103 1396 1176 spem
1433 1106 1493 1149 or-

259 1177 289 1194 *
421 1177 536 1251 diuum
576 1181 705 1252 amittet
738 1182 774 1249 in
809 1195 997 1276 posterum,
1033 1198 1132 1276 utque
1168 1177 1208 1248 ab
1241 1176 1373 1248 ecclesia
1407 1177 1494 1278 abji-

425 1279 540 1350 cietur.
562 1277 631 1376 (5).

459 1573 501 1654 (l)
512 1576 605 1636 Vetus
620 1581 665 1635 est
681 1573 712 1636 in
730 1573 848 1634 ecelesia
871 1573 935 1647 lex,
950 1581 984 1635 nt
1008 1589 1097 1634 nemo
1108 1571 1278 1648 ordinetur,
1290 1573 1347 1634 nisi
1362 1573 1492 1652 primum

419 1657 545 1736 episcopi
565 1655 677 1735 judicio
697 1655 837 1736 probatus
857 1655 947 1717 inerit
968 1673 1036 1718 can.
1063 1657 1096 1731 1,
1127 1657 1146 1716 5
1167 1662 1195 1716 et
1219 1657 1238 1715 6
1259 1653 1331 1716 diet.
1358 1658 1414 1733 11,
1427 1673 1496 1736 qum

421 1740 467 1799 lex
483 1747 675 1800 consentanea
694 1747 738 1798 est
759 1747 904 1817 praecepto
926 1737 1056 1818 Apostoli
1084 1741 1099 1798 1
1127 1735 1169 1798 ad
1186 1734 1306 1798 l'intctit
1333 1739 1360 1800 V
1381 1757 1410 1798 o.
1441 1740 1493 1798 11.

420 1823 535 1882 alianae
558 1819 615 1880 cito
641 1819 757 1880 nemini
773 1819 964 1901 imponeris,
994 1837 1117 1899 eamque
1139 1819 1345 1880 commendant
1369 1821 1420 1884 SS.
1438 1823 1497 1882 Pa-

419 1912 496 1970 tres,
509 1901 672 1981 praesertim
692 1905 723 1963 S.
743 1905 828 1966 ioan.
852 1903 1077 1982 chrysostomus
1091 1898 1203 1962 Hamil.
1221 1903 1260 1963 16
1284 1902 1317 1962 in
1340 1905 1355 1964 l
1374 1899 1416 1962 ad
1444 1904 1497 1965 Ti·

419 1981 511 2046 motlt.
532 1990 594 2052 tom
618 1985 652 2044 11
678 2001 751 2066 pap.
778 1985 850 2044 611.
875 1983 945 2046 edit.
963 1985 1063 2046 Paris.
1090 2001 1170 2044 anno
1194 1985 1286 2059 1751,·
1309 1987 1339 2045 S.
1366 1987 1423 2044 leo
1450 1989 1492 2046 ll.

421 2064 472 2126 116.
494 2067 513 2125 5
530 2065 617 2147 epist.
633 2067 684 2143 11,
701 2074 730 2127 et
744 2063 793 2128 ish.
809 2069 829 2127 1
847 2067 924 2149 epist
935 2069 975 2129 16
997 2063 1051 2128 coi.
1076 2069 1137 2128 660
1155 2074 1184 2126 et
1201 2067 1261 2126 701
1277 2074 1345 2126 tona.
1367 2067 1396 2142 1,
1415 2064 1493 2126 edit.

422 2147 524 2208 Paris.
545 2149 636 2209 1706.
653 2150 749 2226 Atque
768 2149 827 2210 hue
842 2157 951 2228 spectat
973 2149 1162 2210 decretalium
1183 2149 1285 2210 titulus
1297 2145 1496 2210 desenstinic

421 2230 455 2290 in
481 2227 586 2292 ordine
611 2227 764 2313 faciendo,
790 2231 822 2291 in
847 2251 935 2310 quem
970 2229 1114 2292 videndus
1137 2231 1273 2292 Cironius
1296 2229 1328 2290 in
1350 2229 1496 2291 Paratitl.

421 2312 671 2373 Consultissimam
686 2311 762 2374 hauc
782 2313 878 2394 legem
893 2313 1026 2392 probarit
1039 2312 1169 2393 synodus
1182 2312 1357 2375 Tridentino
1370 2330 1440 2374 sesa
1457 2314 1499 2374 15

421 2412 487 2475 cap.
505 2397 523 2456 7
542 2392 577 2455 de
595 2391 733 2477 resona,
755 2413 822 2456 eum
850 2396 967 2470 statuit,
983 2404 1016 2455 ut
1038 2395 1189 2474 episcopus
1210 2394 1409 2456 ordinationes
1434 2395 1500 2456 sae-

421 2485 524 2552 turus,
536 2475 591 2537 sibi
606 2477 694 2536 ctiam
707 2475 824 2538 adscitis
837 2477 940 2554 peritis
952 2477 1034 2552 viris,
1050 2473 1291 2538 ordinandorum
1301 2495 1410 2558 penus,
1465 2497 1500 2536 r-

420 2576 540 2634 aonem,
568 2565 699 2634 oetotent,
741 2557 973 2635 institutionem,
1005 2577 1114 2636 mores,
1150 2557 1317 2620 doctrinam
1349 2567 1378 2620 et
1428 2557 1498 2620 dem

420 2637 578 2722 diii9enter
597 2640 752 2722 inuesliyct
776 2649 805 2701 et
828 2641 986 2702 examinet.
1017 2640 1104 2702 Plura
1127 2641 1215 2701 simul
1238 2640 1341 2702 eadem
1364 2641 1498 2721 synodus

422 2723 539 2784 decreta
560 2721 655 2783 edidit
676 2721 714 2782 de
737 2721 874 2799 scientia,
893 2741 951 2801 qua
977 2722 1095 2784 clericos
1114 2740 1167 2802 pro
1193 2723 1316 2803 singulis
1342 2723 1501 2784 ordinibus

422 2805 561 2883 praeditas
581 2823 644 2865 esse
665 2811 781 2882 oportet
808 2802 1502 2884 ι1.ιιιι.15ια.1,11,15,11.Αιιῃιιιιιι

421 2885 653 2947 ordinandorum
667 2886 726 2946 vita
740 2885 876 2947 omnibus
890 2894 965 2947 esset
979 2825 1143 2966 expiirata,
1161 2896 1245 2948 vetus
1259 2887 1377 2948 ecclesia
1392 2903 1500 2948 eorum

422 2967 541 3027 nomina
558 2986 655 3028 coram
674 2967 752 3028 clerc
776 2975 806 3029 et
824 2969 933 3048 populo
951 2970 1090 3030 nunciare
1107 2971 1273 3046 consuerit,
1303 2969 1346 3028 uti
1364 2978 1447 3048 patet
1463 2989 1503 3030 ex

422 3048 546 3109 concilio
571 3049 797 3112 Chalcedonensi
818 3050 898 3128 apud
912 3051 1082 3114 Gratianum
1106 3069 1174 3112 aaa.
1196 3055 1210 3113 l
1228 3049 1299 3113 diat.
1322 3051 1363 3111 10
1377 3051 1427 3112 ubi
1443 3051 1504 3113 ha-

425 3130 512 3190 betur
534 3129 732 3192 ordinationis
748 3129 907 3212 parilitate
922 3130 1110 3209 υοιιιὸιιὶιιπι,
1134 3151 1169 3194 ex
1192 3137 1221 3194 S.
1248 3135 1393 3212 cypriano
1407 3134 1504 3216 epist.

426 3213 464 3273 55
485 3229 558 3354 ppo.
582 3215 638 3291 17,
655 3209 725 3274 edit.
754 3213 858 3276 Paris.
883 3216 977 3291 1666,
1002 3215 1123 3294 aliisque
1143 3215 1222 3294 apud
1240 3215 1349 3276 llnllier
1362 3213 1399 3276 de
1412 3235 1503 3278 saer.

424 3291 504 3356 elect.
530 3291 568 3354 ib.
587 3299 601 3357 l
619 3313 685 3376 cop.
702 3297 722 3356 1
742 3305 801 3357 art.
818 3299 854 3374 1,
870 3304 900 3357 et
920 3301 1016 3358 Emm.
1033 3297 1171 3360 Gonaales
1192 3295 1233 3358 ad
1248 3297 1293 3358 nt.
1318 3295 1354 3358 rie
1366 3299 1503 3359 semein.

424 3375 458 3436 in
471 3373 569 3436 ordin.
605 3377 699 3438 accen.
716 3377 850 3456 Synodus
864 3379 1038 3440 'l'ridentina
1050 3397 1122 3441 sess.
1145 3381 1183 3440 15
1205 3397 1271 3461 cap.
1290 3377 1358 3440 lide
1369 3377 1506 3460 reforan.

424 3459 540 3534 statarii,
556 3468 590 3520 ut
613 3459 685 3520 «Ad
698 3459 828 3521 minores
840 3460 959 3522 ordines
978 3461 1182 3540 promovendi,
1198 3461 1307 3522 bonum
1320 3480 1336 3522 c
1349 3463 1507 3540 parocho,

424 3549 483 3602 eta
499 3541 638 3621 magistro
655 3541 776 3620 schole,
795 3543 828 3603 in
848 3561 906 3620 qua
929 3543 1108 3620 educantur,
1131 3544 1332 3604 testimonium
1353 3542 1507 3606 habeant.

425 3623 463 3686 lli
487 3639 573 3700 vero,
599 3624 650 3703 qui
671 3625 709 3685 ed
732 3625 862 3704 singulos
882 3625 1006 3703 majores
1030 3633 1117 3686 erunt
1139 3625 1322 3704 assumendi,
1346 3643 1399 3705 per
1415 3645 1512 3690 men·

394 3735 395 3740 1
425 3723 486 3766 sem
511 3712 578 3766 ante
600 3705 815 3768 ordinationem
838 3707 1006 3786 episcopum
1034 3706 1166 3780 'adcant‚
1196 3709 1245 3788 qui
1271 3707 1415 3786 parocho,
1451 3721 1514 3772 ant

425 3786 526 3864 alteri,
558 3787 605 3848 cui
639 3787 731 3868 magis
754 3789 892 3868 expedire
913 3789 1078 3867 videbitur,
1106 3793 1283 3866 committat,
1308 3797 1342 3851 ut
1366 3793 1513 3854 nomini-

425 3870 480 3931 bus
493 3888 526 3930 ac
540 3869 685 3931 desiderio
699 3887 818 3948 eorum,
835 3871 885 3949 qui
900 3871 998 3931 volent
1011 3873 1187 3950 promoveri,
1205 3871 1320 3952 publice
1331 3872 1363 3932 in
1377 3873 1512 3936 scalena

424 3953 594 4032 propositis,
620 3950 657 4012 de
682 3952 813 4030 ipsorum
839 3951 1070 4014 ordinandorum
1096 3955 1255 4029 natalibus,
1282 3963 1384 4030 aetate,
1406 3960 1512 4017 mori·

426 4033 481 4094 bus
498 4043 528 4096 et
545 4037 620 4115 vita,
646 4053 663 4096 a
685 4033 744 4096 lide
766 4033 863 4117 dignis
880 4035 1037 4115 diligenter
1061 4037 1208 4116 inquirat;
1231 4043 1259 4096 et
1280 4035 1393 4097 litteras
1411 4041 1514 4100 testi-
