3122 5178
796 375 992 494 ζει-

365 573 441 633 data.
470 574 575 632 Errant
595 570 685 651 igitur
709 567 873 650 Stephanus
898 567 1031 631 saluatus
1056 565 1088 627 in
1123 564 1220 649 rosas.
1248 563 1289 628 od
1306 563 1425 650 Dialop.

365 653 592 736 A.Aupustin.,
620 670 703 712 oum.
730 655 750 712 b
775 670 844 732 por.
879 651 1032 711 dtom.5
1105 648 1137 710 it.
1166 649 1253 726 Late,
1280 651 1426 712 etNatal.

107 793 110 801 l
365 727 616 798 Alexanderist.
631 727 727 795 eccles.
743 751 809 794 saec.
830 732 915 810 VIII,
932 751 997 812 cop.
1015 734 1029 792 l
1048 740 1106 792 art.
1119 731 1150 804 ‚9-
1173 739 1242 792 tom.
1257 733 1426 813 (ipepll,

137 821 140 828 '
225 825 254 860 ,·
365 817 433 878 edit.
454 820 550 880 Venet.
564 835 614 894 aas.
633 817 723 892 1776,
738 834 805 876 cum
815 815 879 879 bec
891 813 1015 894 capitula
1036 811 1230 894 ingilramno'
1240 813 1427 890 adscribant,
1524 823 1525 874 ξ

364 918 431 960 oum
458 917 526 958 vera
547 897 642 976 operis
662 897 798 976 incriptio
821 915 879 958 non
906 895 1145 976 Angilramnum,
1173 895 1224 955 sed
1249 897 1428 957 Hadrianum

364 989 510 1041 auctorem
525 999 585 1060 prae
595 998 626 1040 se
636 980 721 1041 ierat.
737 983 774 1057 At
784 987 888 1040 neuter
896 997 997 1039 revera
1008 995 1109 1038 eorum
1120 977 1314 1055 capitulorum
1328 987 1430 1039 auctor
1524 979 1525 1056 j

365 1064 432 1138 iuit3
458 1072 487 1122 et
510 1071 589 1122 certe
615 1081 702 1122 verus
722 1079 866 1122 canonum
890 1061 992 1136 codex,
1019 1077 1106 1138 quem
1131 1060 1232 1121 carolo
1256 1063 1296 1121 ll.
1324 1061 1430 1122 obtulit

367 1144 544 1220 Hadrianus,
560 1144 632 1204 nibil
654 1144 741 1205 babet
755 1162 791 1204 ex
803 1142 914 1222 putidis
936 1143 992 1202 illis
1006 1141 1165 1216 mercibus,
1181 1140 1233 1202 sed
1254 1161 1337 1204 veras
1350 1161 1431 1204 com·

365 1227 502 1305 plectitur
515 1227 647 1306 epistolas
660 1243 841 1286 summorum
856 1223 1030 1286 Pontificum
1042 1242 1058 1282 a
1073 1223 1175 1285 siricio
1188 1222 1225 1283 ad
1240 1225 1429 1305 Gregorium,

365 1307 443 1385 quod
466 1310 522 1368 late
547 1309 705 1368 ostendunt
730 1307 875 1370 ballerinii
901 1315 931 1366 et
955 1307 1068 1367 Blascus
1092 1302 1146 1366 loc.
1163 1305 1210 1365 cit.
1228 1306 1261 1366 ld
1276 1325 1368 1368 uuum
1382 1309 1430 1369 ad·
1524 1331 1525 1338 ¹

366 1390 451 1464 dam,
477 1391 555 1468 quod
572 1391 601 1450 in
615 1391 735 1468 antiquo
747 1389 886 1452 Vaticano
903 1387 1001 1448 codice
1024 1405 1108 1447 num.
1130 1389 1227 1463 1558,
1242 1396 1325 1449 vetos
1338 1398 1432 1450 exstat
1524 1403 1525 1434 ³

366 1471 512 1550 exemplar
524 1472 716 1548 collectionis,
737 1471 818 1550 cujus
835 1488 936 1532 revera
960 1469 1123 1530 Hadrianus
1145 1473 1179 1531 P.
1203 1478 1303 1532 auctor
1323 1480 1383 1548 est,
1400 1473 1430 1532 in

366 1571 458 1631 eoque
481 1563 545 1632 post
569 1553 696 1615 indicem
710 1571 827 1627 eorum,
850 1571 916 1632 qum
938 1551 1036 1612 codice
1058 1551 1260 1627 continentur,
1284 1551 1433 1615 habentur
1524 1591 1525 1616 t

366 1636 431 1696 baec
445 1656 453 1694 ε
469 1638 529 1700 Iste
550 1634 640 1696 codes
665 1644 748 1696 estse

799 1633 893 1696 tresde
917 1630 969 1694 illo
991 1629 1155 1698 authentico
1185 1652 1271 1717 quern
1283 1635 1432 1698 Dorainus
1524 1669 1525 1686 2

365 1715 584 1778 Hadrianusd
611 1653 841 1779 arctoasbbdit
853 1713 1063 1798 ploriosissimo
1082 1717 1186 1776 Coroo
1210 1714 1282 1798 Hopi
1300 1719 1432 1780 Franco-
1524 1711 1525 1760 ἶ

366 1809 438 1859 rum'
454 1801 535 1860 etLo
610 1797 769 1872 ardorum,
790 1816 823 1858 ac
848 1796 978 1858 Patricio
1002 1798 1216 1872 Rootonorum,
1240 1797 1360 1880 wando
1370 1796 1433 1881 suit
1524 1855 1525 1860 ,

365 1882 474 1940 Homo.
500 1883 533 1940 ln
557 1881 558 1884 ’
579 1899 611 1940 ac
633 1889 731 1940 autem
751 1879 918 1940 collectione
943 1877 1040 1938 nullus
1062 1879 1181 1941 omnino
1201 1879 1281 1940 locus
1295 1887 1339 1941 est
1353 1881 1432 1943 iulsis
1524 1913 1525 1924 ι

366 1961 469 2024 lsidori
484 1962 644 2034 mercibus,
659 1961 711 2022 sed
724 1961 868 2040 quidquid
890 1979 924 2021 ea
946 1960 1111 2022 continetur
1126 1979 1162 2020 ex
1174 1962 1251 2021 veris
1268 1964 1433 2042 germanis-
1524 1969 1525 1972 ’

338 2095 343 2102 .
366 2061 424 2122 que
446 2043 577 2103 lontibus
600 2043 786 2122 desumptum
812 2050 866 2106 est.
890 2042 976 2104 lnitio
993 2042 1199 2104 describuntur
1223 2062 1363 2122 canones,
1379 2045 1436 2130 qui

366 2125 506 2186 dicemur
531 2127 585 2186 SS.
611 2122 818 2208 Apostolorum
840 2123 956 2206 [quibus
976 2125 1074 2186 verbis
1098 2123 1225 2186 ostendit
1248 2126 1432 2206 Hadrianus,

366 2205 438 2286 quid
459 2207 521 2286 ipse
535 2205 573 2267 de
595 2205 642 2269 his
659 2207 818 2268 canonibus
839 2205 970 2289 sentiat),
986 2214 1084 2284 postca
1111 2205 1231 2267 concilia
1255 2209 1432 2290 orientalia,
1524 2209 1525 2284 l

366 2289 521 2366 Africano,
545 2289 703 2367 Gallicana,
729 2290 900 2368 Hispanico,
918 2299 1063 2369 postremo
1083 2287 1253 2349 reseruntur
1274 2289 1434 2356 decretales
1524 2285 1525 2306 ³

366 2370 483 2448 Siricii,
507 2372 686 2450 Innocentii,
704 2371 831 2448 Zosimi,
846 2371 1003 2449 Boniiacii,
1024 2369 1189 2449 Caelestini,
1210 2370 1340 2450 itemque
1364 2391 1434 2453 pars

366 2452 482 2512 illarum
499 2451 706 2529 decretalium,
721 2471 787 2532 quaa
808 2473 825 2514 a
845 2457 940 2517 Leone
957 2459 997 2518 ll.
1014 2453 1101 2514 cditoe
1123 2461 1203 2514 sunt.
1225 2456 1300 2516 Vera
1314 2453 1377 2516 hac
1390 2465 1434 2520 est
1524 2459 1525 2534 l

367 2533 512 2596 Hadriana
537 2535 680 2612 collecti03
695 2552 755 2595 non
775 2553 824 2614 ea,
850 2555 916 2615 quae
939 2539 1046 2598 multos
1069 2541 1134 2614 post
1153 2553 1244 2597 annos
1267 2536 1371 2598 Isidori
1386 2541 1435 2602 in·
1524 2537 1525 2584 i

365 2615 452 2696 genio
464 2617 622 2697 excogitata
642 2618 674 2678 in
688 2615 783 2678 lucem
796 2619 887 2679 venit.
903 2621 998 2698 Atque
1018 2616 1074 2677 boc
1090 2617 1211 2695 quidem
1228 2617 1291 2677 loco
1306 2623 1436 2684 notanda
1524 2629 1525 2672 ι

365 2705 409 2758 eet
445 2698 619 2762 confidentia
650 2701 781 2778 Espenii,
805 2701 856 2779 qui
884 2701 959 2762 nihil
992 2699 1118 2774 omittit,
1146 2706 1179 2758 ut
1207 2715 1293 2760 suum
1320 2704 1436 2781 expleat

365 2779 477 2856 odium,
502 2799 559 2861 quo
579 2781 674 2844 fertur
698 2781 730 2842 in
752 2781 851 2844 sedem
873 2783 1080 2863 Apostolicam,
1096 2787 1126 2840 et
1147 2780 1213 2841 ideo
1237 2781 1274 2842 de
1288 2780 1335 2844 his
1353 2787 1436 2866 capi·
1524 2781 1525 2806 ³

367 2862 437 2923 tulis
449 2865 545 2942 inquit
559 2865 589 2925 in
605 2868 716 2926 comm
729 2863 762 2925 ia
773 2883 839 2925 aaa.
864 2873 892 2924 et
913 2864 973 2926 dee.
981 2865 1049 2948 jur.
1064 2871 1153 2923 ceter.
1176 2879 1211 2922 oe
1225 2881 1293 2925 ooo.
1301 2909 1312 2940 ,
1328 2883 1399 2948 par.
1416 2869 1435 2931 5
1524 2871 1525 2948 ἕ

367 2954 434 3005 sect.
450 2965 484 3006 aa
497 2944 614 3008 dissert.
630 2948 665 3022 2,
690 2945 769 3022 quod
784 2963 838 3022 ea,
862 2947 886 3005 si
900 2946 937 3007 ab
961 2947 1108 3009 Hadriano
1120 2963 1179 3006 non
1192 2946 1342 3026 coniecta,
1363 2965 1436 3028 pro-
1524 2975 1525 3028 ,

367 3025 433 3086 bata
455 3026 557 3088 saltem
580 3035 663 3103 sunt,
682 3034 716 3086 ut
736 3045 809 3088 nova
837 3025 907 3088 inde
924 3029 991 3108 jura
1012 3026 1134 3091 Romani
1158 3027 1312 3088 Pontifices
1331 3048 1436 3094 conse-

367 3117 538 3186 querentur.
554 3109 584 3170 Si
609 3127 643 3170 ea
662 3107 782 3187 probata
798 3107 944 3172 Hadriano
965 3118 1050 3186 sunt,
1066 3127 1118 3170 cur
1131 3107 1233 3169 eadem
1257 3128 1352 3187 neque
1371 3113 1437 3193 ipse
1524 3131 1525 3180 1

369 3189 547 3266 Hadrianus,
573 3207 668 3270 neque
687 3193 776 3251 ceteri
798 3190 970 3268 Pontifices,
991 3193 1041 3272 qui
1062 3209 1130 3252 eum
1153 3194 1323 3268 consequuti
1347 3203 1434 3274 sunt,
1524 3235 1525 3268 ,

369 3289 421 3351 per
434 3273 490 3332 tria
512 3289 586 3351 pene
609 3271 712 3333 secula
725 3273 901 3334 laudarunt?
915 3276 1030 3336 Primus
1043 3274 1121 3334 eninr
1135 3290 1266 3346 summus
1281 3275 1434 3354 Pontifex,

369 3353 419 3431 qui
433 3371 466 3413 ea
480 3354 604 3433 capitula
625 3353 757 3416 laudasse
778 3355 913 3432 videtur,
936 3357 992 3418 luit
1006 3360 1062 3418 beo
1077 3357 1133 3430 lll,
1150 3355 1200 3431 qui
1218 3355 1315 3416 medio
1329 3359 1437 3420 sacculo
1524 3379 1525 3406 ι

369 3439 410 3497 Xl
424 3435 513 3496 vitam
528 3436 712 3510 traducebat,
727 3438 868 3498 nimirum
883 3447 1033 3517 postquam
1048 3456 1081 3498 ea
1094 3435 1278 3497 surchardus
1293 3439 1435 3502 Hadriani
1524 3473 1525 3518 3

369 3517 486 3577 nomine
521 3519 552 3577 in
575 3537 626 3578 sua
650 3517 820 3580 collectione
857 3519 1057 3600 descripserat.
1093 3521 1205 3580 Verum
1226 3521 1322 3580 omnis
1356 3539 1437 3582 nunc
1524 3523 1525 3576 l

369 3617 402 3659 ea
415 3598 452 3658 de
464 3617 497 3659 re
513 3617 608 3660 sermo
628 3601 799 3664 conticescat
820 3620 935 3664 necesse
957 3611 1014 3678 est,
1032 3617 1098 3662 cum
1113 3607 1242 3676 constet,
1256 3619 1289 3662 ea
1310 3603 1437 3683 capitula

369 3687 433 3760 post
447 3681 586 3742 Hadriani
603 3681 715 3742 obitum
730 3685 817 3744 luisse
831 3685 951 3746 conficta
965 3683 1002 3746 ab
1015 3691 1133 3745 auctore
1148 3681 1352 3762 decretalium,
1368 3704 1437 3765 quae

370 3763 472 3825 isidori
487 3763 655 3824 collectione
665 3765 963 3844 comprehenduntur.

417 3891 447 3993 ς.
487 3891 610 3966 LXVI.
648 3893 761 3966 Isidori
797 3893 943 3968 collectio
983 3899 1101 3968 sensim
1151 3911 1184 3967 et
1232 3893 1438 3994 pedetentim
1524 3883 1525 3950 l

371 4017 466 4062 usum
502 4009 601 4090 atque
638 3995 863 4066 auctoritatem
899 3994 1018 4067 habere
1055 3996 1154 4092 coepit
1200 4019 1275 4066 cum
1311 3996 1347 4064 in
1391 3993 1438 4064 il-

1387 4123 1394 4142 l.
