<?xml version="1.0" encoding="UTF-8"?>
<!DOCTYPE html PUBLIC "-//W3C//DTD XHTML 1.0 Transitional//EN"
    "http://www.w3.org/TR/xhtml1/DTD/xhtml1-transitional.dtd">
<html xmlns="http://www.w3.org/1999/xhtml" xml:lang="en" lang="en">
 <head>
  <title>
</title>
<meta http-equiv="Content-Type" content="text/html;charset=utf-8" />
  <meta name='ocr-system' content='tesseract 3.04.00' />
  <meta name='ocr-capabilities' content='ocr_page ocr_carea ocr_par ocr_line ocrx_word'/>
</head>
<body>
  <div class='ocr_page' id='page_1' title='image "./institutionumca00devogoog_0088.png"; bbox 0 0 3122 5178; ppageno 0'>
   <div class='ocr_carea' id='block_1_1' title="bbox 516 409 794 481">
    <p class='ocr_par' dir='ltr' id='par_1_1' title="bbox 516 409 794 481">
     <span class='ocr_line' id='line_1_1' title="bbox 516 409 794 481; baseline 0 0"><span class='ocrx_word' id='word_1_1' title='bbox 516 409 711 481; x_wconf 80' lang='lat'>-85-</span> <span class='ocrx_word' id='word_1_2' title='bbox 792 412 794 420; x_wconf 87' lang='lat'>&#39;</span> 
     </span>
    </p>
   </div>
   <div class='ocr_carea' id='block_1_2' title="bbox 99 555 1138 658">
    <p class='ocr_par' dir='ltr' id='par_1_2' title="bbox 99 555 1138 658">
     <span class='ocr_line' id='line_1_2' title="bbox 99 555 1138 658; baseline 0.005 -30"><span class='ocrx_word' id='word_1_3' title='bbox 99 555 314 658; x_wconf 84' lang='lat' dir='ltr'><strong>apostolorum,</strong></span> <span class='ocrx_word' id='word_1_4' title='bbox 353 557 489 630; x_wconf 81' lang='lat' dir='ltr'><strong>decretis</strong></span> <span class='ocrx_word' id='word_1_5' title='bbox 521 559 730 630; x_wconf 89' lang='lat' dir='ltr'><strong>conciliorum</strong></span> <span class='ocrx_word' id='word_1_6' title='bbox 763 557 803 630; x_wconf 82' lang='lat' dir='ltr'><strong>ab</strong></span> <span class='ocrx_word' id='word_1_7' title='bbox 836 555 1041 631; x_wconf 79' lang='lat' dir='ltr'><strong>Antiocheno</strong></span> <span class='ocrx_word' id='word_1_8' title='bbox 1080 587 1138 633; x_wconf 87' lang='lat' dir='ltr'><strong>us·-</strong></span> 
     </span>
    </p>
   </div>
   <div class='ocr_carea' id='block_1_3' title="bbox 99 653 1267 852">
    <p class='ocr_par' dir='ltr' id='par_1_3' title="bbox 99 653 1273 852">
     <span class='ocr_line' id='line_1_3' title="bbox 99 653 1267 754; baseline -0.005 -26"><span class='ocrx_word' id='word_1_9' title='bbox 99 683 149 754; x_wconf 87' lang='lat' dir='ltr'><strong>quc</strong></span> <span class='ocrx_word' id='word_1_10' title='bbox 173 658 211 727; x_wconf 88' lang='lat' dir='ltr'><strong>sd</strong></span> <span class='ocrx_word' id='word_1_11' title='bbox 235 659 448 728; x_wconf 77' lang='lat' dir='ltr'><strong>lateranense</strong></span> <span class='ocrx_word' id='word_1_12' title='bbox 478 655 546 747; x_wconf 84' lang='lat' dir='ltr'><strong>lV,</strong></span> <span class='ocrx_word' id='word_1_13' title='bbox 574 657 716 754; x_wconf 87' lang='lat' dir='ltr'><strong>denique</strong></span> <span class='ocrx_word' id='word_1_14' title='bbox 738 653 788 738; x_wconf 72' lang='lat' dir='ltr'><strong>,ex&#39;</strong></span> <span class='ocrx_word' id='word_1_15' title='bbox 810 655 944 727; x_wconf 84' lang='lat' dir='ltr'><strong>Petrum</strong></span> <span class='ocrx_word' id='word_1_16' title='bbox 976 653 1136 730; x_wconf 84' lang='lat' dir='ltr'><strong>aliorum-</strong></span> <span class='ocrx_word' id='word_1_17' title='bbox 1262 713 1267 722; x_wconf 92' lang='lat'><em>.</em></span> 
     </span>
     <span class='ocr_line' id='line_1_4' title="bbox 99 751 1136 852; baseline -0.001 -26"><span class='ocrx_word' id='word_1_18' title='bbox 99 781 148 852; x_wconf 84' lang='lat' dir='ltr'><strong>qne</strong></span> <span class='ocrx_word' id='word_1_19' title='bbox 166 771 328 828; x_wconf 89' lang='lat' dir='ltr'><strong>anctorum</strong></span> <span class='ocrx_word' id='word_1_20' title='bbox 366 755 528 852; x_wconf 90' lang='lat' dir='ltr'><strong>operibus.</strong></span> <span class='ocrx_word' id='word_1_21' title='bbox 560 756 608 826; x_wconf 83' lang='lat' dir='ltr'><strong>Ex</strong></span> <span class='ocrx_word' id='word_1_22' title='bbox 641 781 706 852; x_wconf 81' lang='lat' dir='ltr'><strong>quo</strong></span> <span class='ocrx_word' id='word_1_23' title='bbox 734 751 882 826; x_wconf 84' lang='lat' dir='ltr'><strong>conficiet</strong></span> <span class='ocrx_word' id='word_1_24' title='bbox 919 755 1050 827; x_wconf 74' lang='lat' dir='ltr'><strong>fortasse</strong></span> <span class='ocrx_word' id='word_1_25' title='bbox 1074 755 1136 826; x_wconf 88' lang='lat' dir='ltr'><strong>ali-</strong></span> 
     </span>
    </p>
   </div>
   <div class='ocr_carea' id='block_1_4' title="bbox 98 849 1135 1638">
    <p class='ocr_par' dir='ltr' id='par_1_4' title="bbox 98 849 1135 1638">
     <span class='ocr_line' id='line_1_5' title="bbox 98 849 1134 952; baseline 0.005 -31"><span class='ocrx_word' id='word_1_26' title='bbox 98 857 154 948; x_wconf 86' lang='lat' dir='ltr'><strong>quis</strong></span> <span class='ocrx_word' id='word_1_27' title='bbox 185 853 259 924; x_wconf 91' lang='lat' dir='ltr'><strong>huic</strong></span> <span class='ocrx_word' id='word_1_28' title='bbox 300 849 484 924; x_wconf 67' lang='lat' dir='ltr'><strong>collectioni</strong></span> <span class='ocrx_word' id='word_1_29' title='bbox 522 856 628 924; x_wconf 88' lang='lat' dir='ltr'><strong>minus</strong></span> <span class='ocrx_word' id='word_1_30' title='bbox 671 869 758 924; x_wconf 87' lang='lat' dir='ltr'><strong>recte</strong></span> <span class='ocrx_word' id='word_1_31' title='bbox 799 851 997 952; x_wconf 82' lang='lat' dir='ltr'><strong>adscriptum</strong></span> <span class='ocrx_word' id='word_1_32' title='bbox 1038 853 1134 926; x_wconf 87' lang='lat' dir='ltr'><strong>luisse</strong></span> 
     </span>
     <span class='ocr_line' id='line_1_6' title="bbox 98 950 1135 1044; baseline 0.003 -24"><span class='ocrx_word' id='word_1_33' title='bbox 98 976 197 1022; x_wconf 89' lang='lat' dir='ltr'><strong>nomen</strong></span> <span class='ocrx_word' id='word_1_34' title='bbox 221 953 470 1039; x_wconf 70' lang='lat' dir='ltr'><strong>decretalium,</strong></span> <span class='ocrx_word' id='word_1_35' title='bbox 498 977 574 1021; x_wconf 88' lang='lat' dir='ltr'><strong>cum</strong></span> <span class='ocrx_word' id='word_1_36' title='bbox 603 955 638 1022; x_wconf 95' lang='lat' dir='ltr'><strong>in</strong></span> <span class='ocrx_word' id='word_1_37' title='bbox 665 977 703 1021; x_wconf 90' lang='lat' dir='ltr'><strong>ea</strong></span> <span class='ocrx_word' id='word_1_38' title='bbox 723 975 797 1044; x_wconf 80' lang='lat' dir='ltr'><strong>¹non</strong></span> <span class='ocrx_word' id='word_1_39' title='bbox 824 965 951 1022; x_wconf 88' lang='lat' dir='ltr'><strong>tontum</strong></span> <span class='ocrx_word' id='word_1_40' title='bbox 990 950 1135 1024; x_wconf 86' lang='lat' dir='ltr'><strong>Pontili·</strong></span> 
     </span>
     <span class='ocr_line' id='line_1_7' title="bbox 98 1046 1130 1146; baseline 0.005 -31"><span class='ocrx_word' id='word_1_41' title='bbox 98 1050 144 1120; x_wconf 83' lang='lat' dir='ltr'><strong>ciae</strong></span> <span class='ocrx_word' id='word_1_42' title='bbox 183 1051 443 1139; x_wconf 72' lang='lat' dir='ltr'><strong>constitutiones,</strong></span> <span class='ocrx_word' id='word_1_43' title='bbox 485 1047 542 1119; x_wconf 89' lang='lat' dir='ltr'><strong>sed</strong></span> <span class='ocrx_word' id='word_1_44' title='bbox 574 1065 608 1122; x_wconf 90' lang='lat' dir='ltr'><strong>et</strong></span> <span class='ocrx_word' id='word_1_45' title='bbox 644 1046 705 1120; x_wconf 86' lang='lat' dir='ltr'><strong>alia</strong></span> <span class='ocrx_word' id='word_1_46' title='bbox 740 1049 902 1146; x_wconf 84' lang='lat' dir='ltr'><strong>permulta</strong></span> <span class='ocrx_word' id='word_1_47' title='bbox 920 1047 1130 1121; x_wconf 68' lang='lat' dir='ltr'><strong>&#39;reserantur</strong></span> 
     </span>
     <span class='ocr_line' id='line_1_8' title="bbox 100 1143 1135 1246; baseline 0.005 -33"><span class='ocrx_word' id='word_1_48' title='bbox 100 1143 199 1216; x_wconf 79' lang='lat' dir='ltr'><strong>lerum</strong></span> <span class='ocrx_word' id='word_1_49' title='bbox 224 1174 299 1218; x_wconf 92' lang='lat' dir='ltr'><strong>cum</strong></span> <span class='ocrx_word' id='word_1_50' title='bbox 324 1149 462 1218; x_wconf 81' lang='lat' dir='ltr'><strong>maxima</strong></span> <span class='ocrx_word' id='word_1_51' title='bbox 488 1173 561 1244; x_wconf 91' lang='lat' dir='ltr'><strong>pars</strong></span> <span class='ocrx_word' id='word_1_52' title='bbox 594 1147 739 1246; x_wconf 89' lang='lat' dir='ltr'><strong>ejusdem</strong></span> <span class='ocrx_word' id='word_1_53' title='bbox 771 1146 969 1220; x_wconf 82' lang='lat' dir='ltr'><strong>collectionis</strong></span> <span class='ocrx_word' id='word_1_54' title='bbox 997 1147 1135 1220; x_wconf 86' lang='lat' dir='ltr'><strong>conflata</strong></span> 
     </span>
     <span class='ocr_line' id='line_1_9' title="bbox 99 1243 1135 1344; baseline 0.007 -33"><span class='ocrx_word' id='word_1_55' title='bbox 99 1246 130 1312; x_wconf 88' lang='lat' dir='ltr'><strong>sit</strong></span> <span class='ocrx_word' id='word_1_56' title='bbox 149 1270 183 1314; x_wconf 85' lang='lat' dir='ltr'><strong>cx</strong></span> <span class='ocrx_word' id='word_1_57' title='bbox 217 1243 415 1316; x_wconf 84' lang='lat' dir='ltr'><strong>Pontificum</strong></span> <span class='ocrx_word' id='word_1_58' title='bbox 447 1244 679 1336; x_wconf 85' lang='lat' dir='ltr'><strong>decretalibus,</strong></span> <span class='ocrx_word' id='word_1_59' title='bbox 709 1245 825 1316; x_wconf 88' lang='lat' dir='ltr'><strong>additis</strong></span> <span class='ocrx_word' id='word_1_60' title='bbox 859 1262 1014 1344; x_wconf 72' lang='lat' dir='ltr'><strong>praeterea</strong></span> <span class='ocrx_word' id='word_1_61' title='bbox 1042 1271 1135 1318; x_wconf 87' lang='lat' dir='ltr'><strong>cano·</strong></span> 
     </span>
     <span class='ocr_line' id='line_1_10' title="bbox 99 1341 1134 1438; baseline 0.001 -27"><span class='ocrx_word' id='word_1_62' title='bbox 99 1341 178 1412; x_wconf 88' lang='lat' dir='ltr'><strong>nibus</strong></span> <span class='ocrx_word' id='word_1_63' title='bbox 196 1341 391 1438; x_wconf 78' lang='lat' dir='ltr'><strong>generalium</strong></span> <span class='ocrx_word' id='word_1_64' title='bbox 414 1342 624 1416; x_wconf 90' lang='lat' dir='ltr'><strong>conciliorum</strong></span> <span class='ocrx_word' id='word_1_65' title='bbox 645 1343 905 1414; x_wconf 72' lang='lat' dir='ltr'><strong>lateranensium</strong></span> <span class='ocrx_word' id='word_1_66' title='bbox 931 1343 978 1413; x_wconf 93' lang='lat' dir='ltr'><strong>lll</strong></span> <span class='ocrx_word' id='word_1_67' title='bbox 1001 1355 1035 1415; x_wconf 88' lang='lat' dir='ltr'><strong>ct</strong></span> <span class='ocrx_word' id='word_1_68' title='bbox 1066 1343 1134 1433; x_wconf 83' lang='lat' dir='ltr'><strong>IV,</strong></span> 
     </span>
     <span class='ocr_line' id='line_1_11' title="bbox 101 1429 1134 1533; baseline 0.003 -24"><span class='ocrx_word' id='word_1_69' title='bbox 101 1465 220 1533; x_wconf 87' lang='lat' dir='ltr'><strong>quorum</strong></span> <span class='ocrx_word' id='word_1_70' title='bbox 238 1457 380 1513; x_wconf 81' lang='lat' dir='ltr'><strong>auctores</strong></span> <span class='ocrx_word' id='word_1_71' title='bbox 404 1429 584 1513; x_wconf 77' lang='lat' dir='ltr'><strong>Alexander</strong></span> <span class='ocrx_word' id='word_1_72' title='bbox 605 1457 638 1513; x_wconf 92' lang='lat' dir='ltr'><strong>et</strong></span> <span class='ocrx_word' id='word_1_73' title='bbox 665 1441 871 1512; x_wconf 83' lang='lat' dir='ltr'><strong>Innocentius</strong></span> <span class='ocrx_word' id='word_1_74' title='bbox 886 1440 954 1531; x_wconf 92' lang='lat' dir='ltr'><strong>lll,</strong></span> <span class='ocrx_word' id='word_1_75' title='bbox 971 1441 1064 1512; x_wconf 82' lang='lat' dir='ltr'><strong>facile</strong></span> <span class='ocrx_word' id='word_1_76' title='bbox 1079 1443 1134 1512; x_wconf 94' lang='lat' dir='ltr'><strong>in-</strong></span> 
     </span>
     <span class='ocr_line' id='line_1_12' title="bbox 103 1536 1131 1638; baseline 0.002 -34"><span class='ocrx_word' id='word_1_77' title='bbox 103 1536 358 1636; x_wconf 71' lang='lat' dir='ltr'><strong>telligitur,quam</strong></span> <span class='ocrx_word' id='word_1_78' title='bbox 377 1555 452 1638; x_wconf 88' lang='lat' dir='ltr'><strong>apte</strong></span> <span class='ocrx_word' id='word_1_79' title='bbox 476 1542 510 1610; x_wconf 92' lang='lat' dir='ltr'><strong>in</strong></span> <span class='ocrx_word' id='word_1_80' title='bbox 533 1565 605 1612; x_wconf 90' lang='lat' dir='ltr'><strong>eam</strong></span> <span class='ocrx_word' id='word_1_81' title='bbox 618 1539 756 1637; x_wconf 82' lang='lat' dir='ltr'><strong>quadret</strong></span> <span class='ocrx_word' id='word_1_82' title='bbox 771 1537 979 1609; x_wconf 75' lang='lat' dir='ltr'><strong>decretalium</strong></span> <span class='ocrx_word' id='word_1_83' title='bbox 998 1563 1131 1610; x_wconf 89' lang='lat' dir='ltr'><strong>nomen.</strong></span> 
     </span>
    </p>
   </div>
   <div class='ocr_carea' id='block_1_5' title="bbox 104 1691 1135 1992">
    <p class='ocr_par' dir='ltr' id='par_1_5' title="bbox 104 1691 1135 1992">
     <span class='ocr_line' id='line_1_13' title="bbox 145 1691 1134 1793; baseline 0.004 -29"><span class='ocrx_word' id='word_1_84' title='bbox 145 1691 172 1791; x_wconf 65' lang='lat' dir='ltr'><strong>S.</strong></span> <span class='ocrx_word' id='word_1_85' title='bbox 196 1694 390 1772; x_wconf 76' lang='lat' dir='ltr'><strong>Lxxxvll.</strong></span> <span class='ocrx_word' id='word_1_86' title='bbox 418 1697 580 1770; x_wconf 83' lang='lat' dir='ltr'><strong>Dividitur</strong></span> <span class='ocrx_word' id='word_1_87' title='bbox 605 1696 801 1793; x_wconf 87' lang='lat' dir='ltr'><strong>Gregoriana</strong></span> <span class='ocrx_word' id='word_1_88' title='bbox 817 1695 964 1768; x_wconf 87' lang='lat' dir='ltr'><strong>collectio</strong></span> <span class='ocrx_word' id='word_1_89' title='bbox 977 1698 1012 1766; x_wconf 95' lang='lat' dir='ltr'><strong>in</strong></span> <span class='ocrx_word' id='word_1_90' title='bbox 1032 1697 1134 1793; x_wconf 93' lang='lat' dir='ltr'><strong>quin·</strong></span> 
     </span>
     <span class='ocr_line' id='line_1_14' title="bbox 106 1790 1135 1894; baseline 0.003 -31"><span class='ocrx_word' id='word_1_91' title='bbox 106 1817 161 1886; x_wconf 84' lang='lat' dir='ltr'><strong>que</strong></span> <span class='ocrx_word' id='word_1_92' title='bbox 183 1790 281 1887; x_wconf 82' lang='lat' dir='ltr'><strong>libros,</strong></span> <span class='ocrx_word' id='word_1_93' title='bbox 305 1823 446 1894; x_wconf 88' lang='lat' dir='ltr'><strong>quorum</strong></span> <span class='ocrx_word' id='word_1_94' title='bbox 479 1795 648 1886; x_wconf 78' lang='lat' dir='ltr'><strong>ordinem,</strong></span> <span class='ocrx_word' id='word_1_95' title='bbox 679 1811 713 1866; x_wconf 90' lang='lat' dir='ltr'><strong>et</strong></span> <span class='ocrx_word' id='word_1_96' title='bbox 744 1819 794 1866; x_wconf 90' lang='lat' dir='ltr'><strong>res</strong></span> <span class='ocrx_word' id='word_1_97' title='bbox 819 1794 861 1866; x_wconf 90' lang='lat' dir='ltr'><strong>de</strong></span> <span class='ocrx_word' id='word_1_98' title='bbox 890 1793 1007 1892; x_wconf 87' lang='lat' dir='ltr'><strong>quibus</strong></span> <span class='ocrx_word' id='word_1_99' title='bbox 1030 1797 1135 1890; x_wconf 84' lang='lat' dir='ltr'><strong>agitur</strong></span> 
     </span>
     <span class='ocr_line' id='line_1_15' title="bbox 104 1891 891 1992; baseline 0.004 -32"><span class='ocrx_word' id='word_1_100' title='bbox 104 1891 130 1960; x_wconf 84' lang='lat' dir='ltr'><strong>in</strong></span> <span class='ocrx_word' id='word_1_101' title='bbox 145 1895 314 1992; x_wconf 81' lang='lat' dir='ltr'><strong>uniquoque</strong></span> <span class='ocrx_word' id='word_1_102' title='bbox 327 1921 461 1986; x_wconf 88' lang='lat' dir='ltr'><strong>corum,</strong></span> <span class='ocrx_word' id='word_1_103' title='bbox 480 1894 608 1966; x_wconf 86' lang='lat' dir='ltr'><strong>exhibet</strong></span> <span class='ocrx_word' id='word_1_104' title='bbox 625 1894 677 1966; x_wconf 89' lang='lat' dir='ltr'><strong>hic</strong></span> <span class='ocrx_word' id='word_1_105' title='bbox 691 1891 865 1965; x_wconf 81' lang='lat' dir='ltr'><strong>versiculus</strong></span> <span class='ocrx_word' id='word_1_106' title='bbox 883 1917 891 1963; x_wconf 74' lang='grc' dir='ltr'><strong>ε</strong></span> 
     </span>
    </p>
   </div>
   <div class='ocr_carea' id='block_1_6' title="bbox 136 2053 1033 2146">
    <p class='ocr_par' dir='ltr' id='par_1_6' title="bbox 136 2053 1033 2146">
     <span class='ocr_line' id='line_1_16' title="bbox 136 2053 1033 2146; baseline -0.004 -20"><span class='ocrx_word' id='word_1_107' title='bbox 136 2055 257 2146; x_wconf 76' lang='lat' dir='ltr'><strong>Judcc,</strong></span> <span class='ocrx_word' id='word_1_108' title='bbox 273 2059 486 2145; x_wconf 78' lang='lat' dir='ltr'><strong>Iudicium,</strong></span> <span class='ocrx_word' id='word_1_109' title='bbox 502 2057 641 2144; x_wconf 67' lang='lat' dir='ltr'><strong>Clausa,</strong></span> <span class='ocrx_word' id='word_1_110' title='bbox 659 2055 862 2141; x_wconf 74' lang='grc' dir='ltr'><strong>θοππηὸἱα,</strong></span> <span class='ocrx_word' id='word_1_111' title='bbox 877 2053 1033 2126; x_wconf 64' lang='lat' dir='ltr'><strong>&amp;anteo</strong></span> 
     </span>
    </p>
   </div>
   <div class='ocr_carea' id='block_1_7' title="bbox 98 2211 1137 2704">
    <p class='ocr_par' dir='ltr' id='par_1_7' title="bbox 98 2211 1137 2704">
     <span class='ocr_line' id='line_1_17' title="bbox 137 2211 1132 2314; baseline -0.001 -30"><span class='ocrx_word' id='word_1_112' title='bbox 137 2214 213 2286; x_wconf 89' lang='lat' dir='ltr'><strong>Libri</strong></span> <span class='ocrx_word' id='word_1_113' title='bbox 245 2233 356 2290; x_wconf 85' lang='lat' dir='ltr'><strong>autem</strong></span> <span class='ocrx_word' id='word_1_114' title='bbox 395 2216 487 2288; x_wconf 84' lang='lat' dir='ltr'><strong>dirisi</strong></span> <span class='ocrx_word' id='word_1_115' title='bbox 518 2233 595 2288; x_wconf 87' lang='lat' dir='ltr'><strong>sunt</strong></span> <span class='ocrx_word' id='word_1_116' title='bbox 627 2219 662 2287; x_wconf 93' lang='lat' dir='ltr'><strong>in</strong></span> <span class='ocrx_word' id='word_1_117' title='bbox 693 2214 801 2314; x_wconf 89' lang='lat' dir='ltr'><strong>plures</strong></span> <span class='ocrx_word' id='word_1_118' title='bbox 834 2211 963 2303; x_wconf 87' lang='lat' dir='ltr'><strong>titulos,</strong></span> <span class='ocrx_word' id='word_1_119' title='bbox 993 2239 1132 2312; x_wconf 89' lang='lat' dir='ltr'><strong>quorum</strong></span> 
     </span>
     <span class='ocr_line' id='line_1_18' title="bbox 99 2311 1134 2412; baseline 0.002 -32"><span class='ocrx_word' id='word_1_120' title='bbox 99 2313 194 2408; x_wconf 83' lang='lat' dir='ltr'><strong>singuli</strong></span> <span class='ocrx_word' id='word_1_121' title='bbox 230 2319 324 2412; x_wconf 88' lang='lat' dir='ltr'><strong>plura</strong></span> <span class='ocrx_word' id='word_1_122' title='bbox 367 2319 470 2412; x_wconf 86' lang='lat' dir='ltr'><strong>capita</strong></span> <span class='ocrx_word' id='word_1_123' title='bbox 510 2319 680 2386; x_wconf 85' lang='lat' dir='ltr'><strong>continent</strong></span> <span class='ocrx_word' id='word_1_124' title='bbox 732 2329 766 2383; x_wconf 88' lang='lat' dir='ltr'><strong>et</strong></span> <span class='ocrx_word' id='word_1_125' title='bbox 806 2314 911 2410; x_wconf 87' lang='lat' dir='ltr'><strong>capita</strong></span> <span class='ocrx_word' id='word_1_126' title='bbox 950 2335 1026 2382; x_wconf 90' lang='lat' dir='ltr'><strong>cum</strong></span> <span class='ocrx_word' id='word_1_127' title='bbox 1064 2311 1134 2382; x_wconf 93' lang='lat' dir='ltr'><strong>lon·</strong></span> 
     </span>
     <span class='ocr_line' id='line_1_19' title="bbox 98 2409 1135 2514; baseline -0.002 -34"><span class='ocrx_word' id='word_1_128' title='bbox 98 2411 168 2502; x_wconf 81' lang='lat' dir='ltr'><strong>giora</strong></span> <span class='ocrx_word' id='word_1_129' title='bbox 187 2431 283 2504; x_wconf 86' lang='lat' dir='ltr'><strong>sunt,</strong></span> <span class='ocrx_word' id='word_1_130' title='bbox 308 2417 342 2486; x_wconf 93' lang='lat' dir='ltr'><strong>in</strong></span> <span class='ocrx_word' id='word_1_131' title='bbox 368 2413 584 2514; x_wconf 81' lang='lat' dir='ltr'><strong>paragraphos</strong></span> <span class='ocrx_word' id='word_1_132' title='bbox 611 2411 814 2482; x_wconf 88' lang='lat' dir='ltr'><strong>tribuuntur.</strong></span> <span class='ocrx_word' id='word_1_133' title='bbox 856 2409 901 2482; x_wconf 84' lang='lat' dir='ltr'><strong>Ex</strong></span> <span class='ocrx_word' id='word_1_134' title='bbox 933 2409 983 2479; x_wconf 90' lang='lat' dir='ltr'><strong>his</strong></span> <span class='ocrx_word' id='word_1_135' title='bbox 1009 2411 1135 2507; x_wconf 90' lang='lat' dir='ltr'><strong>quoties</strong></span> 
     </span>
     <span class='ocr_line' id='line_1_20' title="bbox 98 2507 1137 2606; baseline 0 -30"><span class='ocrx_word' id='word_1_136' title='bbox 98 2507 196 2606; x_wconf 75' lang='lat' dir='ltr'><strong>aliquid</strong></span> <span class='ocrx_word' id='word_1_137' title='bbox 225 2511 426 2583; x_wconf 85' lang='lat' dir='ltr'><strong>laudandum</strong></span> <span class='ocrx_word' id='word_1_138' title='bbox 467 2527 531 2600; x_wconf 90' lang='lat' dir='ltr'><strong>est,</strong></span> <span class='ocrx_word' id='word_1_139' title='bbox 565 2509 748 2582; x_wconf 82' lang='lat' dir='ltr'><strong>indicantur</strong></span> <span class='ocrx_word' id='word_1_140' title='bbox 777 2511 881 2606; x_wconf 83' lang='lat' dir='ltr'><strong>prima</strong></span> <span class='ocrx_word' id='word_1_141' title='bbox 915 2507 1012 2578; x_wconf 80' lang='lat' dir='ltr'><strong>verbs</strong></span> <span class='ocrx_word' id='word_1_142' title='bbox 1053 2509 1137 2604; x_wconf 89' lang='lat' dir='ltr'><strong>capi·</strong></span> 
     </span>
     <span class='ocr_line' id='line_1_21' title="bbox 98 2603 1131 2704; baseline 0.002 -33"><span class='ocrx_word' id='word_1_143' title='bbox 98 2605 143 2676; x_wconf 89' lang='lat' dir='ltr'><strong>toli</strong></span> <span class='ocrx_word' id='word_1_144' title='bbox 176 2613 222 2682; x_wconf 86' lang='lat' dir='ltr'><strong>rel</strong></span> <span class='ocrx_word' id='word_1_145' title='bbox 257 2635 427 2700; x_wconf 85' lang='lat' dir='ltr'><strong>numerus,</strong></span> <span class='ocrx_word' id='word_1_146' title='bbox 466 2610 515 2680; x_wconf 85' lang='lat' dir='ltr'><strong>vel</strong></span> <span class='ocrx_word' id='word_1_147' title='bbox 554 2625 730 2704; x_wconf 90' lang='lat' dir='ltr'><strong>utrumque</strong></span> <span class='ocrx_word' id='word_1_148' title='bbox 760 2606 875 2695; x_wconf 91' lang='lat' dir='ltr'><strong>simul,</strong></span> <span class='ocrx_word' id='word_1_149' title='bbox 912 2603 975 2677; x_wconf 90' lang='lat' dir='ltr'><strong>hoc</strong></span> <span class='ocrx_word' id='word_1_150' title='bbox 1008 2603 1131 2676; x_wconf 92' lang='lat' dir='ltr'><strong>modo:</strong></span> 
     </span>
    </p>
   </div>
   <div class='ocr_carea' id='block_1_8' title="bbox 17 2693 1131 2903">
    <p class='ocr_par' dir='ltr' id='par_1_8' title="bbox 17 2693 1131 2903">
     <span class='ocr_line' id='line_1_22' title="bbox 17 2693 1131 2802; baseline 0.009 -30"><span class='ocrx_word' id='word_1_151' title='bbox 17 2693 18 2696; x_wconf 22' lang='lat'>¹</span> <span class='ocrx_word' id='word_1_152' title='bbox 99 2702 166 2802; x_wconf 86' lang='lat' dir='ltr'><strong>Cap.</strong></span> <span class='ocrx_word' id='word_1_153' title='bbox 186 2711 412 2780; x_wconf 74' lang='lat' dir='ltr'><strong>venerabelem</strong></span> <span class='ocrx_word' id='word_1_154' title='bbox 430 2709 470 2780; x_wconf 86' lang='lat' dir='ltr'><strong>de</strong></span> <span class='ocrx_word' id='word_1_155' title='bbox 486 2710 577 2779; x_wconf 84' lang='lat' dir='ltr'><strong>elect.</strong></span> <span class='ocrx_word' id='word_1_156' title='bbox 588 2759 601 2793; x_wconf 87' lang='lat'><strong>,</strong></span> <span class='ocrx_word' id='word_1_157' title='bbox 620 2705 709 2802; x_wconf 82' lang='lat' dir='ltr'><strong>Gap.</strong></span> <span class='ocrx_word' id='word_1_158' title='bbox 732 2704 749 2774; x_wconf 89' lang='grc'>1</span> <span class='ocrx_word' id='word_1_159' title='bbox 776 2705 818 2775; x_wconf 80' lang='lat' dir='ltr'><strong>de</strong></span> <span class='ocrx_word' id='word_1_160' title='bbox 845 2704 968 2776; x_wconf 70' lang='lat' dir='ltr'><strong>Gtsstc.</strong></span> <span class='ocrx_word' id='word_1_161' title='bbox 993 2710 1131 2800; x_wconf 69' lang='lat' dir='ltr'><strong>cotyltp·</strong></span> 
     </span>
     <span class='ocr_line' id='line_1_23' title="bbox 17 2801 915 2903; baseline 0.009 -35"><span class='ocrx_word' id='word_1_162' title='bbox 17 2861 18 2868; x_wconf 74' lang='grc'>,</span> <span class='ocrx_word' id='word_1_163' title='bbox 98 2801 166 2900; x_wconf 79' lang='lat' dir='ltr'><strong>Gap.</strong></span> <span class='ocrx_word' id='word_1_164' title='bbox 183 2817 242 2878; x_wconf 79' lang='lat' dir='ltr'><strong>tuo</strong></span> <span class='ocrx_word' id='word_1_165' title='bbox 258 2805 381 2878; x_wconf 72' lang='lat' dir='ltr'><strong>noent</strong></span> <span class='ocrx_word' id='word_1_166' title='bbox 396 2807 438 2877; x_wconf 85' lang='lat' dir='ltr'><strong>da</strong></span> <span class='ocrx_word' id='word_1_167' title='bbox 452 2805 601 2903; x_wconf 77' lang='lat' dir='ltr'><strong>sponsal.</strong></span> <span class='ocrx_word' id='word_1_168' title='bbox 621 2815 655 2875; x_wconf 87' lang='lat' dir='ltr'><strong>et</strong></span> <span class='ocrx_word' id='word_1_169' title='bbox 667 2805 828 2874; x_wconf 77' lang='lat' dir='ltr'><strong>nsutn&#39;rn.</strong></span> <span class='ocrx_word' id='word_1_170' title='bbox 849 2801 915 2899; x_wconf 86' lang='grc'><strong>(1)</strong></span> 
     </span>
    </p>
   </div>
   <div class='ocr_carea' id='block_1_9' title="bbox 97 2970 1134 3304">
    <p class='ocr_par' dir='ltr' id='par_1_9' title="bbox 97 2970 1134 3304">
     <span class='ocr_line' id='line_1_24' title="bbox 125 2970 1134 3060; baseline -0.007 -23"><span class='ocrx_word' id='word_1_171' title='bbox 125 2973 160 3054; x_wconf 78' lang='lat' dir='ltr'><strong>ll]</strong></span> <span class='ocrx_word' id='word_1_172' title='bbox 178 2981 209 3038; x_wconf 93' lang='lat' dir='ltr'><strong>ln</strong></span> <span class='ocrx_word' id='word_1_173' title='bbox 222 2977 382 3060; x_wconf 76' lang='lat' dir='ltr'><strong>allegandis</strong></span> <span class='ocrx_word' id='word_1_174' title='bbox 405 2976 492 3058; x_wconf 87' lang='lat' dir='ltr'><strong>hujus</strong></span> <span class='ocrx_word' id='word_1_175' title='bbox 516 2975 690 3038; x_wconf 87' lang='lat' dir='ltr'><strong>collectionis</strong></span> <span class='ocrx_word' id='word_1_176' title='bbox 711 2973 853 3052; x_wconf 71' lang='lat' dir='ltr'><strong>capitibus</strong></span> <span class='ocrx_word' id='word_1_177' title='bbox 876 2971 1001 3049; x_wconf 85' lang='lat' dir='ltr'><strong>interjici</strong></span> <span class='ocrx_word' id='word_1_178' title='bbox 1025 2990 1040 3032; x_wconf 86' lang='lat' dir='ltr'><strong>a</strong></span> <span class='ocrx_word' id='word_1_179' title='bbox 1066 2970 1134 3049; x_wconf 88' lang='lat' dir='ltr'><strong>qui·</strong></span> 
     </span>
     <span class='ocr_line' id='line_1_25' title="bbox 97 3049 1133 3138; baseline -0.005 -20"><span class='ocrx_word' id='word_1_180' title='bbox 97 3052 195 3120; x_wconf 80' lang='lat' dir='ltr'><strong>busdam</strong></span> <span class='ocrx_word' id='word_1_181' title='bbox 211 3061 285 3122; x_wconf 86' lang='lat' dir='ltr'><strong>solet</strong></span> <span class='ocrx_word' id='word_1_182' title='bbox 301 3059 423 3120; x_wconf 84' lang='lat' dir='ltr'><strong>verbum</strong></span> <span class='ocrx_word' id='word_1_183' title='bbox 447 3067 546 3137; x_wconf 80' lang='lat' dir='ltr'><strong>estre,</strong></span> <span class='ocrx_word' id='word_1_184' title='bbox 571 3059 626 3120; x_wconf 91' lang='lat' dir='ltr'><strong>hoc</strong></span> <span class='ocrx_word' id='word_1_185' title='bbox 640 3057 727 3118; x_wconf 92' lang='lat' dir='ltr'><strong>modo</strong></span> <span class='ocrx_word' id='word_1_186' title='bbox 746 3059 818 3138; x_wconf 84' lang='lat' dir='ltr'><strong>Cep.</strong></span> <span class='ocrx_word' id='word_1_187' title='bbox 840 3057 858 3118; x_wconf 90' lang='grc'><strong>7</strong></span> <span class='ocrx_word' id='word_1_188' title='bbox 876 3061 961 3114; x_wconf 77' lang='lat' dir='ltr'><strong>extra</strong></span> <span class='ocrx_word' id='word_1_189' title='bbox 985 3051 1020 3114; x_wconf 87' lang='lat' dir='ltr'><strong>de</strong></span> <span class='ocrx_word' id='word_1_190' title='bbox 1036 3049 1133 3130; x_wconf 78' lang='lat' dir='ltr'><strong>elect,</strong></span> 
     </span>
     <span class='ocr_line' id='line_1_26' title="bbox 98 3135 1133 3222; baseline -0.001 -27"><span class='ocrx_word' id='word_1_191' title='bbox 98 3147 121 3195; x_wconf 88' lang='lat' dir='ltr'><strong>ut</strong></span> <span class='ocrx_word' id='word_1_192' title='bbox 133 3142 260 3204; x_wconf 80' lang='lat' dir='ltr'><strong>nimirum</strong></span> <span class='ocrx_word' id='word_1_193' title='bbox 273 3149 385 3222; x_wconf 87' lang='lat' dir='ltr'><strong>pateat,</strong></span> <span class='ocrx_word' id='word_1_194' title='bbox 400 3150 485 3221; x_wconf 88' lang='lat' dir='ltr'><strong>caput</strong></span> <span class='ocrx_word' id='word_1_195' title='bbox 499 3141 572 3201; x_wconf 90' lang='lat' dir='ltr'><strong>illud</strong></span> <span class='ocrx_word' id='word_1_196' title='bbox 590 3149 670 3202; x_wconf 83' lang='lat' dir='ltr'><strong>extra</strong></span> <span class='ocrx_word' id='word_1_197' title='bbox 684 3137 813 3201; x_wconf 84' lang='lat' dir='ltr'><strong>Gratiani</strong></span> <span class='ocrx_word' id='word_1_198' title='bbox 833 3135 983 3197; x_wconf 84' lang='lat' dir='ltr'><strong>decretum</strong></span> <span class='ocrx_word' id='word_1_199' title='bbox 1000 3136 1133 3216; x_wconf 83' lang='lat' dir='ltr'><strong>reperiri.</strong></span> 
     </span>
     <span class='ocr_line' id='line_1_27' title="bbox 98 3221 772 3304; baseline -0.004 -21"><span class='ocrx_word' id='word_1_200' title='bbox 98 3221 140 3279; x_wconf 83' lang='lat' dir='ltr'><strong>Scd</strong></span> <span class='ocrx_word' id='word_1_201' title='bbox 149 3221 205 3284; x_wconf 77' lang='lat' dir='ltr'><strong>hec</strong></span> <span class='ocrx_word' id='word_1_202' title='bbox 216 3227 317 3286; x_wconf 85' lang='lat' dir='ltr'><strong>minus</strong></span> <span class='ocrx_word' id='word_1_203' title='bbox 327 3225 465 3303; x_wconf 84' lang='lat' dir='ltr'><strong>frequens</strong></span> <span class='ocrx_word' id='word_1_204' title='bbox 478 3233 521 3284; x_wconf 89' lang='lat' dir='ltr'><strong>est</strong></span> <span class='ocrx_word' id='word_1_205' title='bbox 532 3222 674 3304; x_wconf 77' lang='lat' dir='ltr'><strong>allegendi</strong></span> <span class='ocrx_word' id='word_1_206' title='bbox 682 3221 772 3282; x_wconf 84' lang='lat' dir='ltr'><strong>ratio.</strong></span> 
     </span>
    </p>
   </div>
   <div class='ocr_carea' id='block_1_10' title="bbox 92 3371 1137 4065">
    <p class='ocr_par' dir='ltr' id='par_1_10' title="bbox 92 3371 1137 4065">
     <span class='ocr_line' id='line_1_28' title="bbox 131 3371 1135 3474; baseline -0.007 -25"><span class='ocrx_word' id='word_1_207' title='bbox 131 3373 156 3474; x_wconf 69' lang='lat' dir='ltr'><strong>S.</strong></span> <span class='ocrx_word' id='word_1_208' title='bbox 194 3379 422 3452; x_wconf 80' lang='lat' dir='ltr'><strong>Lxxxvttt.</strong></span> <span class='ocrx_word' id='word_1_209' title='bbox 473 3376 678 3474; x_wconf 83' lang='lat' dir='ltr'><strong>Gregorisnae</strong></span> <span class='ocrx_word' id='word_1_210' title='bbox 715 3371 896 3446; x_wconf 88' lang='lat' dir='ltr'><strong>collectioni</strong></span> <span class='ocrx_word' id='word_1_211' title='bbox 930 3371 1039 3444; x_wconf 86' lang='lat' dir='ltr'><strong>deesse</strong></span> <span class='ocrx_word' id='word_1_212' title='bbox 1082 3371 1135 3442; x_wconf 88' lang='lat' dir='ltr'><strong>ali·</strong></span> 
     </span>
     <span class='ocr_line' id='line_1_29' title="bbox 96 3469 1135 3569; baseline -0.004 -25"><span class='ocrx_word' id='word_1_213' title='bbox 96 3473 157 3568; x_wconf 86' lang='lat' dir='ltr'><strong>quid</strong></span> <span class='ocrx_word' id='word_1_214' title='bbox 186 3478 376 3567; x_wconf 85' lang='lat' dir='ltr'><strong>ridebatur,</strong></span> <span class='ocrx_word' id='word_1_215' title='bbox 408 3503 483 3548; x_wconf 89' lang='lat' dir='ltr'><strong>cum</strong></span> <span class='ocrx_word' id='word_1_216' title='bbox 516 3501 612 3548; x_wconf 83' lang='lat' dir='ltr'><strong>ncvae</strong></span> <span class='ocrx_word' id='word_1_217' title='bbox 644 3473 795 3568; x_wconf 86' lang='lat' dir='ltr'><strong>deinceps</strong></span> <span class='ocrx_word' id='word_1_218' title='bbox 825 3469 1019 3569; x_wconf 86' lang='lat' dir='ltr'><strong>prodiissent</strong></span> <span class='ocrx_word' id='word_1_219' title='bbox 1041 3495 1135 3541; x_wconf 85' lang='lat' dir='ltr'><strong>sum·</strong></span> 
     </span>
     <span class='ocr_line' id='line_1_30' title="bbox 97 3569 1137 3666; baseline -0.005 -24"><span class='ocrx_word' id='word_1_220' title='bbox 97 3593 204 3645; x_wconf 82' lang='lat' dir='ltr'><strong>norum</strong></span> <span class='ocrx_word' id='word_1_221' title='bbox 242 3573 444 3648; x_wconf 88' lang='lat' dir='ltr'><strong>Pontificum</strong></span> <span class='ocrx_word' id='word_1_222' title='bbox 482 3575 743 3661; x_wconf 83' lang='lat' dir='ltr'><strong>constitutiones,</strong></span> <span class='ocrx_word' id='word_1_223' title='bbox 781 3569 889 3666; x_wconf 84' lang='lat' dir='ltr'><strong>dignae</strong></span> <span class='ocrx_word' id='word_1_224' title='bbox 924 3594 1020 3658; x_wconf 90' lang='lat' dir='ltr'><strong>sane,</strong></span> <span class='ocrx_word' id='word_1_225' title='bbox 1063 3591 1137 3665; x_wconf 83' lang='lat' dir='ltr'><strong>quae</strong></span> 
     </span>
     <span class='ocr_line' id='line_1_31' title="bbox 96 3666 1136 3769; baseline -0.011 -25"><span class='ocrx_word' id='word_1_226' title='bbox 96 3666 120 3735; x_wconf 76' lang='lat' dir='ltr'><strong>in</strong></span> <span class='ocrx_word' id='word_1_227' title='bbox 159 3699 261 3744; x_wconf 89' lang='lat' dir='ltr'><strong>unum</strong></span> <span class='ocrx_word' id='word_1_228' title='bbox 310 3698 426 3769; x_wconf 86' lang='lat' dir='ltr'><strong>corpus</strong></span> <span class='ocrx_word' id='word_1_229' title='bbox 462 3671 684 3768; x_wconf 81' lang='lat' dir='ltr'><strong>redigerentur</strong></span> <span class='ocrx_word' id='word_1_230' title='bbox 725 3685 917 3766; x_wconf 85' lang='lat' dir='ltr'><strong>partemque</strong></span> <span class='ocrx_word' id='word_1_231' title='bbox 954 3666 1136 3738; x_wconf 85' lang='lat' dir='ltr'><strong>communis</strong></span> 
     </span>
     <span class='ocr_line' id='line_1_32' title="bbox 92 3765 1135 3868; baseline -0.005 -31"><span class='ocrx_word' id='word_1_232' title='bbox 92 3765 156 3857; x_wconf 83' lang='lat' dir='ltr'><strong>juris</strong></span> <span class='ocrx_word' id='word_1_233' title='bbox 171 3775 415 3842; x_wconf 81' lang='lat' dir='ltr'><strong>comtituerent.</strong></span> <span class='ocrx_word' id='word_1_234' title='bbox 438 3769 551 3868; x_wconf 88' lang='lat' dir='ltr'><strong>ltaque</strong></span> <span class='ocrx_word' id='word_1_235' title='bbox 578 3767 755 3840; x_wconf 77' lang='lat' dir='ltr'><strong>Bonifatius</strong></span> <span class='ocrx_word' id='word_1_236' title='bbox 774 3765 851 3836; x_wconf 86' lang='lat' dir='ltr'><strong>Vlll</strong></span> <span class='ocrx_word' id='word_1_237' title='bbox 881 3789 967 3836; x_wconf 85' lang='lat' dir='ltr'><strong>anno</strong></span> <span class='ocrx_word' id='word_1_238' title='bbox 999 3777 1135 3860; x_wconf 84' lang='lat' dir='ltr'><strong>quarto,</strong></span> 
     </span>
     <span class='ocr_line' id='line_1_33' title="bbox 95 3857 1136 3964; baseline -0.016 -23"><span class='ocrx_word' id='word_1_239' title='bbox 95 3882 246 3964; x_wconf 75' lang='lat' dir='ltr'><strong>postquam</strong></span> <span class='ocrx_word' id='word_1_240' title='bbox 271 3869 421 3942; x_wconf 81' lang='lat' dir='ltr'><strong>Pontifex</strong></span> <span class='ocrx_word' id='word_1_241' title='bbox 453 3885 577 3940; x_wconf 87' lang='lat' dir='ltr'><strong>creatus</strong></span> <span class='ocrx_word' id='word_1_242' title='bbox 598 3867 721 3956; x_wconf 86' lang='lat' dir='ltr'><strong>suerat,</strong></span> <span class='ocrx_word' id='word_1_243' title='bbox 747 3889 822 3936; x_wconf 87' lang='lat' dir='ltr'><strong>usus</strong></span> <span class='ocrx_word' id='word_1_244' title='bbox 849 3887 946 3960; x_wconf 90' lang='lat' dir='ltr'><strong>opera</strong></span> <span class='ocrx_word' id='word_1_245' title='bbox 970 3857 1136 3931; x_wconf 88' lang='lat' dir='ltr'><strong>Guillelmi</strong></span> 
     </span>
     <span class='ocr_line' id='line_1_34' title="bbox 95 3955 1136 4065; baseline -0.013 -29"><span class='ocrx_word' id='word_1_246' title='bbox 95 3962 305 4065; x_wconf 73' lang='lat' dir='ltr'><strong>trcfflepiscopi</strong></span> <span class='ocrx_word' id='word_1_247' title='bbox 341 3965 597 4058; x_wconf 82' lang='lat' dir='ltr'><strong>Ebrudunensis,</strong></span> <span class='ocrx_word' id='word_1_248' title='bbox 630 3965 814 4060; x_wconf 81' lang='lat' dir='ltr'><strong>Berengsrii</strong></span> <span class='ocrx_word' id='word_1_249' title='bbox 851 3961 991 4058; x_wconf 88' lang='lat' dir='ltr'><strong>episcopi</strong></span> <span class='ocrx_word' id='word_1_250' title='bbox 1027 3955 1136 4026; x_wconf 87' lang='lat' dir='ltr'><strong>Biter-</strong></span> 
     </span>
    </p>
   </div>
   <div class='ocr_carea' id='block_1_11' title="bbox 0 0 1566 5178">
    <p class='ocr_par' dir='ltr' id='par_1_11' title="bbox 0 0 1566 5178">
     <span class='ocr_line' id='line_1_35' title="bbox 0 0 1566 5178; baseline 0 0"><span class='ocrx_word' id='word_1_251' title='bbox 0 0 1566 5178; x_wconf 95' lang='lat' dir='ltr'><strong> </strong></span> 
     </span>
    </p>
   </div>
  </div>
 </body>
</html>
