3134 5144
783 465 1002 536 ..ao-2-

351 645 427 692 vere
446 617 593 716 praelati
617 615 754 687 nautius
788 612 962 699 dicuntur,
999 625 1100 706 atquc
1129 610 1215 678 inter
1246 607 1428 680 ordinarios

350 729 573 790 recensentur.
616 711 724 784 Ceteri
755 711 899 806 exempti
937 706 1072 804 quidem
1102 722 1180 778 sunt
1210 706 1252 776 ab
1283 708 1430 802 episcopi

346 813 591 913 jurisdictione,
630 809 686 881 sed
728 807 853 879 nullam
894 805 1018 876 habent
1054 807 1146 901 quasi
1179 803 1344 875 dioecffiim
1385 802 1428 872 ab

350 911 438 982 illius
476 909 604 980 dioeoesi
637 907 842 994 distinctam,
879 907 915 975 in
953 927 1018 998 qua
1052 902 1249 974 ordinariam
1270 899 1429 999 jurisdic-

352 1010 477 1080 tionem
495 1019 664 1078 exerceant
682 1003 749 1100 (l).
768 1003 887 1099 ltaque'
909 999 1038 1098 praelati
1053 1001 1193 1072 callim
1213 1001 1321 1068 minus
1344 1022 1429 1094 pro·

350 1108 423 1203 prie
457 1107 561 1177 vocari
601 1117 759 1200 possunt,
795 1125 872 1170 oum
902 1123 1013 1170 revera
1044 1100 1078 1170 in
1120 1098 1261 1194 episcopi
1299 1095 1429 1166 dioeceei

355 1219 433 1276 stnt.

393 1381 437 1464 (1)
459 1383 535 1446 Vide
546 1379 736 1444 Benedicturn
748 1383 817 1442 XIV
830 1379 864 1439 ia
877 1379 992 1441 constit.
1008 1373 1180 1458 Apostolicoe
1193 1379 1232 1438 76
1247 1386 1317 1438 tom.
1338 1381 1348 1438 1
1364 1377 1430 1458 ejus

353 1462 653 1608 &allelu-lm&
673 1471 701 1524 et
713 1462 829 1524 constit.
845 1463 931 1522 Inter
949 1456 1048 1520 multo
1069 1461 1108 1520 55
1121 1477 1193 1542 paq.
1213 1460 1271 1520 166
1298 1467 1368 1520 tom.
1391 1461 1428 1534 1,

401 1723 432 1824 §.
473 1722 557 1792 tttl.
597 1721 727 1794 Praelati
760 1722 927 1794 inferiores
958 1719 1009 1791 vel
1048 1719 1214 1791 saeculares
1242 1737 1338 1810 sunt,
1370 1723 1430 1796 uel

354 1821 530 1916 regularem
560 1819 614 1888 alii
644 1817 805 1890 beneficio
839 1818 923 1888 sedis
963 1817 1157 1914 Apostolicae
1181 1817 1304 1889 habent
1335 1845 1432 1890 usum

354 1915 617 2006 pontificalium,
646 1915 699 1986 olii
727 1941 802 1988 vero
828 1940 896 1987 non
926 1915 1050 1986 habent
1085 1915 1152 2011 (l).
1181 1915 1340 1986 Omnium
1364 1942 1433 2012 po-

355 2031 452 2086 testas
483 2013 587 2085 oritur
623 2011 674 2085 vel
705 2037 744 2084 ex
771 2013 943 2110 privilegiis
975 2037 1180 2084 summorum
1209 2011 1430 2104 Pontificum,

356 2111 408 2183 vel
440 2137 480 2183 ex
511 2112 769 2207 prescriptione,
805 2135 881 2208 quae
912 2109 1083 2183 hominum
1116 2114 1305 2182 memoriam
1329 2135 1433 2207 supe-

357 2226 408 2280 rat
432 2209 498 2306 (2).
523 2207 633 2294 Quare
657 2224 691 2280 et
719 2207 857 2304 amplior
888 2223 923 2278 et
947 2210 1114 2304 angustior
1140 2223 1207 2296 est,
1246 2211 1294 2278 uti
1321 2207 1434 2278 lerunt

356 2307 443 2403 leges
469 2303 628 2404 privilegii
658 2305 709 2376 vel
742 2305 985 2376 consuetudinis
1015 2304 1103 2375 unde
1131 2305 1291 2401 procedit.
1321 2303 1434 2376 Gene-

358 2407 454 2474 ratim
489 2401 621 2472 abbates
653 2403 835 2497 regulares,
866 2405 980 2499 quiin
1007 2401 1185 2474 sacerdotio
1212 2420 1289 2474 sunt
1323 2419 1356 2474 et
1385 2427 1436 2474 so-

356 2501 501 2572 lemnem
540 2497 582 2569 ab
630 2501 781 2597 episcopo
817 2499 1080 2572 benedictionem
1115 2517 1330 2598 acceperunt,
1369 2503 1436 2572 suis

358 2597 494 2668 subditis
531 2597 732 2692 regularibus
763 2623 823 2694 pro
849 2600 926 2695 jure
952 2621 1011 2668 sno
1041 2600 1180 2694 primam
1211 2615 1377 2671 tonsuram
1400 2617 1435 2670 et

359 2698 501 2768 minores
525 2693 655 2766 ordines
682 2695 877 2784 conserunt3
906 2693 1022 2792 reliqui
1049 2719 1123 2766 vero
1156 2721 1304 2793 expresso
1329 2698 1436 2792 priri-

359 2792 444 2889 legio
456 2818 539 2890 opus
556 2793 680 2864 habent
696 2791 762 2890 (ὅ).

401 2985 443 3068 (1)
453 2985 530 3047 Vide
539 2987 691 3048 Giroldum
704 2988 830 3070 exposit.
846 2987 918 3048 lar.
933 2982 1075 3067 Pontific.
1085 2995 1168 3070 port.
1187 2990 1199 3048 1
1218 2987 1265 3048 111.
1279 2989 1317 3049 55
1332 2995 1402 3049 totu.
1418 2991 1438 3050 1).

357 3089 383 3210 ᾗ
423 3069 722 3164 .71561666.,1611
744 3072 924 3164 6661166661
950 3067 988 3128 (16
1006 3086 1062 3128 usu
1088 3068 1319 3147 pontificalium,
1347 3087 1438 3148 quem

384 3169 413 3310 6(
440 3157 473 3208 61
486 3149 598 3227 prelati
614 3153 928 3229 6666666161666666.

416 3229 445 3312 1)
459 3230 565 3291 Confer
578 3231 769 3291 Benedictum
782 3237 852 3294 XIV
867 3231 899 3291 in
914 3227 1042 3291 laudato
1055 3231 1174 3292 constit.
1188 3229 1398 3314 1666611661.
1419 3235 1440 3292 2
1564 3283 1565 3291 ,

361 3329 434 3393 pay.
450 3311 519 3386 150,
536 3309 1207 3396 6116666611.16166661163616666669.
1225 3315 1294 3374 168.

405 3391 447 3473 (5)
468 3393 578 3454 concil.
595 3393 761 3455 Tridentin.
777 3413 849 3457 sess.
863 3396 902 3454 15
914 3411 982 3474 cop.
998 3394 1037 3452 10
1051 3391 1087 3453 dc
1101 3391 1253 3476 restit-mm.
1268 3399 1312 3458 De
1323 3392 1442 3456 subdia·

365 3481 486 3548 conatu,
514 3473 596 3551 cujus
621 3476 791 3537 conserendi
815 3483 942 3556 potestus
964 3473 1153 3534 interduma
1180 3476 1249 3536 sede
1276 3475 1443 3556 1666161166

365 3553 540 3633 quibusdam
552 3554 705 3616 abbatibus
720 3559 792 3617 16616
806 3566 865 3620 ost.
881 3557 942 3637 agit
953 3555 1031 3616 inter
1044 3563 1155 3618 ceteros
1166 3559 1274 3620 166616
1288 3557 1323 3619 dc
1335 3575 1445 3618 saon-

366 3643 457 3697 61661.
470 3632 623 3698 dissertat.
637 3639 656 3698 9
668 3639 824 3721 question.
839 3642 936 3720 ttcop.
952 3639 983 3698 5.

413 3811 445 3914 §.
486 3812 573 3884 LIV.
609 3813 709 3899 Quod
738 3841 813 3888 vero
845 3819 962 3889 attinet
988 3818 1030 3889 ad
1060 3817 1320 3916 jurisdictionem
1349 3819 1447 3913 quasi

367 3909 582 4009 episcopalem
609 3911 713 3984 multa
734 3931 829 4002 sunt,
860 3940 937 4012 qum
967 3916 1093 4012 praelati
1125 3915 1314 4004 inferiores,
1341 3916 1445 3984 etiarn
1562 3909 1563 3926 ¹

368 4033 443 4079 cum
475 4009 646 4082 discretam
680 4027 714 4085 et
742 4027 921 4108 separatam
964 4017 1055 4110 quasi
1091 4013 1255 4087 dioecesim
1297 4011 1446 4103 habent,
