3164 5174
526 414 672 487 ..995
697 457 747 472 ...

117 561 248 633 ciendam
297 567 600 660 presentationem,
639 589 798 662 .quorum
842 565 980 638 alterum
1032 567 1169 660 laiculis,

118 659 240 731 dterum
257 663 547 762 jurispatronatus
563 663 767 736 ecclesiastici
782 667 953 762 proprium
971 680 1030 736 est.

147 833 185 915 (i)
197 836 268 915 Cup.
283 832 351 896 ecte
361 836 438 896 lure
450 843 533 918 potr.

154 988 182 1088 ᾗ.
207 989 276 1060 th.
303 989 363 1060 Est
389 992 468 1061 item
491 993 547 1090 jus
569 1007 760 1089 patronatus
783 992 886 1084 reale,
915 993 1004 1090 quod
1032 993 1172 1069 inbaeret

116 1090 168 1178 rei,
193 1087 315 1186 predio
346 1087 466 1160 scilicet
489 1101 546 1162 eut
578 1107 701 1182 cestro,
735 1108 768 1163 et
795 1116 871 1162 cum
898 1117 933 1162 re
956 1091 1102 1164 defertur
1128 1092 1170 1162 ed

116 1187 175 1282 ejus
197 1211 429 1284 possessorem
455 1202 490 1260 et
521 1187 711 1286 personale,
744 1187 834 1288 quod
864 1215 933 1262 non
959 1193 1006 1262 rei
1035 1208 1082 1262 est
1110 1190 1173 1262 ed-

112 1285 270 1378 junctum,
307 1284 365 1356 sed
395 1288 489 1357 certis
517 1286 717 1385 adscriptum
748 1290 912 1385 personis,
940 1286 1003 1360 hoc
1034 1305 1084 1360 est
1111 1315 1173 1387 pc-

117 1397 201 1455 trono
244 1386 378 1482 ejusque
410 1382 584 1456 heredibus
618 1402 676 1456 aut
707 1384 988 1458 descendentibus.
1022 1387 1174 1483 Denique

113 1479 162 1575 jus
183 1497 366 1578 patronatus
393 1499 441 1554 est
481 1483 735 1574 hereditarium,
758 1481 849 1582 quod
875 1483 972 1554 simul
1001 1509 1077 1555 cum
1109 1482 1174 1555 be-

118 1577 259 1671 reditnte,
286 1586 354 1652 sire
382 1581 546 1677 legitime,
574 1583 640 1654 sire
677 1583 931 1672 testamentario,
964 1580 1005 1652 ed
1038 1581 1173 1654 heredes

119 1673 267 1770 defertur,
301 1696 336 1752 et
372 1682 566 1776 egnetitium
600 1684 666 1752 sire
703 1679 879 1770 familiare,
924 1679 1015 1777 quod
1057 1683 1173 1750 transit

122 1771 160 1840 ad
183 1801 248 1860 eos,
269 1781 324 1876 qui
361 1794 439 1849 sunt
469 1804 509 1849 ex
530 1779 670 1870 familia,
705 1781 770 1850 sive
801 1781 992 1873 agnatione3
1016 1793 1174 1874 preterea

121 1874 243 1944 mixtum
279 1903 317 1948 ex
352 1893 514 1976 utroque,
554 1877 645 1974 quod
689 1881 787 1950 etiem
826 1894 958 1950 vocetur
992 1903 1036 1948 eu
1070 1889 1174 1976 paeto

119 1983 150 2040 08
172 1977 409 2069 praedones,
442 1975 597 2073 quodque
628 1975 670 2046 ed
700 2001 754 2048 ecs
785 1975 950 2065 defertur,
993 1977 1050 2072 qui
1098 1991 1175 2046 sunt

118 2067 237 2142 heredes
265 2073 364 2144 simul
394 2088 427 2144 et
458 2099 653 2145 successores
683 2073 840 2169 legitimi,
883 2073 963 2144 odeo
1001 2089 1039 2142 ut
1076 2097 1174 2143 nemo

117 2165 189 2238 illud
217 2171 275 2240 sibi
316 2197 455 2243 asserere
491 2174 611 2269 possit,
645 2173 706 2242 nisi
740 2170 889 2244 ostendat
918 2197 986 2244 esse
1016 2195 1050 2241 se
1073 2167 1175 2242 here·

118 2263 185 2336 dem
202 2283 297 2366 etque
319 2296 336 2338 a
354 2285 509 2341 testatore
528 2268 793 2342 descendentem.

158 2436 185 2540 §.
224 2439 309 2512 Llll.
343 2439 532 2540 Aequiritur
561 2444 617 2540 jus
651 2459 841 2540 potronatus
865 2467 925 2550 per
955 2443 1173 2513 constructio-

117 2561 204 2630 nem,
228 2541 348 2637 siquis
375 2541 525 2612 uidelicet
551 2566 615 2612 aere
637 2566 696 2614 suo
722 2540 888 2613 ecclesium
904 2537 1078 2612 aedificcvit
1098 2537 1173 2635 (1);

116 2659 167 2730 per
200 2636 446 2730 fundationem,
487 2641 513 2709 si
544 2641 617 2736 quis
653 2639 795 2710 fundum
827 2636 868 2708 ad
897 2637 1062 2708 ecclesium
1093 2661 1177 2707 con-

116 2734 293 2806 struendam
329 2737 490 2835 prebuit,
527 2761 588 2834 per
630 2735 857 2826 dotationem,
892 2737 919 2805 si
954 2735 1026 2832 quis
1065 2732 1178 2804 dotem

116 2829 197 2904 dedit
233 2853 344 2932 uptam
389 2851 423 2907 et
456 2834 626 2926 idoneam,
676 2863 737 2934 per
775 2859 875 2932 quem
916 2831 1103 2904 consultum
1137 2834 1178 2902 sit

114 2932 309 3030 sumptibus,
353 2959 434 3030 quos
475 2933 616 3006 ecclesiee
647 2935 846 3006 conservatio
871 2947 905 3003 et
936 2932 1076 3002 ministri
1098 2955 1177 3027 pos·

115 3029 212 3102 tulent
240 3029 306 3129 (ᾖ).
334 3029 400 3117 Qui
426 3033 499 3104 haec
520 3034 582 3102 tris
605 3057 691 3102 unus
719 3033 890 3129 praestitit,
919 3032 946 3100 is
973 3055 1060 3100 unus
1091 3053 1178 3126 quq-

115 3153 171 3223 quc
196 3145 355 3227 patronus
391 3129 552 3218 efficitur,
582 3145 715 3202 etcum
744 3127 827 3201 ulter
863 3127 1028 3200 ecclesium
1056 3129 1177 3198 excite·

114 3228 174 3316 rit,
211 3227 292 3298 alter
330 3227 471 3300 fundum
510 3244 544 3298 et
585 3227 666 3299 alter
702 3227 813 3299 dotem
840 3225 950 3316 dedit,
986 3250 1099 3297 omnes
1121 3226 1178 3322 jus

116 3341 295 3418 patronatus
347 3341 591 3424 consequuntur
643 3325 716 3423 (5),
774 3323 873 3397 modo
914 3350 989 3395 cum
1035 3323 1178 3421 episcopi

118 3447 269 3497 consensu
285 3423 444 3496 aedificstc
460 3423 590 3497 ecclesis
608 3424 707 3496 suerit
724 3423 791 3521 (d).

151 3595 192 3679 (d)
217 3599 290 3678 Cap.
311 3599 366 3675 26,
389 3600 443 3673 51,
468 3599 508 3660 52
529 3606 556 3660 et
577 3601 631 3677 55,
655 3617 723 3680 cap.
738 3599 788 3660 tu.
810 3605 915 3681 quest.
934 3597 969 3671 7,
990 3613 1056 3676 cap.
1082 3594 1121 3655 25
1142 3589 1178 3652 de

115 3681 183 3740 lure
218 3688 295 3758 etr„
309 3681 411 3741 concil.
427 3680 592 3742 Tridentin.
606 3699 678 3744 sess.
695 3683 734 3742 ib
744 3699 811 3762 cap.
826 3681 883 3758 m,
900 3687 928 3740 et
940 3695 1012 3742 sees.
1023 3677 1062 3738 tu
1076 3693 1142 3755 cap.
1154 3673 1177 3766 '9

116 3759 146 3820 ὼ
201 3779 279 3822 ‘’m-
301 3765 396 3841 dique
413 3761 476 3824 112⁰
492 3763 628 3842 quidem,
647 3781 735 3842 quem
756 3763 923 3842 sequimur,
937 3759 1099 3821 communis
1113 3771 1179 3832 opr-

115 3844 158 3903 nio
175 3850 233 3920 est,
257 3844 337 3922 qnod
360 3843 456 3904 tribus
476 3844 556 3906 bisce
577 3845 672 3908 mossrs
694 3843 909 3906 constructione
929 3841 1048 3914 scilicet,
1070 3835 1179 3898 binde-

116 3925 204 4004 tione,
225 3925 375 3986 contione
387 3927 555 4005 acquiratur
572 3927 621 4007 jus
643 3933 824 4006 patronatus,
848 3925 922 3988 edec
942 3929 976 3983 ut
997 3921 1021 3982 si
1038 3927 1098 3980 tres
1112 3918 1178 3978 suc-

115 4016 184 4088 rmt,
197 4025 327 4088 qnorum
339 4009 413 4070 ulter
426 4009 574 4072 ecclesium
588 4027 647 4072 cre
662 4027 715 4071 suc
728 4007 933 4086 edificaverit,
945 4005 1019 4066 ulter
1032 3999 1173 4080 fundum,
