3164 5174
838 463 1060 534 -292-

1566 97 1567 136 l

1566 475 1567 558 l

413 618 660 703 alimentorum,
692 611 887 710 sepulturae,
920 611 1021 702 sedis,
1055 613 1284 709 processionis,
1315 609 1420 683 thuris
1452 629 1486 683 et

412 709 536 803 cetera,
564 737 641 810 ‚quae
658 709 837 783 honorifica
858 709 1064 807 appellantur
1086 709 1153 806 (l)
1189 709 1257 796 Qui
1282 709 1331 780 his
1355 711 1487 808 juribus
1566 741 1567 812 l

410 815 529 884 fruitur
557 827 711 907 patronus
738 809 875 898 dicitur,
911 811 976 880 sire
989 807 1079 906 quod
1104 811 1319 905 patrocinium
1340 808 1485 882 ecclesiae

411 927 565 1008 praestare
599 907 715 997 dehet2
745 909 812 980 sive
839 905 930 1004 quod
956 905 1034 978 olim
1070 906 1223 978 dominus
1247 907 1346 977 luerit
1370 933 1483 978 earum

411 1035 536 1099 rerum,
555 1033 593 1079 ex
609 1005 727 1106 quibus
743 1004 873 1078 ecclesia
890 1004 1050 1078 aedifioata
1066 1021 1115 1076 est
1130 1005 1196 1102 (ἢ).

453 1193 495 1276 (l)
516 1198 625 1257 Cuncta
643 1193 706 1254 hec
722 1192 789 1273 jura
804 1201 838 1252 ut
854 1211 913 1253 unu
932 1191 1105 1254 definitione
1122 1191 1367 1271 comprehendat,
1391 1197 1485 1254 Fran·
1566 1199 1567 1274 ζ

413 1278 505 1346 riscus
530 1277 661 1356 deRuye
685 1276 718 1336 io
743 1272 910 1357 Prolcyom.
938 1273 978 1336 od
1003 1274 1050 1335 tit.
1073 1273 1109 1335 de
1123 1273 1197 1358 jure
1210 1283 1334 1357 patron.
1358 1293 1383 1336 o.
1404 1279 1417 1334 l
1435 1275 1485 1354 jus
1566 1289 1567 1320 ὲ

412 1367 583 1438 patronatus
594 1357 698 1418 delinit
704 1356 770 1436 jus,
785 1357 864 1436 quod
877 1357 1024 1418 fundatori
1039 1356 1161 1436 alicujus
1173 1357 1301 1419 ecclesio
1314 1357 1346 1417 in
1359 1375 1392 1418 ea
1404 1376 1485 1417 oom-
1566 1357 1567 1434 l

412 1441 496 1520 petit.
513 1444 624 1502 Verum
643 1447 673 1499 et
690 1440 720 1500 in
739 1440 806 1519 jure
824 1439 902 1500 civili
915 1438 964 1518 jus
982 1447 1166 1518 patronatus,
1190 1437 1270 1518 quod
1291 1440 1486 1502 manumissor

413 1525 445 1584 in
472 1521 612 1584 libertum
637 1521 741 1596 habet,
771 1522 872 1583 multis
897 1529 1024 1596 constat,
1056 1529 1127 1601 puta
1155 1521 1353 1599 concessione,
1388 1524 1485 1602 operis
1566 1577 1567 1614 p

411 1606 560 1684 obsequiis
581 1614 668 1683 etque
695 1604 814 1680 officiis3
843 1612 988 1664 ettamen
1012 1602 1061 1682 jus
1082 1603 1286 1678 successionis,
1306 1604 1386 1682 quod
1407 1623 1484 1684 prae-
1566 1615 1567 1686 l

412 1689 532 1767 cipuum
559 1695 617 1762 est,
649 1705 703 1766 per
732 1687 921 1746 eminentiam
946 1685 994 1764 jus
1020 1693 1191 1764 patronatus
1217 1685 1391 1766 appellatur.
1421 1691 1485 1765 lpse

412 1770 581 1832 Franciseus
602 1769 639 1828 de
660 1771 741 1848 Roye
762 1769 902 1848 peculiari
927 1767 1026 1828 libello
1044 1766 1080 1830 de
1100 1765 1228 1830 Iuribus
1245 1755 1417 1854 honor-fierit
1433 1787 1485 1849 pa-
1566 1837 1567 1848 p

412 1861 568 1912 tronorum
585 1849 744 1931 diligenter
757 1849 896 1930 disputat.
1566 1849 1567 1916 l

453 1932 652 2014 (lloriginem
667 1931 755 2011 hujus
765 1932 892 1993 nominis
905 1932 1026 2011 quidam
1039 1933 1173 1994 referunt
1185 1929 1223 1992 ad
1236 1939 1350 1993 natatem
1362 1935 1393 1993 S.
1410 1933 1485 1992 Gre-
1566 1949 1567 1992 t

413 2016 488 2095 gorii
514 2017 584 2090 Vll,
611 2013 731 2092 quidam
760 2015 847 2075 etiam
877 2014 916 2076 ad
941 2033 974 2075 ea
999 2024 1146 2094 tempora,
1173 2014 1278 2094 quibus
1306 2015 1485 2094 Gregoriana
1566 1999 1567 2076 i

412 2097 542 2158 collectio
561 2096 639 2156 edita
658 2103 712 2156 est.
732 2096 790 2158 Sed
812 2115 877 2156 earn
895 2097 1091 2175 antiquiorem
1109 2115 1171 2157 esse
1192 2097 1368 2157 demonstrat
1389 2098 1485 2157 Fran-

411 2180 504 2240 circus
518 2177 555 2239 de
569 2183 650 2260 Roye
660 2177 694 2239 in
707 2176 874 2261 Proleqoru.
890 2177 931 2240 od
945 2179 991 2240 tit.
1010 2177 1047 2240 dc
1061 2181 1137 2240 Juro
1147 2188 1270 2262 patron.
1283 2197 1350 2260 cop.
1364 2179 1397 2239 l.
1566 2203 1567 2286 p

462 2333 493 2448 ᾗ.
534 2333 656 2405 XLIX.
701 2333 879 2432 Propterea
904 2338 985 2407 sacri
1016 2360 1155 2408 canones
1189 2333 1412 2434 templorum,
1442 2333 1487 2406 al·

412 2451 555 2523 tarium,
593 2433 829 2505 beneficiorum
863 2433 1052 2516 fundatores
1094 2459 1274 2532 eorumque
1302 2431 1419 2505 liberos
1452 2451 1488 2504 et

415 2531 556 2604 heredes
607 2533 780 2629 praecipuis
820 2532 1014 2630 quibusdam
1052 2531 1201 2630 juribus,
1238 2531 1418 2604 honoribus
1453 2551 1489 2602 et

414 2629 592 2729 privilegiis
617 2629 801 2720 donarunt,
830 2645 868 2700 ut
891 2657 966 2727 erga
994 2629 1065 2703 illos
1089 2658 1122 2702 se
1147 2647 1255 2728 gratos
1279 2629 1486 2727 praeberent„

416 2731 515 2801 ceteri
544 2744 654 2800 autem
688 2729 760 2826 pari
780 2728 822 2798 ad
853 2729 938 2800 bene
966 2727 1008 2800 de
1049 2729 1181 2802 ecclesia
1206 2727 1404 2802 merendum
1433 2727 1489 2800 r'o·

412 2827 540 2898 luntate
568 2830 796 2900 excitarentur.
843 2828 911 2924 (l).
944 2827 1030 2898 Hine
1054 2831 1187 2902 nomina
1215 2844 1249 2899 et
1290 2825 1393 2921 elogia
1416 2827 1489 2898 fun-

416 2925 568 2995 datorum
605 2928 640 2994 in
675 2924 814 2996 ecclesiis
841 2929 973 2997 recitata
1017 2929 1178 3026 sacrisque
1225 2923 1391 3026 diptychis
1433 2927 1489 2995 in-

415 3025 534 3118 scripta
560 3021 658 3094 luisse
683 3039 809 3093 constat
825 3023 899 3121 (2);
930 3021 1007 3095 hinc
1039 3049 1154 3096 eorum
1184 3028 1318 3096 nomina
1349 3021 1491 3095 ecclesiis
1566 3107 1567 3112 ἵ

415 3121 567 3217 imposita
604 3119 677 3218 (5);
702 3121 782 3192 hinc
811 3121 924 3194 detum
968 3125 1018 3193 'us
1046 3121 1238 3218 designandi
1269 3139 1303 3194 et
1328 3121 1490 3196 offerendi
1566 3129 1567 3212 ζ

417 3217 591 3308 clericum⁷
626 3220 684 3316 qui
707 3217 905 3292 beneficium
933 3149 1145 3318 adipiscitum
1170 3221 1247 3292 hinc
1261 3220 1319 3292 reli
1346 3247 1387 3291 ua
1405 3245 1492 3290 con-
1566 3223 1567 3306 l

417 3343 502 3388 cessa
528 3317 625 3414 jura,
654 3341 728 3414 quae
749 3315 929 3390 honorifica
954 3319 1110 3416 appellari
1142 3319 1282 3392 diximus
1308 3247 1374 3416 (il.
1405 3315 1493 3388 Om-

415 3417 509 3486 nium
536 3430 648 3486 tamen
669 3418 849 3488 maximum
869 3433 903 3489 et
923 3421 1129 3515 praecipuum
1142 3435 1210 3509 est,
1230 3420 1288 3516 jus
1303 3415 1492 3506 offerendi,

413 3539 470 3584 seu
491 3513 709 3610 praetentandi
733 3517 884 3612 episcopo
900 3515 1074 3606 clericum,
1097 3519 1155 3614 qui
1176 3517 1303 3587 institui
1329 3529 1362 3586 et
1384 3518 1496 3586 creari

413 3611 532 3684 debeat
569 3627 676 3683 rector
710 3612 845 3710 templi,
872 3639 929 3686 seu
962 3613 1132 3704 beneficii,
1158 3613 1201 3685 ad
1232 3612 1321 3712 quod
1342 3637 1495 3710 praesen-

412 3725 498 3782 tatus
527 3709 610 3798 suit3
653 3709 694 3782 de
728 3736 794 3807 quo
832 3711 965 3810 quidem
992 3715 1069 3812 jure
1096 3711 1258 3810 agendum
1290 3711 1384 3784 nobis
1422 3713 1495 3784 hoc

413 3809 486 3882 loco
502 3825 563 3880 cst.

454 3983 495 4064 ll)
517 3984 638 4064 Integer
647 3999 738 4044 canon
754 3983 793 4043 58
808 3983 921 4043 concilii
941 3981 1072 4044 Toletani
1095 3985 1136 4046 lV
1152 3981 1230 4062 apud
1246 3981 1396 4044 labbeum
1416 3993 1491 4045 tom.

415 4063 503 4128 dccl.
526 4069 620 4146 lton,
643 4063 713 4126 edit,
734 4067 849 4144 Vocet,
873 4083 959 4144 quenr
980 4083 1115 4128 maneum
1133 4075 1162 4126 et
1176 4065 1313 4126 mutilum
1331 4067 1497 4128 Gratianus
