3122 5178
533 433 725 504 ...51-

111 586 253 649 lunianos
266 581 335 646 666.
357 587 481 646 center.
499 580 699 665 1169166116.
717 585 749 663 1,
769 583 927 647 Panrinios
943 581 977 644 io
990 581 1050 646 166.
1069 603 1151 648 corto.

108 669 236 748 prousisae.
252 668 304 728 rit.
323 663 464 748 Poetilio.
482 663 621 726 Plotiae.
1020 701 1024 708 -

140 749 176 831 (1)
195 755 278 814 Certe
291 751 393 812 Victor
402 748 536 809 Pontifex
542 749 573 808 in
583 748 778 810 oontrorersia
787 747 824 810 de
830 747 967 810 Praebete
981 748 1154 812 celebrando

109 841 193 892 eontra
206 833 343 894 Asiatioos
360 849 505 908 nusquam
522 829 655 890 meminit
672 848 815 891 oonouum
832 832 1043 910 apostolorum,
1059 849 1155 911 neque

109 915 219 974 eositem
231 921 431 974 memorarunt
442 915 473 974 S·
485 912 656 992 Cyprianus,
667 919 718 973 aut
728 911 924 990 Firmilianus,
936 931 1003 974 oum
1014 913 1154 974 adversos

109 995 270 1074 Stephanum
279 995 450 1056 Pontilioem
461 993 557 1076 gravis
564 993 612 1053 illa
624 993 661 1054 de
674 996 820 1072 Baptismo
828 993 1033 1056 heretioornm
1044 1003 1156 1058 oontro·

109 1079 334 1152 ruanterreret,
344 1095 521 1154 quamquam
531 1093 633 1136 omnes
642 1075 747 1137 horum
758 1095 900 1138 cononum
910 1079 1079 1138 auctoritato
1089 1095 1156 1138 sen·

110 1161 214 1220 tentiam
224 1177 306 1220 suam
323 1159 400 1219 tueri
415 1165 541 1236 possent.
557 1157 673 1220 llonimi
685 1159 773 1220 eoam
788 1161 929 1220 momenti
949 1168 991 1220 est
1005 1159 1154 1220 silentium

111 1241 211 1304 tuem
220 1241 403 1303 Cosariensis
412 1248 442 1300 et
452 1243 483 1302 S.
493 1240 676 1320 Hieronymi,
688 1241 973 1318 quiinoonserranda
981 1241 1156 1322 scriptomm

109 1324 314 1402 apostolioorom
329 1322 470 1383 memoria
488 1322 708 1404 diligentissime
721 1323 826 1383 versati
841 1331 921 1384 sunt.

143 1403 181 1484 (6)
200 1404 283 1466 lnhia
293 1404 453 1465 canonibus
463 1405 625 1464 mentioest
637 1407 810 1482 Castorum,
826 1405 992 1482 lectorum,
1008 1403 1159 1490 Hypodio·

111 1487 392 1562 immemorillius
402 1485 1028 1566 habeturparochiarumdistributio,annua
1038 1488 1158 1549 ooneilia

110 1568 331 1646 metropolitana,
344 1568 493 1629 distinctio
510 1569 653 1629 bonorum
667 1567 794 1628 eoolesie
811 1585 827 1626 a
843 1567 927 1628 bonis
946 1568 1086 1646 episcopi,
1101 1587 1160 1646 quo

111 1650 270 1709 referuntur
288 1667 406 1710 canones
418 1653 470 1726 lt,
486 1653 535 1726 li,
551 1652 602 1718 17,
620 1651 677 1725 58,
687 1651 884 1728 16611566.
901 1649 1075 1710 cotelerinm
1090 1652 1159 1712 PP.

114 1732 285 1812 16666669.
294 1733 351 1794 161
364 1751 425 1816 aeq.
444 1740 512 1793 tom.
524 1736 551 1809 l,
564 1731 633 1793 edit.
649 1727 864 1794 Arutelociomi
877 1733 966 1792 1711.
981 1731 1161 1812 Verumhee

114 1815 200 1872 omnia
219 1814 307 1876 multo
324 1823 390 1894 post
411 1815 607 1893 apostolorum
630 1821 659 1874 et
677 1815 708 1876 S.
725 1813 881 1876 Clementis
896 1819 1011 1874 etatem
1027 1814 1160 1876 instituta

111 1903 184 1956 suut.

143 1977 181 2058 (6)
201 1981 240 2039 lta
253 1997 319 2038 oen.
337 1979 377 2038 tt
393 1985 422 2038 et
436 1979 476 2038 ti
494 1977 697 2038 hereticorum
716 1977 876 2056 baptismus
888 1975 1035 2054 rejicitur,
1051 1985 1081 2038 et
1092 1996 1157 2038 oon.

109 2059 142 2118 66
150 2061 221 2120 trino
233 2061 342 2121 mersio
356 2061 387 2120 in
402 2059 544 2138 baptismo
558 2060 715 2120 neeessaria
729 2059 836 2119 dieitur
849 2057 886 2118 ad
900 2059 960 2120 vim
973 2062 1156 2120 sacramenti.

108 2141 182 2216 Quod
195 2150 353 2221 utrumqne
367 2141 405 2201 ab
414 2141 539 2202 eeclesiae
553 2141 684 2203 doctrina
697 2141 825 2200 alienum
836 2147 890 2201 est.

142 2221 179 2302 (7)
199 2226 329 2286 Gelenius
343 2224 488 2300 Pontifex,
503 2233 533 2284 et
543 2223 670 2284 lsidorus
679 2222 854 2302 Hispalensis
864 2219 1078 2304 uterqueopud
1087 2223 1161 2283 Gro-

108 2303 173 2366 tioo.
187 2325 251 2366 can.
265 2309 285 2366 5
301 2304 369 2366 dist.
384 2307 433 2381 16,
446 2309 578 2366 616661
597 2304 666 2366 dist.
681 2309 719 2366 16
731 2303 911 2384 apocryphos
921 2313 1024 2365 vooant
1037 2321 1160 2364 oenones

107 2388 302 2464 apostolorum.
316 2385 372 2450 Sed
382 2387 468 2458 illud,
481 2387 558 2466 quod
571 2387 608 2448 de
620 2385 832 2448 hiseanouibus
842 2386 872 2446 in
883 2387 1034 2449 Gelasiano
1044 2385 1161 2446 ‹leoreto

106 2476 151 2542 ast,
162 2487 217 2530 non
228 2470 357 2544 Gelasio,
369 2467 421 2528 sed
427 2469 588 2530 Hormisde
599 2468 731 2532 Pontilioi
742 2467 929 2528 tribuendum
942 2475 1045 2547 potant
1056 2467 1160 2528 iratres

107 2551 239 2612 llollerinii
252 2553 290 2614 in
307 2548 445 2632 Appeod.
466 2549 507 2612 od
522 2555 619 2632 Opera
633 2553 664 2612 S.
681 2550 786 2612 Leonis
798 2553 845 2612 Μ.
862 2559 931 2610 tom.
948 2553 1044 2633 iper.
1059 2552 1077 2610 5
1091 2569 1158 2632 cop.

105 2635 146 2708 ll,
157 2632 183 2716 ς.
198 2637 315 2716 10669.
324 2635 393 2694 too.
403 2635 467 2694 Non
476 2635 630 2694 enimenta
639 2632 910 2711 interpretationem
920 2631 1051 2712 Dionysii
1057 2632 1159 2712 lisigni

102 2717 418 2792 apostolommoanones
427 2715 524 2776 latinis
535 2715 642 2796 cogniti
649 2715 737 2776 luisse
747 2713 900 2788 ridentum
912 2731 978 2773 eum
989 2713 1161 2792 antiquioris

102 2798 241 2874 versionis,
255 2816 314 2877 per
322 2815 409 2876 quam
420 2795 462 2856 illi
474 2796 519 2858 his
530 2796 687 2858 canonibus
698 2796 740 2856 uti
751 2795 911 2875 potuerint,
922 2794 1036 2855 nullum
1047 2795 1160 2874 uspiam

103 2877 234 2941 indicium
248 2881 305 2941 sit.

134 2959 172 3041 (8)
192 2961 270 3024 Vide
285 2961 504 3023 'l'illemontium
516 2959 549 3020 in
559 2959 610 3020 uit.
628 2963 659 3022 S.
674 2957 764 3022 Ciem.
779 2967 838 3020 ort.
855 2959 873 3020 7
886 2965 955 3019 tom.
972 2958 992 3018 1
1000 2975 1072 3040 pap.
1087 2959 1157 3036 tot,

101 3039 160 3104 edit.
181 3045 285 3104 Venet.
305 3045 403 3117 1751,·
423 3042 635 3120 Albaspinoeum
650 3039 700 3103 tto.
719 3040 915 3104 16666615
997 3085 1004 3099 .
1022 3039 1158 3118 516111.

101 3125 187 3207 lt'eop.
205 3128 313 3201 1770,·
328 3126 449 3206 Pagium
463 3125 494 3184 in
507 3123 573 3185 erit.
589 3127 701 3185 Boron.
719 3123 760 3185 66
773 3143 825 3184 on.
841 3125 910 3199 101,
945 3165 952 3182 .
970 3125 1018 3184 10.
1032 3141 1105 3205 pop.
1122 3126 1160 3184 19

102 3213 160 3266 toro.
177 3209 208 3283 1,
231 3207 308 3270 edit.
331 3208 439 3282 Luooe5
464 3209 527 3267 Van
549 3209 642 3283 liopen
660 3203 781 3268 6166661.
802 3205 835 3266 iu
859 3209 971 3268 Conon.
994 3202 1158 3286 Apostolos.

102 3290 182 3349 Natat.
200 3289 406 3351 Alexandrum
430 3287 544 3349 Histoe.
563 3284 689 3362 Boules,
715 3295 785 3348 torn.
806 3289 824 3348 7
846 3305 913 3350 roeo.
934 3289 963 3364 l,
983 3284 1099 3347 116661.
1122 3289 1160 3347 18

100 3387 161 3452 pop.
172 3373 243 3448 171,
260 3368 337 3432 edit.
355 3373 453 3432 Venet.
464 3389 515 3430 oo.
528 3370 607 3430 1776
615 3391 625 3444 ,·
637 3372 716 3430 Petr.
729 3369 766 3430 (le
776 3372 870 3430 llarea
882 3366 1023 3430 conred.
1037 3368 1157 3430 Sooerd.

101 3459 124 3510 et
133 3455 258 3535 lmper„
277 3449 333 3513 tat.
352 3453 370 3512 5
388 3469 454 3532 eop.
473 3453 503 3512 1.
510 3474 522 3527 ,·
537 3452 724 3532 1166666ςί66
739 3451 773 3512 io
784 3449 912 3534 Prnsot.
929 3447 970 3511 66
982 3449 1095 3511 auoain
1107 3445 1161 3512 iios

104 3537 226 3598 conones
241 3532 397 3610 66166166,
409 3550 475 3610 que
488 3539 602 3592 emtont
612 3533 645 3593 io
655 3531 711 3614 fia.
724 3540 793 3594 tom.
810 3535 839 3608 1,
854 3530 993 3616 Synodio.
1006 3530 1067 3592 aios
1080 3533 1160 3592 Poa-

103 3612 166 3676 161.
180 3635 311 3691 eonon„
387 3617 419 3675 .l
434 3621 531 3698 etseq.
545 3613 751 3691 0666111671,
764 3613 910 3698 etiocod.
925 3609 1157 3675 6666666616.

101 3698 236 3775 pontio.
253 3697 291 3758 o'
332 3697 370 3758 io.
379 3721 391 3772 ,-
403 3695 614 3758 Coteleriumin
627 3697 714 3757 Patr.
730 3691 872 3778 Apostoi,
888 3703 959 3756 tom.
976 3699 1073 3777 lpop.
1086 3693 1156 3770 119,

104 3777 162 3839 siit.
176 3777 401 3843 Amsteiodumi
417 3779 507 3840 1716.

135 3859 172 3942 (1)
192 3867 273 3925 Sunt
292 3861 344 3940 qui
361 3864 388 3922 ll
402 3867 452 3920 out
465 3863 505 3922 lll
519 3861 639 3921 ineunte
652 3861 774 3938 seculo,
789 3865 858 3922 sunt
872 3860 959 3920 etiam
974 3859 1025 3936 qui
1043 3861 1158 3918 mutum

100 3943 195 4004 tetulo
203 3949 232 4006 V
244 3945 303 4004 hos
312 3959 436 4004 meones
448 3942 580 4003 eolleetos
589 3951 703 4022 putent.
717 3947 854 4022 Bevereg.
867 3937 923 4002 166.
936 3939 1001 4016 cit,
1014 3945 1043 4000 et
1053 3937 1158 4017 Doujat

100 4025 225 4088 Proeuot.
239 4021 416 4089 66666116.
433 4025 531 4106 6666.
546 4025 575 4084 1.
893 4019 897 4030 ’
