3122 5170
644 265 1169 418 ·,·-.oeo'-'3;·,

163 527 168 539 .
288 425 397 538 ..ines
411 451 647 553 detrahuntur,
677 443 742 533 soii
766 445 882 548 tertio³
908 475 965 531 out
987 429 1311 558 dimidie'iructuum
1331 483 1414 556 pars

143 555 149 574 ’
220 559 224 574 '
289 581 357 668 *j'e
370 561 531 666 Pontifioe
552 562 705 692 reseruari
728 558 810 688 solet
825 559 890 660 (ὅ)τ
909 575 959 638 '12

379 735 421 811 (1)
444 736 569 817 θαρ.,ἳ1
584 731 619 796 de
634 729 754 810 Praet.;
767 731 835 816 cop.
852 725 1095 800 coerroneos
1110 771 1115 782 ·
1129 720 1133 730 '

381 819 422 898 (ἓ)
447 819 520 898 Gop.
533 819 552 877 t
567 815 602 878 de
618 813 722 877 cleric.
736 825 838 898 eprot.
851 811 897 875 oei
906 811 1011 890 decim
1027 832 1095 895 cap.
1111 815 1131 875 6
1148 810 1184 874 de
1197 830 1258 872 rer.
1270 831 1368 894 perne

380 899 422 982 (3)
443 899 566 962 Consule
577 902 705 980 annsn.
717 897 750 958 in
760 917 826 980 cop.
840 897 910 958 Nisi
920 904 1016 958 essem
1024 893 1059 957 de
1071 893 1169 958 Proeb.
1182 913 1269 956 oum.
1282 895 1336 956 27.

324 1055 328 1064 .
387 1077 417 1178 §
446 1075 611 1152 XXXIV.
646 1074 854 1148 Cathedreles
881 1073 1051 1165 ecclesias,
1082 1099 1159 1172 quae
1191 1099 1319 1146 annuos
1345 1071 1415 1143 du-

83 1251 86 1258 ,
221 1251 225 1262 ,
247 1253 259 1282 4
317 1191 426 1249 'cetos
452 1176 563 1264 mille,
589 1191 623 1246 et
658 1173 873 1271 parochiales,
904 1199 978 1271 quae
1015 1189 1149 1245 eentum
1185 1175 1258 1252 ¹suis
1300 1171 1415 1242 fructi-

237 1274 240 1282 ’
340 1275 403 1346 bus
429 1299 496 1346 non
522 1289 694 1370 superant,
735 1271 830 1345 Trid.
865 1270 1009 1372 synodus
1041 1269 1253 1370 pensionibus
1283 1272 1417 1342 onerari

319 1389 428 1444 arctet
459 1373 524 1470 (1).
560 1371 625 1444 Sed
658 1397 748 1442 nunc
772 1373 807 1441 in
838 1369 996 1468 parochiis
1032 1369 1186 1442 omnibus
1220 1369 1418 1441 indiscrimi-

335 1473 442 1542 natim
475 1473 644 1566 pensiones
685 1495 753 1541 non
794 1469 1029 1566 imponuntur,
1069 1483 1107 1539 ut
1140 1466 1299 1564 parochus
1328 1469 1417 1538 inte·

338 1559 418 1664 ¹gros
459 1567 574 1638 habeut
616 1565 756 1658 reditus,
797 1591 872 1636 eum
919 1565 1037 1664 quibus
1078 1565 1276 1664 pauperibus
1314 1589 1416 1662 opem

342 1667 427 1738 serre
458 1669 558 1763 possit
586 1663 651 1764 (ἢ).
690 1663 900 1762 Quamquam
932 1679 1042 1735 eutem
1069 1667 1239 1760 pensiones
1280 1665 1416 1760 proprie

341 1764 500 1836 beneficia
516 1790 584 1836 non
614 1767 697 1853 sint,
722 1779 834 1833 temen
852 1761 1005 1834 beneficii
1020 1761 1092 1834 loco
1123 1776 1221 1852 sunt,
1256 1765 1414 1859 quoniam

342 1889 381 1934 ex
417 1861 631 1934 ecciesiasticis
666 1861 759 1933 bonis
787 1859 1029 1959 decerpuntur,
1063 1875 1096 1931 et
1137 1859 1212 1931 ideo
1244 1885 1314 1930 non
1351 1859 1414 1930 nisi

342 1959 464 2032 clericis
502 1959 623 2031 dantur
648 1959 721 2056 (5),
752 1984 789 2030 ec
819 1984 879 2055 per
909 1959 1154 2032 matrimonium
1188 1960 1413 2046 amittuntur,

342 2061 404 2130 nisi
441 2084 541 2156 quem
577 2056 667 2129 sedes
707 2056 890 2154 Apostolicn
931 2057 1004 2157 lege
1040 2055 1170 2129 solverit
1209 2055 1279 2154 (t).
1309 2054 1415 2126 Porro

342 2156 449 2229 clerici
478 2159 634 2254 pensione
671 2154 765 2226 ditati
801 2155 950 2227 officium
997 2153 1038 2227 B.
1079 2155 1221 2252 Virginis
1263 2152 1411 2252 quotidie

342 2256 476 2328 recitare
490 2253 613 2326 debent
629 2253 699 2351 (5).

383 2424 425 2508 (t)
446 2429 533 2488 Cone.
547 2425 630 2487 Trid.
645 2443 716 2489 sess.
734 2427 773 2486 nt
788 2443 852 2506 cop.
872 2427 910 2486 15
928 2423 964 2486 de
978 2423 1101 2508 reform.
1386 2491 1396 2508 ,

384 2507 425 2588 (2)
446 2511 518 2569 Ben.
533 2511 602 2569 xnl
615 2517 706 2568 certet.
721 2511 842 2585 Quanto
852 2508 931 2587 opud
942 2508 1108 2570 Ferrarium
1119 2505 1186 2570 titt.
1199 2505 1280 2569 verit.
1293 2507 1411 2572 Pensio.

342 2608 399 2669 quo
415 2607 502 2668 porro
522 2589 728 2650 constitutione
739 2589 944 2651 confirmatum
961 2599 1005 2651 est
1023 2589 1172 2664 edictum²
1197 2589 1278 2670 quod
1297 2590 1413 2671 pridem

345 2676 443 2734 lnnoc.
458 2675 512 2732 ΧΙΙ
524 2689 557 2731 en
569 2669 606 2730 de
616 2689 649 2730 re
662 2671 808 2732 emiserat.

343 2753 1413 2918 buppgrp’.elprussiguporpstpoffscporpspplctppcnrgsssaffinipipp§.dpotpmpg

342 2936 412 2999 por.
431 2920 529 2999 tpcp.
546 2919 586 2977 to
600 2915 696 2998 ejusd.
713 2915 856 2979 eddium.
872 2915 930 2978 ule.
1526 2967 1527 3002 p

244 3027 246 3031 ·
385 2998 427 3080 (t)
448 3004 523 3061 Sunt
534 2999 585 3076 qui
600 2999 753 3081 privilegio
766 2999 844 3060 sedis
856 3001 957 3079 Apcst.
978 2999 1179 3062 ecclesiasticos
1194 3003 1350 3080 pensiones
1363 3019 1414 3064 rn-

344 3082 455 3156 tincnt‚
479 3085 655 3159 quamquam
671 3100 791 3142 uxorem
809 3081 935 3142 habeant
953 3091 983 3144 et
1002 3101 1178 3162 quemquem
1200 3083 1327 3146 clericali
1346 3093 1413 3146 ton-

344 3181 411 3223 sure
423 3162 554 3242 insigniti
566 3181 625 3223 uon
636 3163 706 3224 sint.
719 3163 843 3226 Consule
855 3167 970 3225 Ferrar.
984 3161 1051 3226 titt.
1070 3167 1096 3226 V
1107 3164 1227 3227 Pensio.

385 3245 415 3325 (5
448 3247 478 3306 S.
502 3245 570 3304 Pius
594 3247 620 3306 V
644 3253 736 3308 const.
762 3247 811 3307 En
831 3245 968 3328 proximo
994 3245 1097 3330 186§.
1125 3250 1141 3309 t
1166 3255 1237 3308 tom.
1257 3251 1278 3310 t
1297 3267 1366 3331 par.
1394 3251 1413 3310 5

345 3327 395 3388 cit.
452 3323 691 3408 llanpopidt).

392 3482 422 3583 ς.
451 3481 594 3555 XXXV.
625 3483 743 3557 Pensio
774 3501 933 3582 tunquam
970 3485 1173 3558 ususfructus
1210 3488 1413 3583 extinguitur

346 3597 452 3653 morte
487 3581 614 3675 cleriei,
653 3584 710 3680 qui
745 3609 782 3654 en
823 3588 931 3656 vivens
969 3583 1158 3672 fruebatur3
1202 3587 1264 3656 nisi
1298 3588 1413 3682 ipses

343 3679 418 3752 sede
450 3679 633 3776 Apostolice
655 3683 690 3751 in
726 3680 826 3752 elium
858 3682 1090 3756 transferendae
1114 3685 1279 3780 pensionis
1309 3683 1414 3754 sacul-

343 3793 445 3849 tetem
481 3777 670 3852 obtinuerit.
720 3777 795 3863 Quo
834 3781 1002 3877 privilegio
1042 3781 1199 3852 fruuntur
1233 3779 1414 3852 cardinales

344 3891 379 3946 et
414 3874 485 3966 elii,
518 3878 636 3972 quibus
672 3877 756 3950 illud
783 3904 802 3948 a
833 3905 962 3952 summo
993 3878 1156 3954 Pontifice
1192 3878 1308 3952 datum
1340 3895 1410 3966 est3
