3134 5144
379 405 434 443 ”’
489 437 708 518 ..aro-

118 594 150 677 li)
159 595 321 657 pntrimonii
336 592 422 655 titulo
435 594 613 656 oooasionem
626 595 740 656 dedisse
758 593 875 658 videtur
885 595 1052 658 Alexander
1072 603 1111 662 lll
1117 645 1128 680 ,

87 675 175 758 iosap.
197 681 216 738 t
239 674 433 759 depreben„
463 695 530 738 eum
548 679 730 757 episcopum,
757 677 807 756 qui
828 678 966 741 derisum
991 681 1055 740 sine
1078 681 1132 742 be-

87 757 168 819 netioio
185 753 384 836 ordinaverat,
411 757 553 819 liberata
578 779 662 838 poena
686 757 1009 842 eidem'suppeditandi
1032 779 1133 824 neees-

85 843 154 917 suia,
173 840 263 902 dooeo
276 841 499 902 eeclesiasticam
514 840 688 901 beneficium
702 840 878 916 obtinuerit,
894 859 953 920 quo
974 861 1037 904 sese
1055 845 1134 904 alere

86 920 295 1066 honestppossiu
306 921 369 984 oiri
390 920 565 1017 [ortentolio
606 923 642 1018 ui
658 921 835 1018 ordiootor',
847 923 1008 1020 exstiterit,
1026 926 1081 1008 qui
1098 925 1135 988 de

85 1001 1135 1170 :tt,itmtdttldttptmllut‘tttttdttti!

86 1167 190 1228 trimonii
204 1169 323 1230 titulum
338 1169 480 1241 instituit,
497 1167 549 1229 sed
566 1177 680 1230 tentum
692 1169 833 1249 'proponit
851 1187 964 1248 ossum,
978 1189 1036 1248 quo
1055 1173 1132 1250 epis-

85 1249 197 1326 oopusab
221 1269 257 1311 ea
290 1268 375 1329 prena
398 1249 553 1310 liberetur.
569 1253 780 1312 Verumtamen
802 1253 957 1312 mnonistae
981 1251 1038 1312 boc
1064 1253 1132 1314 ireti

86 1329 180 1391 decreto
202 1331 374 1408 Alexandri,
398 1331 653 1394 indiscriminatim
677 1332 808 1392 ordinari
834 1339 975 1410 putarunt
998 1335 1132 1408 elericos,

84 1411 120 1470 rel
140 1411 278 1490 beneficii,
293 1413 340 1472 vel
361 1413 529 1492 pntrimonii
555 1413 725 1491 titu103sed
747 1413 903 1475 eonsilium
925 1414 1133 1478 Tridentinum

84 1509 144 1554 test.
158 1495 189 1555 tt
206 1514 271 1578 cop.
293 1497 312 1556 Ξ
328 1492 364 1556 de
379 1494 502 1579 reform.
521 1497 643 1556 statuit:
666 1521 679 1548 a
693 1498 737 1558 Ne
758 1497 824 1574 quis
844 1495 964 1556 olerious
989 1499 1133 1559 saecularis

84 1573 208 1636 adsaoms
216 1577 332 1640 ordines
345 1585 564 1658 promoveatur,
581 1578 638 1638 nisi
661 1577 743 1656 prius
763 1577 894 1660 legitime
906 1585 1033 1654 oonstet‚
1066 1597 1134 1640 eum

84 1653 237 1718 beneficium
260 1659 501 1738 eealesimtionm,
533 1659 614 1738 quod
638 1659 694 1721 sibi
718 1659 756 1720 ad
779 1659 889 1720 vietum
913 1659 1035 1722 honeste
1050 1661 1133 1722 suffi-

86 1737 151 1812 oiat,
173 1739 277 1818 proibeo
299 1741 472 1822 possidere.
491 1785 499 1802 .
518 1784 554 1802 ..
583 1741 794 1804 Patrimonium
824 1759 909 1818 vero,
945 1743 991 1802 vel
1016 1744 1134 1822 pensio

84 1837 145 1878 nom
163 1821 313 1884 obtinentes
338 1823 468 1884 ordinari
486 1830 551 1902 post
573 1822 628 1884 beo
651 1823 854 1904 nonpossint,
879 1823 935 1884 nisi
958 1824 1037 1902 illos,
1060 1845 1133 1905 quos

86 1901 216 1981 episeopus
236 1904 411 1983 jndimrerit
434 1904 622 1967 assumendos
652 1923 706 1984 pro
730 1906 914 1982 necessitate,
937 1906 982 1966 vel
1003 1925 1133 1969 mmmo·

83 1979 160 2044 ditate
174 1985 353 2048 eeclesiarum
372 2006 528 2048 snorumo
550 1987 662 2063 Quibus
686 2005 722 2048 ex
746 1988 844 2050 verbis
860 1988 1046 2072 manifestum
1070 1999 1129 2066 est,

81 2073 145 2126 nete
162 2065 311 2130 definitum
338 2088 356 2130 a
386 2073 449 2131 Sao.
470 2069 700 2150 congregatione
724 2070 838 2130 oonoilii
865 2069 943 2148 apud
963 2073 1132 2150 Fagnanum

82 2144 133 2207 t'uo
171 2191 178 2208 .
202 2148 275 2212 lde
326 2148 416 2214 etan.
431 2165 520 2212 aaut:
541 2153 581 2212 nt
603 2170 637 2212 ex
657 2152 801 2212 sententio
822 2152 927 2232 synodi
951 2151 1132 2216 Tridentinae

80 2225 141 2290 bone
161 2231 194 2290 eii
229 2235 252 2294 ti
300 2252 350 2294 una
380 2229 545 2316 legitimum
570 2241 658 2312 atque
692 2230 882 2296 ordinarium
906 2253 977 2311 esse,
1010 2236 1131 2296 titulum

80 2325 137 2370 tero
157 2315 337 2391 patrimonii,
362 2333 395 2374 ao
430 2315 577 2394 pensionis
604 2313 898 2393 extraordinariam,
926 2336 960 2376 ao
980 2317 1071 2378 veluti
1094 2338 1131 2379 es

78 2388 275 2474 dipensatione
287 2395 420 2473 admitti,
436 2415 502 2458 oum
523 2397 664 2458 nimirum
684 2397 833 2478 episeopus
857 2415 911 2476 pro
934 2397 1060 2460 eeolesloe
1074 2402 1132 2460 uti·

77 2472 152 2551 litate,
166 2485 214 2538 ant
225 2479 398 2540 neeeseitote
408 2479 535 2556 aliquem
546 2479 744 2540 ordinandum
758 2497 821 2540 esse
828 2478 1014 2558 judicaverit.

107 2555 143 2636 (l)
158 2561 294 2639 synodus
312 2559 485 2624 Tridentino
510 2557 565 2622 loe.
594 2562 643 2622 eit.
672 2567 786 2622 tantum
808 2563 840 2622 in
866 2561 1024 2639 majoribus
1048 2565 1130 2626 ordi-

76 2637 146 2700 nibus
158 2643 278 2704 titulum
301 2643 427 2721 postulat
445 2641 579 2704 beneficii
585 2687 595 2720 ,
621 2643 783 2722 pensionis,
808 2649 859 2703 aut
878 2644 1062 2722 patrimonii;
1078 2649 1131 2708 sed

75 2719 99 2779 in
121 2722 185 2784 loeis
208 2725 423 2804 compluribus,
449 2726 510 2786 sive
529 2725 605 2806 lege,
627 2743 715 2804 quam
742 2723 827 2800 multi
849 2741 916 2784 oum
934 2725 1033 2786 Glosse
1046 2746 1131 2806 repe-

74 2809 127 2862 tunt
150 2823 183 2866 ex
205 2826 278 2889 oop·
303 2808 323 2868 i
344 2805 379 2867 de
401 2804 546 2889 probem,
572 2807 623 2868 ubi
649 2826 681 2867 ee
706 2807 737 2866 in
762 2805 922 2868 rennllnm
945 2806 1021 2868 inter
1040 2811 1132 2889 moJo-

75 2901 110 2944 ros
128 2888 313 2968 minoresque
327 2889 445 2950 ordines
459 2889 615 2950 diserimen
627 2887 831 2964 eonstituitur,
845 2888 907 2948 sire
920 2891 1130 2954 consuetudine

72 2977 200 3046 rooepbrrn
222 2979 288 3046 est,
303 2977 337 3030 ut
359 2971 447 3032 etiam
463 2971 494 3030 in
511 2971 674 3032 minoribus
695 2969 848 3031 ordinibus
869 2969 972 3030 titulus
1001 2975 1130 3052 requira-

72 3055 118 3108 tur.
138 3052 241 3114 Gonler
276 3051 426 3114 (liraldum
451 3052 575 3133 exposit.
607 3054 678 3114 lor.
714 3049 853 3134 Poetilio.
876 3059 958 3134 port.
986 3055 1000 3114 l
1028 3053 1079 3118 lob.
1109 3060 1127 3120 5

76 3129 278 3196 aldermon.
297 3135 356 3194 tto
372 3137 385 3194 l
402 3153 473 3216 pag.
491 3137 563 3198 nto.

102 3213 136 3294 ld)
148 3216 203 3276 Git.
218 3217 342 3277 eonstit.
358 3217 510 3280 Rootouoa
525 3213 666 3298 Pontifex
681 3218 711 3277 S.
728 3215 819 3278 PiiV.

100 3295 135 3378 (t)
158 3301 233 3382 cop.
257 3301 335 3360 Cum
354 3297 565 3360 semudomde
586 3293 715 3380 prebere.
744 3299 804 3358 llao
824 3305 922 3358 autem
942 3319 1043 3380 prena,
1071 3322 1124 3381 per

70 3396 139 3454 quom
159 3383 318 3461 episoopus
338 3380 441 3442 olerioo
469 3381 533 3442 sine
555 3380 641 3442 titulo
666 3377 801 3440 ordinato
824 3380 961 3443 elimenta
990 3394 1128 3462 prestare

71 3462 179 3540 opto,
206 3481 279 3524 eum
300 3470 413 3526 tantum
436 3461 575 3540 liberari,
591 3463 615 3522 si
642 3461 704 3539 ipse
724 3459 845 3522 olerieus
864 3462 993 3526 obtineat
1016 3465 1129 3528 benoli-

70 3541 146 3617 rinn,
161 3564 222 3608 non
243 3546 318 3606 item
337 3545 361 3604 si
380 3543 517 3606 arbonis
540 3541 792 3622 patrimonialibus
815 3543 960 3623 obtineat,
985 3549 1063 3609 unde
1085 3551 1131 3610 vi-

69 3641 123 3686 rore
140 3627 270 3690 boneste
283 3628 392 3706 possit,
411 3626 572 3688 seeundum
589 3624 638 3704 jus
653 3626 842 3686 novissimum
850 3645 931 3688 eone.
950 3630 1128 3710 Tridentini,

68 3709 178 3772 ostendit
192 3712 320 3792 lligaut.
337 3707 378 3770 od
391 3705 484 3791 regul.
501 3710 541 3770 il
554 3707 581 3790 S.
596 3709 770 3770 numiui.

102 3921 128 4022 ᾗ,
165 3927 214 3998 Χ.
239 4001 242 4006 ,
266 3925 377 4022 thue
411 3924 491 3998 ordo
531 3926 686 3998 clericalis
724 3925 928 4025 turpitudine
959 3927 1048 3998 omni
1080 3951 1129 3996 oo-

64 4040 120 4092 reat
149 4041 184 4095 et
217 4023 340 4094 idonee
381 4025 509 4096 seientia
543 4026 583 4094 sit
620 4024 795 4120 preditus,
841 4039 1049 4190 neeesse¹pst
1082 4025 1130 4096 in-

151 4148 234 4194 roa.
269 4145 292 4190 r.
1021 4173 1028 4190 .
