3122 5170
495 460 716 534 -675-

73 611 179 683 multo
220 612 319 704 magis
365 635 450 680 sacra
497 609 690 695 ministeria,
738 633 811 703 quaa
841 607 907 679 duo
945 606 1141 682 beneficium

72 708 318 806 complectitur,
352 709 421 778 sine
450 705 590 778 ecclesiae
627 708 818 778 auctoritate
850 705 920 775 dari
957 725 1142 805 nequeant,

72 807 280 878 manifestum
308 821 378 895 est,
418 807 487 876 sine
518 803 578 874 bac
611 805 800 875 auctoritate
835 803 965 874 nullum
993 832 1080 896 esse,
1111 827 1146 882 et
1239 821 1242 830 ’

71 905 185 976 haberi
221 903 417 976 beneficium
494 927 554 974 sse.
596 901 706 986 Quare
742 925 856 973 omnes
887 901 1028 994 reditus,
1068 904 1147 978 licet

71 1021 233 1100 perpetuo
271 1002 393 1074 clericis
433 1027 453 1072 o
511 999 677 1098 spirituale
704 997 837 1098 aliquod
873 998 1018 1074 officium
1049 1008 1147 1074 attri-

72 1103 160 1192 buti,
183 1105 231 1171 uti
259 1099 363 1196 legata
387 1102 440 1196 pia
468 1113 502 1170 et
534 1098 732 1195 capellaniae,
767 1099 924 1170 beneficia
956 1125 1023 1170 non
1048 1119 1144 1192 sunt,

71 1202 133 1270 nisi
171 1201 311 1296 episcopi
344 1197 475 1270 accedat
513 1199 704 1288 auctoritas,
745 1195 802 1266 sed
849 1221 939 1267 mera
986 1199 1147 1296 stipendia

72 1314 131 1369 aut
150 1295 364 1396 eleemosynas
386 1311 573 1368 censentur.

122 1393 152 1495 §.
181 1395 240 1466 Vl.
276 1397 424 1494 Denique
458 1393 656 1466 beneficium
696 1409 832 1491 propter
864 1391 1030 1489 spirituale
1070 1395 1148 1466 offi-

70 1495 160 1564 cium
188 1495 374 1564 institutum
401 1507 461 1564 est.
494 1489 570 1564 Non
596 1495 684 1564 enim
711 1491 842 1564 clericos
869 1494 985 1564 otiosos
1013 1507 1047 1562 et
1066 1491 1148 1564 nihil

71 1607 204 1686 agentes
234 1618 272 1662 ex
306 1591 522 1664 ecclesiasticis
553 1589 711 1662 reditibus
743 1591 848 1661 rivere
881 1605 1024 1686 oportet.
1053 1588 1149 1663 Proe-

71 1693 207 1786 cipuum
230 1689 419 1762 clericorum
455 1687 601 1760 officium
636 1691 779 1787 positum
808 1703 857 1760 est
886 1691 921 1760 in
950 1687 1056 1759 altaris
1084 1691 1150 1760 rni-

82 1791 221 1861 nisterio
260 1803 358 1886 atque
392 1791 428 1857 in
468 1787 636 1884 precibus,
675 1813 755 1886 quas
796 1786 838 1857 ad
873 1787 983 1858 Deum
1020 1787 1151 1860 mittere

73 1912 137 1983 pro
176 1891 300 1958 cunctis
327 1886 467 1974 debent3
511 1902 546 1957 et
582 1911 659 1958 vero
686 1885 818 1957 ecclesia
850 1900 951 1956 certas
983 1887 1152 1956 constituit

73 2011 207 2081 preces,
238 2009 313 2083 quae
343 2009 543 2081 unoquoque
576 1983 630 2055 die
662 2011 681 2056 a
722 1981 933 2054 beneficiariis
972 1981 1151 2055 fundendae

73 2099 167 2174 sunt,
199 2099 236 2154 ut
259 2109 317 2172 eo,
352 2108 419 2180 quo
454 2098 608 2154 tenentur
640 2085 675 2152 in
703 2084 836 2180 primis,
872 2081 1055 2176 fungantur
1081 2107 1152 2152 rnu-

75 2207 167 2252 nere.
197 2185 309 2280 Atque
330 2181 382 2253 bae
405 2197 483 2251 sunt
510 2179 599 2252 borae
630 2183 814 2269 canonica,
846 2205 925 2276 quas
953 2203 1066 2249 omnes
1097 2178 1152 2250 be·

75 2278 232 2351 neliciarii
263 2278 409 2378 quotidie
437 2281 571 2349 recitare
598 2277 740 2367 debent,
780 2293 815 2348 et
850 2303 924 2374 quac
957 2277 1076 2348 divina·
1100 2280 1153 2374 os·

71 2376 152 2472 ficii
179 2405 219 2450 ac
248 2380 419 2451 breviarii
445 2379 578 2448 nomine
608 2373 830 2474 appellantur.

125 2475 156 2576 δ.
185 2477 259 2546 Vll.
288 2474 353 2548 Sed
394 2489 514 2572 praeter
555 2473 617 2546 hoc
659 2475 823 2562 officium,
868 2471 958 2572 quod
1000 2471 1152 2545 omnibus

76 2575 290 2646 beneficiariis
315 2598 489 2645 commune
519 2587 584 2661 est,
614 2571 747 2669 quidam
778 2587 872 2661 sunt,
907 2573 964 2668 qui
1001 2586 1034 2642 et
1065 2569 1154 2642 aliud

77 2673 202 2744 babent
260 2673 493 2759 ministerium,
542 2686 771 2766 personatum,
832 2669 1046 2766 dignitatem,
1097 2687 1154 2740 aut

76 2797 187 2842 curam
227 2773 421 2841 animarum.
470 2767 551 2842 Haec
588 2767 746 2840 beneficia
775 2766 930 2865 duplicia,
968 2783 1077 2838 cetera
1119 2771 1153 2838 in

77 2865 199 2966 quibus
228 2869 282 2938 illa
314 2895 381 2939 non
409 2871 535 2954 insunt,
568 2865 724 2962 simplicia
753 2866 970 2963 appellantur.
995 2863 1043 2934 Ex
1071 2866 1154 2934 sim·

75 2967 215 3064 plicibus
245 2965 409 3038 beneficiis
442 2963 590 3062 quaedam
625 2979 725 3054 sunt,
758 2991 833 3060 quac
876 2963 1064 3062 adjunctam
1098 2961 1153 3034 ha·

78 3065 159 3137 bent
196 3062 300 3160 legem
352 3063 556 3151 residentiae,
592 3065 640 3132 uti
685 3077 761 3134 sunt
794 3065 999 3134 canonicatus
1038 3076 1072 3130 et
1106 3087 1155 3132 ca·

77 3162 229 3260 pellaniae
275 3179 444 3260 perpetuoe
496 3159 704 3232 ecclesiastica
753 3175 911 3258 potestate
947 3160 1150 3250 constituta,

76 3280 111 3332 et
140 3259 210 3332 baec
238 3261 395 3333 beneficia
426 3259 675 3332 eamcam
684 3311 697 3346 ,
727 3275 832 3330 cetera
866 3283 884 3328 a
916 3257 1035 3355 quibus
1070 3281 1153 3330 onus

77 3357 163 3430 illud
202 3359 310 3446 abest,
348 3359 480 3457 proprie
518 3359 697 3453 simplicia
739 3372 772 3427 et
807 3379 873 3427 non
904 3357 1152 3429 residentiam

77 3457 246 3530 dicuntur.
279 3458 402 3528 Verum
441 3458 668 3548 canonicatus,
701 3480 899 3553 quamquam
928 3455 1015 3525 inter
1046 3451 1152 3524 bene·

77 3559 152 3629 ficia
193 3557 350 3653 simplicia
395 3569 634 3640 recenseantur,
675 3567 786 3624 tamen
821 3551 981 3622 accedunt
1025 3547 1066 3619 ad
1104 3549 1153 3620 di-

77 3657 217 3750 gnitates
246 3655 321 3750 (l),
356 3653 495 3751 ideoque
526 3654 561 3720 in
593 3651 709 3724 odiosis
745 3649 939 3747 simplicium
970 3645 1151 3720 beneficio-

77 3779 154 3823 rum
175 3757 307 3824 nominc
339 3777 408 3822 non
439 3750 661 3823 continentur.
692 3749 808 3846 Neque
835 3772 911 3819 vero
942 3745 1015 3818 haec
1044 3746 1149 3818 bene-

76 3849 151 3922 ficia
188 3867 355 3948 tamquam
382 3851 489 3920 inania
524 3863 559 3916 et
594 3851 693 3920 otiosa
730 3846 878 3918 habenda
914 3860 1014 3934 sunt,
1060 3845 1151 3942 quod

77 3974 193 4021 eorum
235 3966 374 4021 rectores
416 3946 559 4018 nullum*
588 3947 749 4042 peculiare
789 3944 934 4016 officium
982 3955 1146 4014 exercent.

77 4048 164 4120 Nam
191 4073 261 4120 rem
287 4047 476 4145 praeclaram
513 4062 547 4118 ct
572 4069 722 4141 magnam
750 4057 924 4139 praestant,
953 4043 1011 4139 qui
1039 4065 1150 4136 preces

182 4171 258 4218 ron.
288 4171 310 4216 r.
1003 4139 1051 4211 29
