3164 5174
547 436 767 508 -511-

131 609 208 656 versa
243 583 471 674 1661666666
497 611 673 670 canonem,
693 586 800 682 legere
835 590 971 684 possint,
1011 591 1188 687 paralitici,

132 682 273 755 comitiali
313 683 430 755 morbo
466 683 669 777 laborantes,
699 699 845 756 carentes
881 687 992 784 oliquo
1019 690 1187 780 membro,
1320 717 1324 724 ’
1398 711 1403 718 ’

131 797 197 876 puta
221 796 404 854 mannent
435 783 520 880 pede
551 781 625 882 (l),
658 786 739 882 quin
770 787 868 854 etiam
905 785 1007 880 digito
1033 787 1074 857 ad
1098 788 1191 860 sran-

129 880 258 976 666166
302 879 449 952 Hostiam
483 883 680 973 necessario,
725 879 853 980 pollice·
890 885 1047 954 nimirum
1091 902 1190 984 utque

129 977 224 1050 indiae
253 979 327 1074 (2),
358 981 416 1074 qui
445 979 584 1076 pedibus
620 995 704 1051 stare
735 995 769 1051 et
810 983 983 1064 consistere
1014 1008 1084 1054 non
1119 1010 1191 1082 pos·

130 1093 196 1148 sunt
219 1077 297 1174 (5),
331 1075 450 1173 quibus
476 1077 659 1149 volentibus
684 1077 785 1148 virilia
805 1094 882 1150 eunt
908 1095 994 1151 secta
1024 1081 1099 1178 (d),
1129 1085 1203 1154 nisi·

131 1173 160 1242 id
184 1201 276 1247 suasu
303 1173 525 1268 medicorum,
548 1179 663 1248 autin
690 1175 858 1248 cunabulis
887 1177 1013 1250 lectum
1048 1182 1087 1250 sit
1119 1181 1186 1278 (5).

164 1407 202 1490 (t)
223 1412 299 1470 666.
318 1407 384 1470 ode
398 1427 513 1492 corpor.
527 1409 627 1471 vitiat.
640 1407 780 1471 ordinae.
797 1408 838 1492 (2)
855 1411 928 1493 Cap.
948 1413 962 1472 1
980 1409 1044 1472 end.

165 1489 204 1570 (1]
225 1495 299 1553 corr.
318 1493 357 1553 67
369 1489 438 1552 diet.
453 1495 468 1552 1
481 1489 516 1554 de
525 1511 666 1570 consecr,
677 1490 773 1576 111666
785 1489 890 1554 616666
899 1491 979 1553 verb.
993 1513 1062 1554 cem
1071 1489 1186 1555 166616.

164 1571 657 1656 (1)666.1611111161.116,666.
681 1573 1187 1656 detldecorpor.oitiot.ordirt.

130 1655 330 1718 Corelliana.
347 1674 416 1717 corr.
435 1659 450 1718 1
468 1664 538 1718 torn.
555 1653 690 1718 1666611.
708 1653 764 1718 661.
781 1655 886 1718 labbei
898 1654 952 1718 col.
969 1659 1008 1718 55
1021 1654 1067 1718 ed.
1087 1658 1188 1718 Veoet.

167 1733 207 1817 (s)
227 1739 294 1820 Cup.
317 1739 420 1799 5616
447 1737 512 1800 eod.
534 1743 609 1802 Sunt
633 1740 721 1800 etiam
739 1738 964 1820 irregularitatis
984 1745 1117 1817 expertes
1137 1741 1188 1818 qni

129 1817 336 1896 retentura,
355 1827 389 1879 ut
409 1820 575 1883 Dorotheus
592 1820 670 1900 apud
690 1819 847 1882 Eusebium
874 1818 972 1882 eccles.
999 1819 1069 1882 tot.
1100 1817 1148 1882 to.
1170 1823 1187 1881 7

130 1915 164 1958 66
184 1943 192 1959 .
209 1901 246 1960 52
262 1921 295 1996 p.
322 1901 457 1979 566611.
486 1901 788 1986 7616611666161616.
814 1903 907 1981 1716,
932 1903 1053 1965 116Ιί1116
1069 1911 1100 1963 61
1121 1903 1187 1980 alii,

129 1998 146 2039 r
197 2000 211 2041 a
241 1983 393 2060 violentia,
422 1985 523 2064 quales
548 1985 619 2046 olim
645 1985 766 2046 luerunt
800 1988 962 2048 Germanus
988 1993 1018 2046 et
1059 1985 1189 2065 lgnatius

128 2063 244 2124 eunuchi
258 2067 327 2126 lacti
342 2073 422 2126 sunt.
445 2071 495 2128 lvo
507 2068 692 2129 carnotensis
746 2111 752 2126 .
770 2069 826 2128 net
844 2085 912 2163 opp.
922 2087 993 2150 pur.
1010 2069 1029 2128 1
1042 2085 1116 2150 666.
1132 2069 1186 2143 98,

126 2142 167 2204 61.
184 2147 287 2209 Porio.
305 2151 401 2225 1617,
417 2149 548 2228 loquitur
566 2149 605 2210 de
622 2167 725 2210 monac
747 2167 765 2210 o
783 2149 983 2225 cluniacensi,
1002 2149 1052 2228 qui
1069 2159 1189 2228 propter

126 2225 287 2308 languorem
306 2230 458 2292 eunuchus
476 2230 569 2291 166166
589 2231 661 2307 fuit,
683 2249 778 2310 neque
794 2231 963 2312 irregularis
974 2232 1080 2307 erasit,
1095 2231 1187 2292 multa

39 2379 40 2392 ¹
127 2308 289 2388 hujusmodi
304 2313 435 2392 exempla
450 2313 541 2374 refert
563 2311 744 2393 Theophilus
759 2313 912 2394 Rayneud.
932 2332 1001 2396 opp.
1026 2311 1188 2374 166666-

124 2387 234 2454 cdr‘earo.
261 2397 359 2470 Quare
385 2395 520 2457 Nicoenns
542 2394 729 2458 66666.16(1
754 2413 803 2456 eos
821 2395 966 2474 pertinet,
985 2395 1036 2474 qui
1057 2413 1088 2456 se
1110 2396 1187 2474 ipsos

124 2473 319 2553 absciderunt,
336 2483 370 2537 61
386 2477 527 2557 Origenes
543 2484 573 2536 et
592 2477 743 2550 Leontius,
760 2495 833 2556 quos
854 2478 960 2538 imitati
978 2485 1046 2538 sunt
1066 2477 1187 2558 valesii,

123 2573 166 2616 seu
185 2558 333 2620 Valesiani
360 2558 492 2619 heretici
511 2557 590 2637 apud
613 2558 811 2638 Epiphanium
833 2557 935 2620 61666.
966 2555 1069 2620 lorea.
1099 2555 1188 2620 tate

122 2635 218 2702 ltoerer.
235 2642 278 2702 58
292 2643 393 2702 16661
411 2640 644 2722 6666661119,
660 2639 707 2702 61.
724 2640 844 2702 Petoot‘t'
853 2639 955 2702 Poris.
969 2641 1062 2702 totu.

163 2838 193 2942 ς.
219 2842 301 2915 Vll.
340 2841 466 2914 Vitium
494 2863 551 2916 661
577 2843 721 2916 defectus
749 2845 850 2916 animi
872 2842 1063 2940 irregulares
1085 2843 1186 2916 efficit

121 2936 202 3032 illos,
228 2945 291 3040 qui
314 2941 512 3038 baptismum
531 2971 600 3016 non
619 2959 833 3040 acceperunt,
860 2959 894 3014 61
917 2940 1036 3014 borum
1053 2941 1189 3040 quidem

120 3038 275 3112 ordinatio
303 3043 395 3111 irrita
421 3057 489 3132 est,
527 3045 603 3140 quia
630 3068 706 3114 cum
731 3041 872 3114 ecclesiae
896 3043 1033 3140 januum
1055 3044 1189 3137 ingressi

119 3161 179 3209 non
199 3137 346 3229 luerint,
378 3141 446 3236 apti
476 3165 544 3212 non
577 3155 654 3212 sunt
681 3138 723 3210 ad
754 3139 972 3236 suscipiendos
998 3139 1128 3212 ordines
1154 3157 1187 3212 et

119 3235 310 3332 mpessenda
325 3235 451 3327 officia,
466 3263 540 3335 quae
557 3254 634 3309 sunt
650 3236 791 3308 ecclesiae
807 3239 952 3310 filiorum
968 3239 1100 3336 propria
1116 3237 1183 3334 (1).

121 3329 177 3417 Qui
202 3348 321 3407 carent
343 3353 544 3407 sacramento
576 3335 833 3408 confirmationis
865 3335 1035 3408 ordinibus
1068 3338 1188 3406 initiari

120 3456 180 3502 non
193 3431 322 3504 debent
342 3433 416 3530 (2),
435 3459 549 3504 rerum
574 3437 600 3504 si
627 3435 745 3504 initiati
769 3433 910 3524 fuerint,
943 3431 1187 3505 ordinatiorem

118 3529 205 3600 linna
236 3546 302 3602 est.
335 3531 407 3602 llnc
440 3557 573 3630 quoqne
605 3531 792 3604 referuntur
824 3531 1004 3632 neophyti,
1039 3531 1102 3604 boc
1140 3549 1188 3602 est

118 3652 218 3725 nuper
244 3627 425 3726 baptizati,
451 3633 507 3728 qui
540 3655 558 3700 a
585 3629 762 3730 majoribus
790 3629 958 3702 ordinibus
983 3629 1188 3727 repelluntur

119 3730 274 3820 quoniam
312 3751 366 3798 cos
399 3729 461 3798 cita
493 3727 654 3800 ordinatio
682 3731 718 3800 in
748 3729 932 3826 superbiam
961 3743 1090 3824 raperet
1110 3726 1183 3822 (5),

117 3824 188 3894 item
204 3829 238 3896 in
266 3823 462 3920 aegritudine
475 3826 649 3924 baptizati,
669 3829 731 3898 nisi
750 3844 924 3925 postquem
942 3823 1183 3912 convaluerint,

116 3923 174 3991 suis
190 3923 348 4018 operibus
366 3924 558 4014 ostendent,
577 3951 610 3996 se
630 3951 697 3998 non
723 3941 814 3996 metu
831 3927 968 4014 mortis,
993 3919 1049 3994 sed
1078 3919 1185 3992 studio

117 4020 240 4111 pietatis
259 4037 295 4092 et
308 4019 469 4118 religionis
486 4023 685 4121 baptismum
702 4025 877 4122 suscepisse
893 4021 961 4120 (1).
