3106 5170
776 495 998 566 -sno-

351 647 480 710 heretici
504 645 661 727 objiciunt,
686 646 862 708 relellnotur
882 667 898 708 n
917 646 1074 728 theologis,
1097 646 1260 724 praesertim
1282 645 1418 708 loonioio
1548 681 1549 726 3

352 729 388 791 de
401 732 537 792 Soorom.
561 728 633 792 dise
652 728 722 791 dds
745 727 882 811 confirm.
898 749 950 814 qu.
969 732 1062 792 bort.
1080 733 1116 806 2,
1138 737 1168 788 et
1182 729 1325 790 broniolo
1337 729 1372 792 de
1386 749 1417 792 re

355 831 485 874 sueram.
504 809 555 874 ttt.
572 815 657 896 ipo.
674 813 761 894 iper
776 819 828 874 tot.

392 895 434 976 (l)
455 899 499 957 lta
516 898 605 976 Greg.
627 897 668 956 ll.
691 891 712 954 l.
734 897 752 955 7
768 913 815 976 ep.
838 896 875 957 76
895 890 951 956 eol.
968 895 1029 955 705
1047 890 1132 954 laud.
1151 891 1197 955 ed.
1218 901 1240 954 t.
1259 895 1278 954 b
1298 894 1419 975 presby-

353 978 423 1038 teris
445 977 476 1038 in
499 975 632 1039 Sardinia
653 975 826 1058 degentibus
847 983 929 1037 extra
949 977 1084 1037 ordinem
1102 975 1295 1038 oonlirnnandi
1316 978 1419 1040 tribuit

351 1059 528 1120 laudtatem.
543 1059 669 1122 Consule
682 1064 713 1121 S.
728 1057 787 1121 Tb.
799 1077 833 1142 p.
857 1061 923 1144 iq.
939 1060 979 1119 72
1001 1079 1030 1118 a.
1046 1062 1080 1120 ll
1099 1057 1140 1119 od
1158 1063 1193 1135 l,
1212 1066 1242 1118 et
1262 1062 1418 1122 lien.le

352 1139 388 1202 de
406 1140 513 1224 synod.
536 1140 650 1204 diem.
671 1137 722 1202 lib.
746 1143 765 1201 7
784 1159 850 1224 top.
874 1143 908 1220 7,
932 1142 984 1220 qui
1005 1141 1043 1202 de
1064 1141 1119 1202 hae
1143 1141 1249 1202 summi
1272 1143 1421 1203 Pontibeis

353 1223 534 1306 delegatione
550 1225 664 1303 oopiose
682 1223 798 1285 dIsserit
817 1232 848 1284 et
864 1223 1032 1303 diligenter.
1053 1226 1165 1286 Verum
1184 1222 1348 1284 chrismatis
1368 1225 1422 1286 be-
1549 1229 1550 1250 l

351 1306 478 1366 nediotio
493 1308 684 1368 adnumerata
704 1323 821 1384 semper
835 1307 892 1368 luit
913 1307 991 1366 inter
1009 1306 1125 1385 propria
1148 1305 1318 1385 episeopnlis
1339 1305 1422 1368 ordi·

352 1389 398 1448 nis
418 1407 554 1464 munern3
578 1397 608 1449 et
628 1387 695 1448 ideo
712 1387 905 1450 eoolirtnondi
925 1387 1110 1470 privilegium
1128 1406 1145 1447 a
1168 1387 1238 1448 sede
1258 1389 1422 1466 dpostoliea

351 1469 531 1552 presbyteris
544 1487 711 1532 conoessum
729 1471 896 1549 adjunctam
909 1469 1004 1551 legem
1027 1470 1136 1532 babere
1150 1469 1240 1544 solet,
1259 1471 1348 1531 modo
1366 1471 1421 1550 ipsi

352 1552 509 1614 chrismate
525 1561 647 1613 utantur
666 1551 702 1614 nb
719 1553 853 1632 episeopo
874 1560 1050 1614 consecrato.
1072 1553 1206 1631 Disputat
1221 1551 1330 1613 bened.
1353 1555 1422 1615 xlv

352 1633 409 1698 loo.
430 1636 480 1697 eit.
501 1655 586 1696 oum.
611 1639 625 1698 l
647 1643 676 1696 et
696 1637 731 1710 2,
751 1653 823 1696 num
847 1639 878 1698 S.
900 1635 1033 1696 Pontifex
1053 1635 1141 1696 etiam
1167 1634 1333 1695 chrismatis
1351 1653 1422 1696 oon-

352 1717 484 1779 seerandi
498 1717 665 1780 facultatem
677 1717 819 1778 sacerdoti
831 1717 962 1778 tribuere
976 1719 1077 1796 possit.
1094 1717 1255 1793 Quaesitum
1266 1719 1420 1792 estotim,

352 1819 425 1860 ourn
439 1801 589 1878 episeopus
601 1798 742 1861 sacerdoti
757 1800 916 1861 ooooedere
928 1800 1018 1880 possit
1031 1799 1225 1860 oonlirmoodi
1237 1799 1421 1876 facultatem
1550 1803 1551 1808 ’

353 1883 404 1944 sed
418 1900 486 1942 eum
501 1881 585 1942 sedes
599 1882 777 1960 Apostoliea,
793 1901 859 1960 quae
880 1891 993 1942 eremus
1005 1890 1101 1960 potest
1117 1881 1318 1960 episcoporum
1330 1881 1423 1960 juris·

353 1965 525 2040 dictionem,
542 1963 598 2024 sibi
618 1965 669 2024 uni
692 1963 767 2025 bano
784 1964 949 2060 facultatem
966 1965 1174 2038 reservaverit,
1197 1964 1280 2023 irrita
1294 1972 1339 2024 est
1352 1983 1422 2024 oon-

353 2046 496 2123 firmatio,
512 2063 579 2124 quse
593 2065 646 2125 per
663 2045 785 2108 solome
806 2047 894 2125 rseopi
912 2047 1124 2127 delegationem
1142 2065 1158 2106 e
1174 2045 1344 2125 presbytero
1362 2047 1422 2107 col-

354 2130 412 2190 lnta
423 2135 477 2189 est.
491 2127 598 2190 Gonier
611 2132 683 2190 lien.
697 2132 766 2191 xlv
780 2065 835 2190 be.
851 2127 902 2190 eit.
916 2147 1000 2190 oum.
1019 2131 1078 2190 det
1091 2145 1121 2191 re
1145 2172 1151 2186 .

394 2211 436 2292 (u)
457 2214 625 2273 Graecorum
646 2211 809 2272 secerdotes
834 2220 903 2272 aute
926 2211 1102 2273 Pbotianum
1118 2209 1243 2272 schisma
1266 2211 1422 2272 ooolirma-
1551 2201 1552 2248 t

352 2294 442 2354 tionis
465 2301 677 2354 sauuneotum
703 2294 836 2354 oonlerre
859 2293 959 2355 solitos
983 2293 1087 2363 luisse,
1109 2292 1269 2354 ostendunt
1292 2295 1421 2355 llorinus

354 2375 429 2438 dies.
452 2376 471 2435 2
492 2373 528 2436 de
552 2375 688 2436 Sacrum.
713 2372 866 2458 confirm„
890 2383 921 2436 et
940 2380 1030 2438 Luens
1052 2374 1218 2436 llolstenius
1246 2373 1316 2436 diss.
1342 2379 1355 2437 l
1384 2374 1420 2436 de

354 2457 487 2520 ministr.
513 2453 650 2540 confimo.
677 2455 760 2540 apud
790 2457 916 2520 Groesos.
943 2457 1078 2520 Dubitari
1105 2465 1203 2518 autem
1227 2475 1285 2518 non
1308 2467 1416 2537 potest,

355 2540 428 2620 quin
446 2540 466 2600 ii
485 2557 545 2600 non
568 2539 663 2600 solnm
683 2538 794 2616 valide,
814 2539 971 2600 sedetiam
991 2539 1070 2601 lioite
1089 2539 1264 2600 ooniirmeot
1280 2558 1315 2600 ex
1334 2541 1420 2602 taeitn

355 2622 457 2684 saltem
476 2615 658 2702 delegatione
676 2622 754 2684 sedis
770 2621 956 2700 Apostolos,
976 2639 1042 2700 quo
1058 2621 1132 2682 bane
1149 2639 1250 2682 eorum
1267 2631 1423 2684 ootrsuetu-

356 2705 458 2766 dinem
475 2713 569 2764 ratam
588 2703 694 2782 babet,
714 2714 748 2766 ut
765 2703 920 2765 observant
939 2703 1082 2765 droudius
1102 2701 1138 2764 de
1157 2701 1299 2766 Cortoord.
1324 2702 1421 2767 coeles.

355 2783 447 2848 oeoid.
474 2793 504 2846 et
522 2784 628 2847 orient.
656 2782 679 2847 l.
705 2790 725 2849 2
749 2783 784 2848 de
809 2783 950 2867 confimo.
977 2805 1043 2868 eop.
1071 2787 1110 2846 lli
1131 2805 1202 2867 pop.
1225 2787 1265 2846 96
1294 2795 1325 2847 et
1351 2791 1423 2850 Boo.

356 2871 426 2930 XlV
443 2865 497 2930 loo.
519 2869 569 2929 eit.
591 2876 659 2929 um.
681 2869 711 2930 8.
735 2870 820 2930 certe
844 2869 875 2927 in
897 2869 1001 2930 concil.
1028 2868 1197 2930 Florentino
1219 2877 1289 2929 tom.
1317 2871 1336 2930 9
1355 2867 1423 2931 coll.

356 2949 448 3012 llard.
473 2945 529 3011 ool.
551 2951 628 3026 450,
650 2953 724 3030 ling.
747 2950 991 3026 rv,intera1tas
1007 2951 1197 3028 questiones,
1225 2950 1301 3012 bano
1319 2953 1426 3014 ordine

357 3039 468 3093 sextum
482 3032 589 3094 Groois
599 3031 768 3112 proposuit:
788 3056 802 3085 u
816 3033 912 3108 Quare
923 3031 1077 3094 Pontiiiees
1088 3051 1147 3094 non
1156 3034 1334 3113 inungerent
1345 3053 1426 3096 sauro

358 3113 530 3189 chrismate,
549 3111 602 3174 sed
623 3113 802 3190 sacerdotes,
825 3131 892 3174 ourn
911 3113 967 3174 boo
985 3114 1175 3176 Pontificibus
1198 3115 1236 3175 sit
1259 3115 1385 3176 datum?
1407 3143 1420 3170 ι

359 3199 469 3258 Verum
480 3204 513 3256 ut
523 3193 648 3256 babetur
658 3197 689 3258 in
697 3196 769 3256 actis
781 3195 912 3275 ejusdem
925 3197 1039 3256 eoncilii
1050 3193 1103 3258 loe.
1116 3197 1166 3258 cit.
1186 3221 1199 3250 ι
1211 3199 1303 3258 llaeee
1315 3199 1426 3260 Latinis

358 3278 469 3357 objeotn
488 3277 687 3357 llityleoensis
707 3277 859 3358 episeopus
876 3279 1013 3339 oanooioe
1032 3279 1221 3360 legitimeque
1242 3279 1420 3341 dissolvit.»

359 3360 465 3424 Confer
482 3359 665 3422 llolstenium
685 3358 721 3422 de
740 3359 870 3422 ministr.
893 3357 1029 3442 confirm.
1053 3359 1136 3442 aprtd
1158 3361 1291 3430 Grecos,
1311 3380 1348 3422 ex
1369 3381 1428 3442 quo

359 3449 453 3524 patet,
468 3461 485 3502 a
503 3441 610 3504 Graecis
628 3443 780 3504 oanooioas
796 3461 857 3504 sue
871 3442 1032 3521 discipline
1048 3444 1176 3504 rationes
1198 3441 1297 3503 allatas
1317 3444 1426 3520 luisse,

359 3543 413 3605 per
426 3543 498 3604 quoe
512 3524 620 3585 Latinis
633 3525 810 3586 satisfactum
825 3533 885 3602 est,
901 3533 988 3602 etque
1000 3525 1052 3585 hos
1062 3526 1190 3586 rationes
1202 3525 1323 3586 eooeilio
1336 3527 1430 3588 luisse

358 3608 503 3687 probatos.
527 3606 731 3668 Sacerdotibus
755 3615 854 3667 tamen
882 3607 1076 3670 italo-Grecis
1101 3606 1275 3668 confirmare
1301 3609 1429 3669 vetitum

359 3697 402 3751 est
423 3709 440 3750 n
458 3689 548 3752 Clem.
571 3691 638 3750 Vlll
657 3687 1058 3750 contemnerentur
1078 3686 1200 3750 Bellor.
1225 3687 1273 3750 ed.
1289 3686 1348 3750 ult.
1372 3700 1395 3752 t.
1411 3693 1429 3752 ll

357 3791 423 3853 cop.
442 3773 461 3832 7
477 3789 549 3853 pop.
573 3771 628 3846 77,
649 3778 679 3831 et
699 3769 848 3833 Benediet.
872 3774 942 3833 xiv
958 3772 1055 3833 comt.
1079 3773 1117 3833 57
1137 3769 1164 3854 S.
1189 3773 1208 3832 5
1226 3791 1298 3854 pop.
1317 3773 1382 3835 tot
1402 3781 1430 3833 et

360 3853 483 3916 Coostd.
503 3853 561 3914 int
578 3849 605 3934 §.
627 3854 730 3935 lpop.
756 3854 816 3916 522
835 3861 907 3914 torn.
929 3855 943 3914 l
964 3851 1028 3935 pris
1047 3850 1131 3914 Ball.
1153 3852 1223 3915 edit.
1249 3855 1352 3915 limnoe
1375 3873 1429 3918 seu

364 3939 464 3998 Veoet.
486 3937 575 3998 libi.
594 3938 674 3998 Unus
689 3935 737 3996 hie
756 3934 935 3996 amovendus
949 3941 992 3995 eat
1009 3935 1104 3996 obex:
1129 3937 1230 3998 lnooo.
1250 3939 1290 3998 lll
1308 3935 1342 3996 io
1362 3941 1428 3998 el

359 4016 395 4078 de
415 4021 553 4079 consuet.
575 4017 774 4097 prsebyteros‚
794 4019 845 4096 qui
863 4015 946 4099 opud
968 4018 1028 4077 GP.
1047 4036 1101 4096 per
1123 4019 1248 4079 abusum
1267 4017 1428 4079 ooniirmn-

358 4101 446 4178 bant,
457 4099 630 4162 confirmare
644 4101 674 4164 in
688 4109 837 4180 posterum
851 4107 944 4178 vetat;
959 4117 994 4160 ex
1008 4118 1066 4179 quo
1080 4099 1182 4162 roofioi
1193 4099 1310 4162 videtur
1319 4117 1424 4180 posse,
