3140 5168
744 331 1001 454 ...484-

352 517 442 578 luissc
466 529 553 655 quarn
567 509 723 572 monimen
743 508 885 594 violandis
899 499 1021 588 ¹juribus
1038 509 1252 588 episcoporum.
1271 513 1300 572 ls
1325 519 1430 572 nutem

351 619 399 696 ep.
417 598 435 658 7
450 591 502 690 li.
519 590 608 692 5an
626 595 682 654 951
704 602 774 654 nm.
795 589 900 652 aedit.
918 589 967 652 cit.
987 593 1033 653 lo.
1058 591 1252 688 larissensem
1276 601 1431 688 metropo-

349 671 1434 837 ltuflttltuttlttlltltdtlffltttffidu

201 814 211 830 κ
269 873 272 878 ¹
323 839 947 934 ⁴cuperuret,altxceptoultinorittesuo
958 847 1101 916 tempore,
1116 838 1173 900 nisi
1188 857 1322 900 concesso
1336 843 1429 901 llom.

180 947 197 980 -·
231 933 234 938 “
326 922 653 1002 «Ρουῑίίίοἰηυεείουε.
667 947 681 976 n
702 921 779 983 Vide
793 921 882 982 etium
900 924 930 982 S.
945 923 1072 982 Leonem
1085 923 1126 982 ll.
1144 939 1191 1002 ep.
1209 923 1249 982 12
1263 919 1433 984 oddnost.

356 1003 490 1069 Thessal.
513 1024 540 1066 c.
563 1007 578 1065 1
597 1011 627 1064 et
640 1001 697 1064 ult.
706 1022 780 1085 pop.
795 1004 836 1064 tu
850 1010 877 1063 et
892 1021 952 1085 seq.
969 1011 996 1064 ct
1012 1004 1051 1064 56
1068 1021 1128 1086 seq.
1146 1003 1312 1064 homicidas
1328 1013 1435 1066 autem

352 1099 421 1150 onte
434 1105 526 1150 annos
544 1086 660 1147 circiter
674 1093 853 1166 nongentos,
872 1084 952 1163 quod
976 1101 1046 1145 vere
1058 1084 1193 1146 observat
1207 1085 1368 1146 liutenius
1393 1084 1436 1148 de

352 1171 448 1255 antiq.
466 1166 563 1231 cocles.
581 1167 635 1229 rit.
653 1176 723 1228 tom.
740 1172 755 1229 1
779 1163 830 1228 lib.
846 1169 944 1249 lcop.
964 1169 982 1228 6
1001 1175 1060 1228 ort.
1085 1169 1204 1228 boum.
1221 1170 1239 1229 o
1258 1187 1332 1250 paq.
1348 1169 1432 1246 2⁷5,

351 1255 445 1314 veniae
458 1249 649 1330 impetrando
659 1268 744 1312 eausa
758 1249 795 1310 od
808 1253 838 1312 S.
856 1247 1027 1310 Pontificem
1040 1249 1144 1310 missos
1154 1249 1254 1324 tuoe,
1269 1257 1383 1312 consmt
1395 1270 1437 1312 ex

351 1335 402 1397 lib.
417 1338 443 1402 ,5
458 1333 494 1396 dc
505 1341 578 1416 qest.
600 1333 738 1393 Sanctor.
758 1333 916 1394 Rotortcns.
942 1350 1010 1413 cop.
1040 1333 1053 1392 1
1078 1350 1147 1393 soec.
1165 1334 1185 1392 1
1189 1333 1215 1393 V
1238 1329 1434 1396 Benedictio.

352 1423 426 1482 Cum
440 1425 538 1478 autem
556 1413 747 1492 homicidium
761 1421 838 1474 essct
854 1433 888 1475 ex
911 1431 1019 1495 genere
1037 1431 1140 1474 corum
1162 1415 1336 1490 criminum,
1360 1433 1435 1494 quae

352 1501 383 1560 in
404 1499 578 1580 quibusdum
604 1496 731 1557 ecclesiis
754 1496 847 1556 venie
869 1495 965 1556 locum
984 1514 1044 1557 non
1060 1493 1281 1574 relinquebant,
1306 1497 1436 1558 fortasse

352 1601 419 1644 cum
439 1581 502 1642 haec
516 1579 677 1658 disciplinco
693 1579 847 1639 austeritas
864 1577 989 1638 emolliri
1009 1595 1042 1638 uc
1057 1577 1186 1660 mitigari
1201 1579 1304 1657 ooepit,
1329 1577 1361 1637 id
1378 1597 1435 1640 nc-

351 1673 467 1726 tcntum
490 1671 549 1738 est,
572 1671 724 1722 uteorum
742 1661 908 1742 graviorum
925 1660 1084 1721 criminum
1102 1659 1147 1720 rei
1166 1678 1226 1721 non
1244 1661 1333 1720 nisit
1355 1661 1435 1722 sede

351 1745 513 1826 Apostolica
531 1745 645 1804 veniam
661 1751 920 1821 consequerentur.
941 1745 1014 1804 Nam
1030 1760 1064 1803 ea
1080 1759 1197 1820 semper
1209 1741 1301 1821 ipsius
1320 1743 1434 1806 lenitas

351 1828 574 1908 benignitasque
589 1825 660 1901 luit,
679 1834 712 1885 ut
729 1826 817 1886 etiam
834 1843 901 1884 cum
924 1825 1044 1902 antiqua
1060 1825 1172 1906 vigeret
1194 1824 1355 1904 discipline
1379 1845 1433 1886 se·

350 1911 473 1984 cerins,
495 1908 556 1986 ipsa
579 1915 677 1968 tamen
701 1905 786 1984 justis
804 1905 842 1967 de
865 1909 958 1966 causis
973 1907 1087 1967 veniam
1107 1905 1258 1967 interdum
1284 1907 1367 1967 daret
1395 1909 1430 1971 in

352 1991 540 2065 criminibus,
555 2007 621 2068 quoe
636 1988 743 2050 alicubi
761 1989 909 2049 ordinario
924 1989 988 2068 lege
1004 1989 1056 2050 uni
1072 1989 1125 2052 nei
1152 1989 1262 2068 judicio
1279 1989 1429 2068 relinqui,

352 2095 412 2136 non
427 2071 523 2134 autom
537 2073 575 2131 ab
590 2071 708 2130 ecclesia
726 2071 835 2131 dimitti
854 2069 996 2132 solebant.
1018 2075 1061 2133 lta
1078 2069 1221 2146 Tertull,
1238 2079 1430 2150 posteaquam

351 2159 382 2218 in
396 2155 524 2218 hlontani
539 2171 654 2213 errores
667 2153 832 2228 incidebat,
851 2153 1052 2232 zephyrinum
1069 2157 1102 2214 P.
1118 2151 1324 2232 reprehendit,
1342 2155 1429 2231 quod

353 2239 468 2300 veniam
481 2237 566 2296 daret
579 2233 716 2311 moechis,
731 2235 839 2314 quibus
855 2235 935 2295 illem
954 2235 1018 2298 ehu
1035 2235 1162 2296 mdeste
1177 2243 1263 2296 antea
1280 2234 1428 2316 denegare

353 2325 572 2382 consueverant.

393 2401 434 2484 (1)
456 2404 543 2464 Cone.
566 2399 675 2462 Eliber.
691 2417 758 2460 con.
784 2399 823 2460 tn
842 2417 909 2480 cop.
932 2401 945 2460 1
970 2417 1050 2460 conc.
1069 2394 1136 2458 coll.
1159 2398 1250 2460 labb.
1272 2395 1323 2460 col.
1345 2399 1423 2460 996.

356 2511 370 2538 ,ι
380 2483 466 2563 Apud
476 2481 695 2564 presbyterum,
709 2481 822 2560 inquit,
841 2482 865 2542 si
878 2481 944 2559 quis
954 2481 1034 2562 gravi
1048 2479 1130 2560 lapsu
1143 2481 1175 2540 in
1189 2482 1305 2542 ruinam
1318 2483 1428 2543 mortis

351 2566 505 2642 inciderit,
532 2565 641 2644 placuit
669 2581 756 2644 agere
783 2564 983 2643 poenitentiam
1011 2581 1070 2624 non
1094 2561 1218 2640 debere,
1252 2563 1304 2625 scd
1325 2565 1430 2643 potius

351 2649 430 2728 opud
441 2649 619 2727 episcopum.
635 2673 648 2700 a
674 2651 750 2726 Ergo
762 2646 877 2725 gravius
892 2645 1002 2706 crimen
1018 2644 1079 2723 jam
1096 2653 1167 2706 tunc
1179 2646 1314 2726 episcopo
1327 2663 1431 2708 reser-

342 2741 450 2792 -vatum
466 2739 540 2790 erat.
562 2727 620 2792 Sed
643 2735 673 2788 et
691 2736 760 2788 noto
785 2727 896 2788 cunctis
913 2730 1031 2806 antiqno
1055 2726 1184 2788 ecclesia
1210 2727 1363 2806 disciplina
1387 2729 1430 2790 de

351 2813 466 2892 publica
489 2811 677 2890 poenitentia,
710 2828 776 2888 qum
808 2810 900 2870 donec
931 2811 1038 2891 viguit,
1067 2807 1183 2888 publice
1218 2811 1431 2888 poeuiteuu'nm

351 2894 549 2956 reconciliatio
569 2892 607 2954 ad
629 2892 797 2970 episcopum
821 2891 1001 2970 pertinebat,
1023 2891 1185 2970 eademque
1211 2893 1430 2971 obsolescente,

351 2977 457 3038 summi
473 2975 628 3038 Pontifices
647 2983 677 3034 et
694 2975 820 3052 episcopi
836 2981 1008 3052 potestatem
1022 2971 1191 3035 absolvendi
1209 2993 1225 3035 n
1240 2975 1432 3056 gravioribus

350 3057 525 3137 quibusdam
539 3055 728 3132 criminibus,
743 3065 826 3116 extra
840 3057 944 3118 mortis
957 3055 1137 3137 periculum,
1154 3056 1210 3117 sibi
1223 3068 1428 3120 reservarunt.

351 3141 490 3216 Quinimo
510 3157 569 3200 non
586 3146 700 3200 tentum
716 3138 873 3217 episcopis,
893 3139 1048 3200 sedetiam
1067 3137 1227 3217 majoribus
1245 3139 1364 3201 sedibus
1386 3141 1430 3202 ab

349 3221 541 3284 atrocioribus
559 3221 735 3299 quibusdam
754 3221 927 3280 criminibus
945 3221 1157 3282 absolutionem
1181 3223 1326 3282 reservari
1354 3240 1432 3284 oon-

349 3307 478 3366 suevisse
492 3303 554 3382 jam
568 3303 638 3364 inde
653 3322 668 3362 a
685 3306 710 3364 V
725 3303 846 3364 incunte
864 3303 984 3380 soeculo,
1001 3301 1130 3366 ostendit
1144 3303 1284 3381 synesius
1303 3323 1351 3386 ep.
1370 3307 1429 3382 67,

350 3387 567 3456 undcconstat,
583 3384 747 3464 Theophilo
762 3385 844 3446 Alex.
862 3383 1056 3462 patriarche,
1076 3385 1122 3446 cui
1140 3386 1280 3464 synesius
1292 3385 1428 3464 suberat,

351 3469 539 3548 Lamponiani
552 3468 703 3546 cujusdam
717 3467 929 3528 alsolutionem
943 3469 1032 3528 luisse
1044 3475 1200 3528 servatam.
1213 3469 1312 3546 lnquit
1325 3478 1430 3532 autem

349 3553 412 3631 ipse
423 3555 526 3630 Synes.
540 3550 589 3611 cit.
603 3568 650 3631 cp.
666 3550 704 3610 67
713 3568 786 3630 pop.
809 3551 869 3610 ult
884 3547 931 3611 ed.
950 3550 1042 3612 Poris
1054 3551 1151 3610 1655.-
1176 3574 1190 3602 ιι
1204 3549 1262 3612 Sed
1278 3570 1331 3632 ego
1344 3551 1429 3612 iniis

349 3634 553 3713 perseveravi,
570 3650 636 3710 quoe
654 3631 744 3692 semel
764 3631 966 3708 decreveram3
990 3630 1122 3694 solvendi
1140 3650 1230 3710 porro
1240 3631 1290 3710 jus
1307 3641 1337 3694 ct
1353 3652 1431 3694 auo

349 3719 497 3776 toritatem
508 3715 546 3776 od
558 3712 741 3775 pontificiam
751 3713 852 3774 sedem
864 3713 963 3793 rejeci.
979 3739 993 3769 n

339 3933 341 3940 γ
395 3845 425 3946 §.
461 3842 664 3916 LXXXVII.
703 3841 841 3914 Nullum
884 3870 951 3915 esse
989 3843 1111 3936 scelus,
1155 3843 1245 3943 quod
1283 3845 1429 3920 ecclesie

347 3946 499 4040 potestati
536 3969 604 4018 non
643 3941 850 4042 subjiciatur,
890 3958 1002 4015 contra
1037 3943 1250 4018 llontanisus
1285 3960 1319 4016 et
1352 3945 1429 4018 No-
