3102 5184
580 429 803 501 -571-

152 585 253 646 Venet.
278 583 373 658 1777,
396 577 477 640 unde
498 578 576 640 idem
598 578 748 640 decretum
769 583 912 660 excerpsit
943 599 1061 662 suaeque
1080 603 1224 650 77777777

147 667 314 728 collectioni
331 665 376 725 777.
397 665 432 724 11
454 681 519 756 cop.
540 663 577 723 77
597 661 703 741 adjecit
720 665 798 724 77777
814 663 903 743 episc.
931 665 1121 747 lingonensis
1146 671 1225 748 apud

148 747 298 810 llarduin.
320 743 386 808 ccli.
407 742 511 808 7777771.
532 752 602 806 torn.
622 747 640 806 7
663 741 718 806 col.
743 746 803 806 777
822 744 868 808 ed.
889 745 989 810 Poris.
1012 751 1054 808 lix
1075 766 1133 826 quo
1146 760 1226 814 recte

147 831 262 911 colligit
284 828 370 890 Edm.
392 825 553 890 7177777777
573 824 607 886 de
631 825 765 910 antiquie
792 825 858 890 etei.
884 825 962 890 ritib.
989 831 1095 892 777771
1127 827 1180 894 tit.
1209 835 1222 894 7

148 931 218 995 esp.
243 914 335 972 1777.
357 911 395 971 16
414 928 499 972 nurn.
521 910 561 970 l0
576 927 647 990 pop.
673 910 712 969 779
732 905 800 970 edit.
821 912 912 971 77777.
932 929 983 972 seu
1011 911 1109 974 Venet.
1134 915 1227 990 17775,

148 1001 296 1075 7777777777
318 1011 334 1053 7
354 1010 423 1052 vcro
445 991 662 1064 aberraverint,
691 989 742 1069 qui
763 991 987 1052 conditionalem
1005 991 1082 1054 bane
1104 993 1229 1060 formam
1273 1068 1277 1074 ¹

148 1077 283 1156 primum
307 1091 323 1134 7
344 1073 522 1135 scholasticis
545 1073 712 1150 7777777777,
737 1079 825 1152 atquc
849 1073 879 1132 in
905 1073 1054 1135 7771777777
1083 1073 1229 1140 invectam

147 1163 311 1238 putarunt,
325 1174 393 1216 eum
411 1173 445 1216 77
460 1173 564 1217 revera
581 1155 675 1215 multo
693 1159 762 1214 aute
779 1154 1016 1217 scholasticorum
1037 1162 1152 1219 atatem
1175 1161 1229 1222 ad-

147 1239 319 1302 biberetur.
341 1239 418 1300 Ante
432 1237 530 1298 77771.
555 1239 623 1299 Vlll
641 1245 836 1314 sacramenta,
863 1255 929 1317 qun
951 1239 1045 1318 repeti
1064 1251 1227 1322 nequeunt,

148 1322 234 1383 nulla
260 1319 372 1398 adjecta
394 1337 528 1400 expressa
547 1319 715 1381 conditione
737 1319 963 1399 repetebantur,
987 1339 1053 1382 cum
1078 1323 1164 1400 plane
1187 1325 1230 1385 in·

148 1413 267 1466 certum
282 1410 360 1478 erat,
385 1401 525 1463 collatane
547 1409 576 1462 et
593 1419 630 1462 an
650 1407 730 1462 recte
747 1401 849 1463 collata
868 1401 1002 1463 inissent.
1024 1406 1088 1466 Non
1108 1403 1178 1466 inde
1192 1415 1232 1468 ta·

148 1505 221 1547 men
246 1483 349 1546 confici
372 1491 484 1564 potest,
506 1483 586 1564 quud
605 1483 751 1564 aliquibus
770 1485 866 1545 risum
886 1491 947 1560 cst,
971 1485 1122 1564 antiquam
1140 1487 1230 1550 77717-

148 1571 226 1629 siam
242 1569 305 1628 sine
318 1565 378 1626 ulla
392 1583 514 1646 prorsus
528 1565 696 1628 conditione
710 1567 844 1628 77717777
858 1567 1041 1627 comperisse
1052 1578 1231 1631 sacramenta

149 1669 219 1729 que
234 1649 334 1710 iterari
350 1667 409 1709 non
432 1655 565 1728 possunt.
583 1651 648 1712 Non
670 1655 734 1710 crat
757 1647 877 1727 quidem
902 1648 1020 1709 disertis
1040 1647 1137 1709 verbis
1158 1669 1230 1712 oon·

150 1740 237 1811 cepta
249 1731 394 1808 conditio,
409 1749 476 1809 quae
487 1737 603 1792 tantum
617 1733 686 1792 viti
706 1731 811 1793 saeeulo
825 1745 959 1810 expressa
973 1748 1036 1791 7777
1051 1731 1156 1810 caepit,
1179 1733 1231 1795 sed

153 1822 219 1874 erat
241 1821 339 1874 777777
367 1813 496 1874 conditio
525 1813 629 1886 tacita,
659 1831 726 1890 qrroe
750 1811 853 1874 7777777
877 1811 1008 1889 redibat3
1036 1821 1065 1874 et
1090 1813 1226 1892 eeclesia,

153 1915 221 1975 qun
238 1913 353 1974 semper
369 1893 614 1973 rebaptizantium
633 1894 768 1955 baeresim
784 1894 950 1970 damnavit,
977 1894 1153 1974 baptismum
1178 1915 1228 1958 77-

151 1980 214 2058 peti
238 1979 346 2052 voluit,
373 1985 517 2056 quatenus
541 1995 601 2038 non
630 1985 793 2054 constaret,
820 1995 892 2038 num
920 1975 1055 2054 collatus,
1082 1986 1133 2038 aut
1156 1997 1227 2040 num

150 2071 232 2121 recte
242 2059 364 2120 collatus
378 2059 491 2120 7777777.
505 2061 579 2121 Nam
597 2059 692 2120 777777
707 2067 889 2120 monstretur
903 2055 1057 2130 iteratum,
1075 2057 1156 2142 quod
1170 2079 1230 2124 non

150 2144 237 2205 certis
251 2140 368 2204 indiciis
385 2138 545 2203 ostenditur
557 2141 611 2202 rite
621 2149 787 2223 7777777777,
803 2167 816 2194 s
834 2141 877 2200 uti
892 2140 1024 2218 loquitur
1036 2143 1067 2202 S.
1084 2143 1171 2221 Greg.
1186 2146 1228 2204 ld.

148 2245 199 2306 ep.
216 2227 254 2286 17
276 2221 328 2284 tit.
346 2226 385 2284 17
402 2219 545 2284 7777177.
565 2220 620 2284 777.
637 2223 716 2283 1779
732 2230 802 2283 torn.
818 2225 848 2284 7.
865 2223 950 2298 Quod
968 2231 1037 2283 ante
1056 2223 1229 2305 Gregorium

150 2307 293 2368 docuerat
307 2311 339 2368 S.
355 2309 445 2385 Cypr.
460 2323 506 2387 ep.
522 2307 561 2365 69
576 2303 616 2365 od
633 2306 779 2386 linquunt
792 2323 862 2386 pop.
878 2305 937 2366 797
956 2302 1002 2365 777.
1018 2307 1114 2366 Amat.
1132 2307 1226 2386 1700,

150 2408 219 2450 urm
235 2390 273 2450 de
287 2389 315 2448 77
331 2387 466 2466 baptismi
480 2387 652 2448 clinicorum
666 2405 720 2467 per
735 2387 930 2466 aspersionem
949 2385 1010 2447 dati
1031 2389 1227 2470 interrogatus

151 2471 273 2546 17777777,
286 2471 415 2547 itemque
429 2473 460 2530 S.
477 2472 533 2530 teo
546 2472 586 2530 ll.
602 2488 647 2552 ep.
665 2472 724 2532 179
736 2487 770 2551 p.
786 2470 846 2530 790
857 2487 926 2551 por.
941 2469 960 2528 7
974 2465 1019 2530 ed.
1035 2469 1120 2530 Rom.
1135 2471 1227 2544 1775,

152 2561 184 2614 et
198 2557 299 2614 Patres
314 2570 395 2612 conc.
412 2551 549 2631 Cartbaq.
570 2555 615 2626 V,
637 2553 704 2630 qui,
719 2569 787 2612 cum
801 2559 983 2630 quereretur
994 2549 1067 2627 quid
1080 2552 1226 2632 agendum

152 2643 230 2696 esset
242 2635 279 2696 de
292 2633 401 2712 pueris,
414 2631 465 2710 qui
478 2651 549 2692 num
563 2633 699 2712 baptizati
710 2641 822 2706 777777,
838 2651 924 2692 nemo
934 2639 1013 2693 certo
1024 2631 1150 2706 sciebat,
1165 2652 1230 2694 res-

152 2716 324 2796 ponderunt
334 2717 432 2776 eund
448 2711 503 2776 771.
518 2715 576 2775 987
590 2721 610 2775 7.
628 2718 642 2775 7
658 2712 724 2776 7777.
739 2713 898 2790 llarduini,
921 2714 1062 2792 «Absque
1077 2713 1136 2774 ullo
1146 2733 1230 2775 seru-

153 2800 225 2877 pulo
238 2817 289 2860 777
303 2815 365 2858 csse
377 2797 581 2874 baptizandos,
604 2815 642 2856 ne
655 2799 709 2857 ista
725 2796 883 2876 trepidatio
899 2813 949 2855 777
965 2796 1051 2856 iaciat
1065 2814 1230 2858 7777777777-

154 2891 253 2942 777777
266 2879 438 2960 purgatione
449 2879 571 2958 privari.
587 2905 600 2932 7
618 2879 728 2940 Placuit
744 2877 808 2940 baec
819 2877 938 2938 canonis
950 2877 1039 2938 777777
1049 2877 1226 2959 describere,

153 2971 190 3022 ut
201 2963 287 3024 iacile
298 2959 536 3042 deprehendatur
549 2979 633 3021 error
644 2961 770 3022 auctoris
784 2957 919 3022 Deiectus
932 2967 1043 3020 7777777.
1058 2959 1124 3022 7777.
1142 2963 1227 3026 unio.

154 3045 206 3122 qui
232 3047 265 3106 in
287 3043 365 3106 777777
386 3041 426 3104 ud
449 3039 547 3104 eumd.
571 3061 637 3103 con.
660 3052 729 3104 tom.
754 3046 773 3106 7
798 3039 852 3106 777.
873 3043 946 3117 tte,
965 3039 1181 3123 trepidationem
1200 3055 1228 3108 et

155 3123 366 3188 dubitationem
394 3126 605 3204 interpretatur
637 3123 844 3196 conditionem,
872 3125 954 3202 quasi
979 3123 1073 3185 omnis
1100 3126 1228 3188 conditio

155 3227 173 3268 a
195 3207 332 3288 carthag.
361 3207 496 3268 Patribus
519 3206 625 3284 rejecta
643 3207 746 3267 177777.
770 3205 939 3286 'trepidatio
957 3215 987 3266 et
1009 3205 1151 3266 dubitatio
1175 3211 1229 3268 Pa-

156 3290 253 3351 tribus
276 3299 320 3351 est
348 3289 476 3349 incertus
502 3307 665 3367 ancepsque
689 3291 819 3365 animus,
842 3297 963 3366 propter
978 3307 1065 3366 quem
1089 3289 1169 3350 illam
1190 3290 1228 3349 ad

155 3373 301 3451 synodum
320 3370 546 3432 controversiam
562 3370 741 3447 detulerant,
761 3371 812 3449 qni
829 3369 1017 3440 dubitabant,
1035 3389 1106 3431 num
1124 3372 1155 3431 in
1179 3371 1229 3431 illo

156 3471 258 3514 rerum
278 3454 446 3516 discrimine
460 3453 637 3534 baptismum
656 3461 791 3533 repetere
808 3461 966 3533 oporteret.
989 3452 1124 3516 Evellnnt
1148 3453 1228 3514 buno

156 3537 327 3615 scrupulum
346 3536 459 3596 77777177
478 3539 577 3596 Patres
597 3536 724 3615 ajentes,
741 3535 918 3616 baptismum
936 3554 997 3597 esse
1017 3535 1227 3614 repetendum,

154 3637 193 3680 ne
208 3619 266 3681 7777
282 3615 433 3700 trepidatio
455 3615 544 3698 (quod
565 3628 643 3678 certe
659 3619 697 3680 de
718 3617 884 3678 conditione
905 3617 1027 3700 intelligi
1046 3615 1157 3696 nequit)
1180 3635 1227 3677 777

153 3697 247 3782 societ
258 3708 506 3762 caeremoniarum
520 3701 692 3782 perpetiens
703 3701 829 3782 privari.
846 3699 928 3762 Idem
941 3717 1057 3780 quoque
1071 3699 1108 3759 de
1121 3698 1227 3758 iisdem

156 3784 320 3844 infantibus
337 3781 488 3861 respondit
509 3785 597 3862 Greg.
623 3785 783 3864 71777777
804 3800 889 3843 num.
906 3785 924 3842 9
946 3779 1001 3842 777.
1023 3782 1101 3840 18779
1121 3787 1190 3840 torn.
1208 3783 1226 3841 5

154 3862 223 3926 coll.
244 3885 308 3926 eon.
329 3863 483 3926 7177717777.
504 3865 626 3926 Ecclesia
644 3865 751 3945 igitur,
772 3881 961 3924 cumeorum
981 3861 1157 3938 baptismum
1178 3881 1227 3922 re-

155 3949 216 4026 peti
239 3946 353 4008 volebat
375 3954 402 4006 et
418 3944 504 4005 simul
526 3949 613 4006 etiam
631 3945 786 4006 damnabat
811 3943 945 4004 7777777777
970 3943 1224 4026 rebaptizantium,

156 4047 217 4090 non
237 4030 321 4090 aliter
334 4027 409 4088 illud
428 4027 493 4088 77777
513 4027 621 4106 771777,
643 4045 729 4106 quarn
748 4045 814 4088 cum
832 4027 919 4087 tacita
936 4025 1090 4102 animoque
1114 4035 1226 4090 retenta
