3102 5184
612 462 759 534 -589
788 505 838 518 -

175 608 299 707 triplex
328 624 377 681 est
401 608 542 680 modus:
574 615 740 708 orporrso,
773 611 915 708 effreno,
953 615 1144 684 immemo-
1174 610 1261 682 Fue-

173 721 262 778 runt
291 707 390 799 olim,
419 710 476 805 qui
513 707 703 779 dubitarent
741 706 783 778 de
812 711 842 778 ri
872 709 1024 807 baptismi
1056 734 1116 806 per
1145 734 1261 806 orpes

177 811 334 894 mern,
374 821 431 878 aut
471 805 676 902 effirsrouem
712 805 779 876 dsti
823 805 899 902 (i),
945 807 1000 880 sed
1041 833 1117 878 eum
1154 807 1261 878 valere

176 921 311 975 eertum
334 919 401 994 est,
436 929 512 976 eum
548 909 746 992 immersio,
779 911 932 1002 aspersio
939 959 952 994 ,
983 905 1104 1002 offusio
1144 904 1261 976 diversi

177 1001 318 1098 quidem
348 1005 413 1072 sint
439 1001 613 1075 ablutionis
644 1002 753 1091 modi,
784 1027 894 1074 revera
921 1019 1031 1076 tamen
1067 1003 1151 1074 nihil
1191 1001 1260 1073 dis-

178 1115 257 1170 tent
282 1100 350 1196 (2).
377 1099 545 1173 Dubitatio
569 1101 639 1173 haee
666 1101 708 1173 de
735 1101 898 1198 baptismo
929 1127 989 1196 per
1021 1104 1259 1199 aspersionem,

178 1197 416 1270 effusionemve
447 1197 582 1290 collato,
609 1201 683 1270 setis
721 1199 807 1272 claro
834 1215 1027 1295 argumento
1067 1216 1135 1291 est,
1180 1199 1260 1271 olim

178 1296 383 1392 baptismum
414 1322 475 1394 per
518 1301 760 1369 immersionem
790 1295 931 1370 conferri
969 1301 1180 1369 consuevisse.
1216 1297 1260 1367 Et

180 1409 273 1464 eerte
300 1393 362 1465 suit
387 1394 456 1467 hee
482 1411 575 1467 retus
599 1395 742 1470 eeclesiae
774 1393 966 1493 disciplina,
998 1409 1036 1464 ut
1060 1395 1261 1493 baptismum

181 1495 385 1588 suscepturi,
417 1496 482 1564 sire
510 1519 614 1564 mares
635 1510 759 1584 essent,
785 1495 851 1566 sive
867 1493 1032 1583 soeminae,
1049 1495 1114 1564 sive
1135 1493 1259 1580 adulti,

181 1591 251 1660 sire
285 1589 445 1682 infantes,
484 1592 624 1664 restibus
663 1595 753 1664 exuti
789 1609 888 1690 atque
917 1593 1052 1663 omnino
1091 1589 1175 1662 nudi
1208 1589 1261 1685 (ὅ)

183 1703 235 1758 ter
263 1691 298 1758 in
314 1715 416 1884 (pepusa
449 1706 521 1762 toto
554 1717 690 1790 corpore
712 1706 939 1788 mergerentur
968 1705 1002 1761 et
1035 1688 1114 1761 inde
1139 1687 1263 1762 eduee-

183 1802 303 1857 rentur
373 1843 382 1858 .

230 2006 271 2092 (t)
290 2011 397 2072 Confer
410 2009 578 2074 Cornelium
593 2014 662 2090 Pap.
682 2031 728 2094 ep.
751 2013 770 2073 9
788 2009 830 2073 ud
841 2009 970 2073 Fadium
984 2006 1120 2072 Antioeh.
1141 2029 1227 2070 neor.
1245 2013 1262 2070 6

185 2093 250 2152 ets
273 2089 328 2154 ool.
360 2095 420 2154 166
439 2101 468 2154 et
489 2095 548 2154 tos
567 2093 645 2172 apud
659 2095 862 2156 coustantium
876 2113 923 2176 ep.
940 2095 1068 2154 Roman.
1087 2089 1216 2173 Pontis„
1236 2102 1265 2153 et

185 2175 220 2235 S.
236 2175 373 2254 cyprian.
390 2195 435 2258 ep.
452 2177 491 2236 76
505 2173 547 2236 od
559 2177 707 2258 Mopsum
717 2195 791 2259 pop.
809 2178 868 2237 568
883 2183 911 2238 et
923 2193 997 2258 seq,
1011 2172 1058 2236 od.
1079 2176 1152 2237 Von.
1170 2175 1261 2235 1768.

229 2257 271 2336 (9)
292 2257 369 2319 Vide
382 2257 597 2319 Cateehismum
616 2262 701 2320 Rom.
718 2267 803 2341 port.
822 2260 922 2340 drop.
940 2259 960 2318 2
976 2255 1002 2338 S.
1025 2259 1076 2318 17.
1092 2256 1263 2336 Antiquitus

184 2337 242 2412 etsi
258 2337 419 2419 baptismus
431 2340 619 2401 immersione
635 2339 699 2401 dori
719 2341 841 2418 soleret,
860 2348 960 2400 temen
976 2338 1127 2399 interdum
1144 2335 1264 2398 effusio-

182 2437 258 2479 nem
276 2420 441 2482 adhibitam
463 2421 554 2483 iuisse
579 2429 707 2501 eoustat3
730 2421 810 2502 quod
834 2421 1064 2483 luculentissimo
1090 2429 1265 2500 argumento

184 2509 249 2578 est,
270 2503 419 2564 ecelesiam
439 2521 555 2584 semper
572 2503 693 2564 firmum
714 2511 812 2566 ratum
831 2504 968 2566 habuisse
985 2502 1180 2580 baptismum,
1202 2503 1264 2562 sive

185 2599 243 2662 pe
260 2585 493 2663 immersionem,
509 2594 561 2646 eut
578 2587 790 2665 aspersionem,
810 2595 862 2646 aut
880 2584 1051 2646 effusionem
1074 2583 1185 2644 ablutio
1209 2583 1265 2643 sre-

185 2672 247 2724 ret.
265 2669 308 2727 lta
324 2685 392 2728 eum
407 2671 528 2742 Petrus,
544 2669 692 2747 ceterique
711 2667 833 2748 apostoli
850 2667 1006 2730 hominum
1027 2671 1074 2725 ter
1092 2663 1173 2724 millo
1190 2663 1265 2742 bap-

187 2747 332 2826 rixarum,
351 2750 436 2810 sicuti
450 2757 589 2811 narretur
602 2752 634 2811 in
648 2757 704 2810 aet.
719 2758 812 2830 apost.
830 2751 878 2812 11.
894 2769 923 2810 o.
940 2749 979 2808 57
994 2755 1022 2807 et
1034 2765 1113 2830 seq„
1125 2745 1265 2806 videntur

187 2827 306 2891 dedisse
329 2831 506 2912 baptismum
527 2849 581 2910 per
600 2833 813 2911 aspersionem,
837 2840 888 2894 aut
911 2829 1102 2899 effusionem,
1122 2846 1189 2888 oum
1214 2847 1268 2888 ve·

186 2910 313 2974 risimile
325 2932 385 2974 non
399 2915 452 2992 sit,
468 2923 579 2976 tentam
597 2914 751 2976 hominum
768 2913 990 3010 multitudipem
1010 2919 1070 2972 un
1087 2911 1170 3006 brevi
1188 2917 1265 3005 tem-

186 3011 449 3149 1111191ἓὲ
458 2991 1051 3160 1Ἒῖῗέἑῗωῗοζῖἒῗζᾷὲῑῖἕξέὲὲἒῗῃῗ
1054 2993 1267 3138 ...11σὶ111ἓὲ

188 3167 393 3238 susceperant,
411 3179 499 3238 quam
519 3163 694 3222 seutentiam
713 3161 807 3222 veluti
822 3179 873 3222 suu
894 3169 980 3222 etate
998 3159 1189 3220 certissimum
1212 3174 1266 3235 ap·

189 3240 296 3319 prohat
310 3251 339 3302 et
357 3243 489 3320 sequitur
504 3246 535 3305 S.
557 3247 632 3324 Aug.
657 3241 692 3305 de
706 3241 851 3324 baptimo
875 3251 970 3304 contr.
991 3240 1143 3303 Donatist.
1170 3235 1221 3300 116.
1245 3241 1264 3298 6

189 3339 259 3404 cup.
275 3325 293 3384 7
309 3320 364 3385 eoi.
382 3327 441 3386 166
455 3343 492 3468 op
518 3369 525 3383 .
541 3333 611 3386 tom.
626 3327 656 3385 9.
670 3325 779 3386 Eadem
791 3333 836 3386 est
849 3327 992 3386 sententio
1003 3341 1085 3384 rone.
1101 3324 1263 3386 Neoeaesur.

190 3405 267 3465 Coo.
289 3407 328 3468 12
342 3406 469 3485 apudLa
548 3425 578 3468 m
593 3413 663 3468 tom.
683 3409 698 3469 1
721 3411 808 3468 Ceno.
825 3403 881 3468 eol.
902 3409 982 3468 1616
996 3404 1043 3466 ed.
1060 3407 1153 3480 Veo.,·
1168 3403 1266 3464 Antis-

189 3487 301 3548 siodor.
324 3490 397 3549 Ceo.
418 3491 457 3550 18
483 3497 553 3550 tom.
574 3492 593 3550 6
614 3487 929 3566 ool.644,·lt1stiseon.
954 3491 982 3551 11
999 3489 1073 3550 Coo.
1091 3489 1110 3548 5
1131 3483 1186 3547 ool.
1204 3485 1264 3546 671

191 3576 266 3630 tom.
297 3571 334 3646 6,·
361 3571 505 3634 ParislV
532 3571 608 3631 Ouo.
635 3573 652 3631 7
679 3569 736 3632 eoi.
762 3573 822 3632 711
848 3579 918 3632 tom.
949 3573 967 3631 9
990 3577 1020 3630 et
1040 3567 1119 3630 idem
1144 3569 1265 3628 smelX

190 3649 316 3712 tradidit
331 3651 505 3716 Wslsridius
520 3654 624 3715 Strabo
641 3651 676 3715 de
690 3651 759 3715 Rob.
779 3649 849 3714 ecel.
873 3671 939 3736 oop.
962 3655 1001 3714 96
1023 3649 1078 3714 cot.
1104 3643 1262 3712 69911161.

189 3733 258 3794 1²1².
280 3741 349 3794 tom.
366 3737 405 3795 10
422 3733 467 3796 ed.
491 3735 594 3796 Poris.
613 3737 703 3798 tout.
726 3739 789 3798 Huo
805 3736 893 3796 etiam
909 3743 1041 3814 spectant
1055 3740 1116 3794 sote
1134 3735 1164 3794 S.
1188 3733 1265 3791 Lau-

190 3814 281 3875 rentii
302 3815 381 3894 apud
403 3817 522 3880 Surium
547 3814 581 3877 de
596 3817 665 3880 vius
686 3819 741 3880 SS.
760 3817 870 3880 mensis
891 3821 971 3900 uoq.
987 3835 1059 3900 pop.
1082 3817 1119 3875 96
1139 3808 1183 3872 od.
1200 3807 1262 3872 Col.

191 3899 288 3974 1716,
303 3898 354 3958 ubi
370 3899 467 3979 agitur
480 3897 518 3960 de
530 3899 672 3978 baptismo
683 3919 736 3980 per
753 3900 925 3961 effusionem
944 3900 1023 3977 dato,
1041 3905 1070 3957 et
1085 3895 1143 3956 hue
1157 3892 1264 3954 similia

189 3978 340 4058 exempla,
359 3999 425 4058 quse
449 3981 540 4042 refert
564 3985 724 4043 Mertenius
742 3979 778 4044 de
795 3981 896 4065 Anotq.
919 3979 1019 4043 eccles.
1043 3975 1094 4039 tit.
1118 3979 1134 4038 1
1158 3993 1224 4056 cop.
1245 3979 1259 4035 1

191 4069 254 4124 art.
276 4063 312 4123 11
329 4061 355 4143 S.
374 4064 392 4124 o
408 4071 479 4126 tom.
495 4066 509 4124 1
535 4082 606 4146 puy.
624 4066 678 4144 te,
695 4063 742 4126 od.
763 4067 853 4125 Anto.
874 4081 926 4126 seu
945 4065 1018 4126 Vero.
1036 4061 1126 4122 1776.
1143 4055 1267 4136 Exqui-
