3134 5144
808 419 1028 492 -272-

383 575 590 648 subscribunt
616 573 770 668 eligentes
799 572 872 670 (ἢ),
917 569 1035 667 quibus
1068 583 1148 642 tune
1176 568 1283 640 omnis
1306 568 1452 638 variandi

384 691 522 773 potestas
541 672 694 744 adimitur
707 670 773 768 (ὅ).

438 869 465 948 l)
488 873 560 952 Cap.
578 871 617 932 ⁴8
631 866 667 929 de
681 864 761 928 elect.

436 951 465 1032 ἢ)
488 955 559 1035 Cap.
573 954 612 1012 20
626 948 703 1026 eod„
717 967 783 1010 cuo.
798 949 816 1009 9
832 967 898 1030 cop.
917 951 978 1032 lq.
996 949 1023 1008 l.

423 1035 465 1116 (5)
489 1037 561 1116 cop.
579 1037 613 1094 lt
632 1041 661 1094 ct
674 1033 712 1094 to
726 1031 762 1092 de
775 1029 858 1092 elect.

431 1215 462 1316 ᾗ.
490 1215 573 1287 XX.
612 1213 703 1287 Alter
734 1213 850 1286 modus
882 1212 1022 1310 eligendi
1057 1229 1107 1284 est
1128 1237 1197 1310 per
1222 1219 1454 1310 compeomio-
1560 1199 1561 1210 ἵ

382 1341 477 1402 crem,
496 1313 627 1412 quondo
653 1311 858 1410 cespitum,
893 1314 1025 1384 nemine
1053 1311 1284 1400 dissentiente,
1319 1313 1376 1380 uni
1402 1311 1453 1382 rel

381 1413 547 1510 pluribus.
562 1415 660 1483 etism
684 1428 777 1482 extra
807 1411 968 1507 gremium
996 1409 1128 1508 capituli
1146 1408 1358 1481 existentibus
1384 1409 1454 1480 cle-

381 1514 455 1584 ricis
481 1511 556 1608 (l),
585 1511 699 1582 electio
723 1511 938 1581 committitur
968 1508 1035 1604 (2).
1071 1507 1215 1580 Potestas
1235 1510 1454 1604 compromis-

382 1613 470 1680 sariis
486 1611 581 1698 doto,
599 1635 634 1680 re
661 1634 729 1680 non
752 1610 821 1678 inte

381 1712 511 1780 serratis
527 1709 747 1804 compromissi
759 1633 903 1800 legiilrQ
921 1705 1077 1778 idoneum
1104 1705 1294 1801 elegerunt,
1323 1707 1358 1773 in
1374 1729 1452 1774 eum

382 1808 563 1879 consentire
575 1829 688 1876 omnes
699 1804 822 1876 debent
837 1829 980 1901 eumque
999 1803 1118 1876 habere
1132 1805 1272 1902 episcopi
1291 1803 1362 1874 loco
1378 1801 1449 1898 (ὅ).

425 2026 466 2106 (l)
489 2029 562 2110 Cup.
576 2027 617 2087 m
631 2023 714 2087 elect.

424 2107 467 2273 ἓῖζ
489 2111 562 2192 Cep.
579 2111 619 2170 50
633 2117 661 2169 et
671 2109 710 2170 53
724 2107 760 2170 de
774 2104 857 2170 elect.

437 2194 454 2254 3
489 2194 561 2274 Cap.
578 2193 608 2269 8,
623 2193 662 2252 50
680 2193 759 2252 acor
774 2190 838 2252 eod.

432 2369 462 2470 ς.
496 2371 591 2441 XXI.
626 2371 776 2468 Denique
802 2397 870 2468 per
901 2377 1008 2468 quast
1041 2376 1312 2469 incpirutsonem
1338 2370 1453 2442 electio

385 2469 578 2561 absolvitur,
613 2495 690 2540 cum
729 2467 884 2540 electores
915 2493 1029 2542 omnes
1068 2473 1159 2568 qussi
1197 2469 1307 2540 divino
1336 2471 1454 2583 spiritu

384 2567 484 2640 uffloti
507 2569 543 2637 in
568 2593 646 2639 curn
670 2582 805 2665 repente
831 2565 1001 2659 feruntur,
1034 2567 1078 2639 de
1105 2593 1172 2666 quo
1197 2584 1291 2639 enter
1318 2593 1371 2640 rrx
1392 2594 1455 2642 uo·

385 2669 579 2763 gitsrerant.

433 2763 464 2866 ς.
504 2763 615 2839 llllll.
652 2763 777 2837 Electio
803 2763 864 2834 rite
892 2763 1037 2837 absolute
1067 2763 1170 2836 eleeto
1190 2791 1267 2837 mox
1287 2762 1457 2836 offerenda

386 2879 453 2952 est,
474 2863 609 2960 ejusque
636 2888 808 2936 consensus
834 2862 1014 2959 petendus,
1044 2889 1144 2961 quem
1168 2865 1254 2934 intro
1285 2889 1456 2952 mensem,

386 2987 429 3032 ne
468 2958 563 3031 cedat
596 2963 673 3060 jure
702 2986 779 3051 suo,
821 2959 920 3032 debet
945 2965 1094 3034 emittere
1120 2961 1194 3058 (l),
1235 2977 1269 3033 et
1295 2978 1459 3058 praetcres

386 3063 472 3130 intre
503 3083 629 3130 menses
665 3075 770 3130 tresu
804 3061 970 3156 superiore
1018 3057 1158 3158 petendo
1202 3075 1251 3131 est
1275 3059 1459 3132 confirmo-

386 3159 432 3228 tio
460 3154 526 3254 (2)
562 3155 628 3228 Sed
658 3159 818 3324 episcopi,
843 3173 877 3229 et
902 3161 1020 3250 ceteri,
1049 3161 1107 3257 qui
1135 3185 1153 3228 o
1185 3183 1313 3229 summo
1341 3157 1460 3230 Ponti·

386 3253 449 3326 fiee
492 3255 709 3327 coulirmoni
753 3271 850 3345 sunt,
893 3257 979 3328 intro
1019 3282 1166 3330 mensem
1206 3259 1268 3328 iter
1311 3261 1458 3354 arripere

388 3351 510 3425 debent
537 3351 579 3423 od
607 3352 716 3425 sedem
743 3353 960 3451 Apostolicom
986 3371 1019 3427 et
1045 3355 1086 3426 ab
1118 3381 1155 3426 ec
1184 3371 1296 3452 petere
1327 3352 1456 3425 confir-

388 3453 565 3524 mationem
591 3450 641 3522 vel
671 3477 731 3551 per
757 3453 923 3550 seipsos,
949 3451 999 3525 rel
1026 3480 1085 3551 per
1118 3452 1276 3526 idoneum
1303 3477 1459 3550 procure-

387 3567 511 3640 torem‚
533 3565 667 3748 ppmpto
692 3565 839 3647 tempore
865 3551 907 3623 ed
938 3554 1062 3624 itineris
1090 3552 1364 3650 longinquitatem
1397 3578 1459 3623 ne-

388 3650 522 3722 cessario
573 3649 600 3746 )

430 3847 472 3930 (r)
494 3851 566 3932 cap.
584 3843 825 3910 succrescere.

431 3931 461 4008 (ἢ
495 3931 550 3993 Cit.
564 3949 630 4012 cop.
645 3931 663 3990 6
677 3927 713 3992 cle
725 3926 806 3991 elect.
821 3929 853 3990 in
869 3932 899 3991 6.

430 4011 460 4090 (3
494 4016 564 4097 Cup.
583 4011 665 4076 lude
679 4009 760 4074 elect.
777 4013 809 4074 in
820 4015 849 4090 (i,
865 4009 954 4075 Clcur.
972 4011 1031 4095 ‘.’§.
1045 4009 1102 4073 ult.
1118 4009 1181 4072 eorl.

860 1633 897 1696 o,
927 1609 1069 1678 rerumri
1090 1609 1226 1704 nequit,
1248 1623 1282 1676 et
1306 1631 1381 1676 cum
1407 1607 1451 1694 ii,
1562 1647 1563 1688 1
