3122 5178
510 485 514 494 ’
542 495 712 542 enarrata.
1146 493 1167 538 v

111 639 202 684 rarum
224 605 477 708 obscuritatem,
503 617 704 690 voluntatem
726 616 872 690 discendi
895 607 996 688 simul
1015 642 1092 688 cum
1110 643 1167 714 spe

110 734 296 827 perdiscendi
313 738 487 836 abjiciunt.

153 861 192 929 lit
205 849 359 958 quoniam
380 880 518 933 ornatur
527 863 786 961 jurisprudentia
800 862 985 934 eruditione
1000 863 1144 960 primum
1156 913 1165 950 7

110 1001 138 1054 ct
156 987 239 1080 quasi
255 969 364 1072 colore
382 983 526 1081 quodam
557 1001 591 1056 et
617 1012 711 1058 succo
727 1012 805 1075 sua,
833 985 953 1056 idcirco
976 1009 1036 1056 nas
1057 1007 1168 1054 rerum

112 1108 235 1200 origines
246 1099 439 1206 investigare
451 1110 653 1199 curarim,
668 1125 765 1206 atque
783 1107 948 1178 hausimus
965 1131 1004 1178 ex
1024 1105 1170 1176 lontibus

112 1207 486 1332 ecclesiastieaebistorie
509 1255 567 1319 ea,
595 1255 670 1326 quae
693 1230 734 1300 ad
757 1255 827 1300 rem
857 1244 1001 1301 nostram
1024 1230 1068 1296 ita
1092 1252 1171 1324 per-

112 1349 204 1420 tinere
224 1339 480 1442 arbitrabamur,
505 1369 543 1420 ut
568 1377 635 1422 non
657 1354 785 1422 irruisse
807 1353 843 1420 in
866 1353 1010 1422 alienum
1037 1346 1168 1434 lacum,

113 1469 162 1538 sctl
181 1473 214 1540 in
232 1497 326 1542 suum
351 1461 551 1568 immigrasse
576 1472 778 1544 riderentur.
812 1472 860 1542 lta
888 1473 1010 1542 scilicet
1038 1495 1171 1566 operam

114 1591 269 1680 dedimus,
283 1610 319 1664 ut
332 1595 420 1666 rabis
432 1594 649 1691 panderemus
663 1597 746 1665 riam
759 1619 826 1666 non
838 1591 943 1666 solam
956 1592 998 1662 ad
1011 1593 1172 1664 larensem

114 1715 275 1808 peritiam,
314 1740 421 1786 rerum
460 1718 556 1786 etiam
592 1717 634 1788 ad
674 1743 809 1788 amnem
847 1717 1037 1787 interiorem
1074 1727 1173 1809 atque

115 1835 301 1907 reconditam
336 1837 581 1910 ecclesiasticam
616 1839 924 1938 jurisprudentiam.
965 1836 1052 1910 Volo
1085 1839 1173 1908 enim

115 1955 221 2030 talibus
244 1959 398 2032 doctrinis
417 1959 519 2032 excoli
546 1979 667 2034 rastros
696 1965 839 2052 animos⁷
866 1977 904 2033 ut
923 1959 1067 2034 habeatis
1083 1957 1174 2058 adju·

114 2096 230 2170 menta,
256 2084 375 2180 quibus
400 2085 550 2155 instructi
576 2087 697 2156 sacrani
722 2085 1005 2184 jurisdictionem,
1035 2110 1073 2155 aa
1096 2085 1173 2181 jura

114 2203 272 2274 mosoma
292 2204 375 2276 sedis
395 2208 580 2302 apostolicae
593 2203 693 2304 plane
705 2223 872 2305 comperta
895 2222 994 2304 atque
1007 2203 1174 2303 explorata

114 2319 252 2396 babeatis.
272 2325 458 2399 Obruimur
473 2333 565 2425 copia
580 2333 799 2428 scriptorum,
818 2329 937 2428 quibus
957 2327 1024 2400 duo
1044 2343 1175 2398 tantum

112 2453 260 2543 proposita
275 2449 557 2542 fuisseridentur‚
572 2449 714 2524 alterum
731 2470 769 2523 ut
782 2478 837 2526 ros
850 2455 885 2525 in
895 2476 1019 2524 errores
1030 2453 1172 2548 rapiant,

111 2565 237 2642 alterum
254 2587 297 2643 ut
310 2575 345 2642 in
362 2570 505 2646 ecclesiae
526 2591 625 2672 caput
651 2575 839 2648 Romanum
863 2573 1060 2648 Pontificem
1086 2575 1173 2643 virus

111 2713 247 2766 evomant
263 2696 450 2767 acerbitatis
476 2724 554 2770 suae.
580 2699 732 2784 Quorum
748 2725 766 2770 e
782 2725 921 2771 numera
947 2699 1054 2769 nescio
1077 2697 1175 2793 equi·

111 2811 194 2906 dem,
205 2845 246 2889 an
257 2817 586 2917 pastBaahmerum,
601 2821 813 2893 Thomasium
825 2875 834 2912 .,
846 2837 982 2892 caeteras
991 2818 1174 2906 haereticos,

111 2933 188 3010 ullas
202 2943 263 3032 sit,
285 2943 344 3038 qui
369 2939 509 3040 Eybelia
525 2941 755 3016 anteferendus
776 2942 936 3014 rideatur.
953 2941 1060 3014 Homo
1083 2939 1178 3012 ride·

20 3115 22 3124 ,
109 3057 194 3151 licet,
211 3065 268 3160 qui
291 3087 387 3132 ausus
408 3077 456 3134 est
482 3064 667 3162 improbare
691 3065 947 3155 consessionem,
977 3091 1077 3162 quam
1100 3089 1178 3134 aure
1217 3121 1218 3124 ,

109 3183 216 3278 excipit
230 3182 407 3274 sacerdos,
430 3199 469 3255 ut
495 3203 606 3257 noscat
629 3189 786 3276 crimina,
812 3185 854 3258 de
879 3186 997 3283 quibus
1014 3184 1175 3284 judicium

109 3297 1174 3404 senedebet(a)‚quigra'rissimuserrormeritadamnatusest(b),

143 3460 181 3546 (a)
201 3467 274 3528 Vid.
296 3469 384 3528 Cana.
402 3467 537 3528 Trident.
553 3469 632 3529 Sese.
652 3469 702 3528 ll.
724 3485 759 3528 ca
783 3451 841 3544 .b',
863 3463 899 3528 ala
918 3469 1054 3528 Sacram.
1071 3466 1177 3549 penit.

143 3543 178 3624 (b)
197 3549 363 3609 Deterrimi
380 3547 471 3608 libelli
486 3548 588 3608 titulus
602 3549 693 3610 latiae
710 3567 743 3608 rc
766 3548 845 3610 ditus
859 3557 917 3609 est:
937 3545 1017 3624 Quia
1030 3549 1181 3609 cantitent

111 3620 279 3690 documenta
297 3629 487 3713 antiquitatis
507 3628 678 3692 christiane
697 3629 732 3692 da
751 3627 920 3691 auriculari
936 3628 1120 3711 consessione
1143 3626 1180 3688 ab

110 3704 192 3796 isabel
208 3707 393 3772 Vindobona
408 3713 504 3787 17845
521 3731 589 3772 eum
605 3731 677 3772 vera
697 3712 846 3772 damnavit
863 3713 992 3790 optimus
1011 3730 1045 3770 aa
1062 3711 1180 3788 sapion-

111 3789 227 3852 tissimus
249 3793 388 3853 l’ontilex
404 3794 473 3854 Pius
493 3795 530 3854 Vl
548 3793 720 3872 Apostolicis
734 3793 840 3854 litteris
855 3791 1006 3855 Mediator
1023 3790 1082 3852 Dei
1105 3791 1181 3850 datis

110 3865 152 3958 clia
165 3873 196 3932 ll
216 3874 391 3934 novembris
411 3875 502 3935 last.
521 3877 614 3953 Ipsius
633 3883 731 3936 autem
748 3875 859 3954 Eybelii
878 3871 1133 3935 Iratradacta'aacm
1147 3871 1180 3930 ia

103 3967 151 4027 joa
160 3951 394 4017 ecclesiasticum
406 3952 618 4018 catholicarum
629 3957 780 4018 damnavit
790 3960 853 4019 Sao.
868 3955 976 4018 Indicis
987 3952 1180 4032 congregatio

109 4029 153 4092 alic
166 4036 201 4095 lb
215 4036 363 4098 februarii
378 4036 510 4124 ejusdem
524 4039 604 4103 anai.
