3140 5168
812 421 1032 496 -tss-

363 549 484 662 priam,
512 587 546 644 'et
579 570 661 642 hanc
690 571 828 644 formam
867 587 1065 666 agnoscunt,
1102 595 1209 668 neque
1237 594 1391 667 unquam
1414 569 1452 642 de

186 715 222 750 ,-
335 687 352 750 ·,ΙΙ
386 673 416 741 ri
455 670 569 741 harum
609 669 852 742 ordinationum
881 667 981 742 latina
1024 669 1155 742 ecclesia
1189 667 1363 738 dubitarit.
1398 669 1453 740 ta-

365 767 492 858 ,cedit,
530 768 619 865 quod
656 767 711 839 illa
761 771 1052 846 instrumentorum
1101 767 1231 839 traditio
1272 769 1454 838 recentioris

329 859 342 936 ,¹
387 866 568 964 disciplinae
611 884 678 954 est;
712 859 868 963 quonia'm
900 865 1060 963 apostolos
1096 883 1196 964 atque
1230 867 1383 962 antiquos
1408 891 1452 935 cc·

261 1055 272 1068 ..
352 1009 356 1020 ·
386 965 488 1036 olesiae
521 965 633 1036 Patres
659 991 721 1134 per
748 990 909 1038 manuum
946 965 1193 1061 impositionem
1214 965 1354 1062 majores
1387 961 1451 1034 illos

345 1077 361 1102 '·
388 1062 516 1134 ordines
559 1081 658 1134 contu
673 1064 753 1152 isse,
790 1065 955 1140 memorie
982 1061 1152 1160 proditum·
1181 1077 1241 1134 est.
1294 1060 1453 1156 Eugenius

388 1177 516 1252 nutem,
549 1187 624 1232 cum
666 1159 756 1234 illam
796 1163 986 1232 memorarit
1026 1163 1319 1232 instrumentorum
1364 1155 1450 1228 tradi

388 1261 532 1351 tionem,
556 1260 718 1358 verbaque
750 1257 805 1330 illa
830 1258 1011 1356 descripsit,
1038 1284 1106 1330 uon
1138 1257 1261 1330 ordinis
1289 1258 1450 1328 materiam

389 1373 422 1427 et
465 1357 604 1431 formam
634 1358 802 1448 definivit,
848 1357 936 1428 unde
968 1360 1014 1428 ris
1058 1361 1248 1428 odoramenti
1278 1353 1448 1454 penderet,

390 1454 447 1526 scd
468 1472 596 1528 tantum
625 1453 795 1554 proposuit
832 1455 991 1528 Romana
1032 1454 1174 1532 ecclesiae
1205 1458 1326 1542 ritum,
1361 1477 1450 1550 mem

390 1579 548 1625 manuum
579 1556 776 1652 impositioni
815 1554 973 1626 Armenos
1005 1553 1184 1648 adjungere
1224 1553 1379 1650 optabat,
1417 1563 1450 1618 ut

388 1653 432 1721 ita
472 1680 547 1724 oum
586 1653 714 1726 ecclesia
754 1653 900 1724 Romana
949 1677 1137 1724 communes
1180 1650 1341 1722 haberent
1379 1651 1448 1719 ritus

388 1765 486 1846 atque
508 1751 547 1820 ad
586 1777 658 1822 eam
686 1749 813 1822 firmius
839 1750 1105 1822 adhaerescerent.
1136 1747 1254 1821 Omnis
1285 1747 1359 1822 haec
1395 1745 1451 1816 dis·

388 1852 514 1945 putatio
529 1852 659 1947 propria
679 1849 907 1946 theologorum
926 1865 975 1920 est
997 1848 1064 1946 (ᾖ).

430 2045 471 2128 (t)
492 2049 608 2108 Ceteros
627 2055 726 2108 tamen
741 2047 860 2109 ordines
878 2047 1031 2108 diaconatu
1058 2047 1212 2108 inferiores
1230 2063 1284 2124 per
1303 2045 1390 2106 solam
1406 2043 1448 2102 in·

389 2137 620 2190 strumentorum
634 2130 821 2192 traditionem
837 2131 977 2205 conferri,
994 2129 1072 2190 inter
1084 2147 1186 2190 omnes
1201 2135 1323 2189 dorstat.

431 2211 471 2292 (t)
495 2214 571 2273 Sunt
588 2219 617 2270 et
638 2211 702 2286 alii,
724 2213 907 2292 quitantiam
930 2219 1095 2290 sequuntur
1112 2211 1303 2286 seutentiam,
1318 2214 1447 2288 ponentes

390 2293 502 2354 ordinis
523 2293 676 2354 materiam
690 2295 722 2354 in
736 2301 861 2374 utroque
874 2295 953 2370 ritu,
968 2293 1077 2354 scilicet
1088 2293 1119 2352 in
1132 2293 1181 2352 illa
1196 2292 1447 2354 instrumentorum

390 2374 566 2452 traditione,
581 2383 669 2454 atque
691 2376 721 2436 in
737 2394 877 2436 manuum
899 2375 1094 2456 impositione.
1118 2379 1221 2438 Totam
1236 2373 1308 2435 hauc
1320 2371 1448 2452 qnustin
1517 2367 1518 2428 i

390 2475 469 2535 nem,
485 2465 592 2534 preater
606 2466 732 2536 eeteros,
751 2457 879 2538 graviter
899 2465 929 2518 et
948 2457 1062 2536 copiose
1074 2463 1231 2538 pertractat
1253 2461 1320 2519 ten.
1337 2455 1401 2516 xlv
1413 2449 1446 2512 de

393 2557 461 2630 syn.
477 2537 560 2600 diaeo.
575 2537 626 2602 tit.
641 2542 660 2602 8
674 2560 701 2602 o.
716 2541 766 2602 to.

438 2695 468 2794 §.
502 2695 541 2768 C.
572 2697 748 2796 Episcopus
772 2697 952 2769 ordinarius
981 2713 1030 2770 est
1061 2698 1208 2768 minister
1240 2695 1338 2796 hujus
1359 2719 1448 2766 sacru
1516 2773 1517 2794 3

367 2797 508 2881 .menti;
535 2812 624 2866 extra
663 2795 834 2887 ordinem,
879 2811 913 2868 et
943 2822 1019 2866 cum
1049 2798 1142 2868 venia
1165 2797 1287 2866 summi
1315 2793 1447 2866 Pontifi-
1516 2795 1517 2840 t

389 2894 450 2980 cis,
492 2896 589 2964 etiam
632 2893 814 2994 presbyteri
858 2893 1125 2966 subdiaconatum
1174 2911 1363 2991 ceterosque
1401 2894 1447 2962 iu·

389 2989 520 3062 seriores
541 2991 670 3064 ordines
694 2993 841 3064 conferre
861 3007 996 3090 possunt
1021 2991 1087 3090 (l).
1115 2990 1347 3064 Ordinationes
1367 2991 1447 3062 facte

390 3087 431 3156 ab
484 3092 634 3187 episcopo
687 3093 985 3182 excommunicato,
1030 3089 1244 3179 schismatico,
1309 3089 1446 3163 hamio
1515 3167 1516 3170 ,

389 3184 510 3276 valent,
545 3187 644 3260 modo
675 3214 751 3260 cum
778 3187 921 3284 legitima
951 3203 1129 3285 potestate,
1157 3187 1336 3287 debitoque
1372 3190 1445 3272 ritu,

388 3287 539 3375 materia,
575 3285 698 3376 forma,
731 3289 913 3358 intentione
946 3287 1157 3385 perficiantur
1193 3285 1260 3384 (ᾖ).
1302 3285 1368 3358 Soli
1392 3309 1448 3355 ma·

389 3407 440 3452 res
464 3381 594 3455 ordines
622 3387 781 3483 suscipere
805 3401 961 3482 possunt,
992 3409 1059 3456 non
1084 3387 1164 3456 item
1187 3385 1356 3470 foeminae,
1379 3407 1447 3480 quas

388 3492 491 3578 turpe
521 3495 572 3554 ost
600 3487 643 3554 in
673 3486 811 3557 ecclesiis
845 3485 942 3579 isqui
982 3509 1025 3555 ao
1057 3483 1174 3556 docere
1212 3483 1280 3581 (5).
1322 3481 1446 3558 Cetera,
1514 3519 1515 3524 =

390 3604 465 3676 quae
492 3579 534 3650 ad
575 3579 637 3652 hoo
664 3595 898 3654 sacramentum
936 3583 1125 3680 pertinent,
1177 3583 1335 3682 superiori
1375 3577 1449 3651 libro

391 3677 631 3775 explicavimus.

429 3852 456 3934 (t
482 3853 588 3916 Confer
598 3871 717 3932 eaque
727 3853 855 3915 diximus
867 3851 887 3914 ἱ.
903 3855 916 3914 i
932 3853 977 3914 tit.
991 3854 1010 3914 5
1024 3863 1094 3916 sect.
1108 3856 1127 3916 6
1139 3852 1165 3936 S.
1178 3856 1217 3916 53
1231 3863 1294 3916 not.
1308 3857 1327 3916 2
1336 3873 1369 3996 p.
1381 3851 1443 3914 202·

430 3937 460 4014 (ἢ
494 3935 665 4017 Auglieauas
683 3936 896 4012 ordinationes,
922 3937 1026 3997 ceteris
1042 3937 1131 3997 etiarn
1160 3938 1269 4013 missis,
1285 3938 1376 3998 nutas
1391 3949 1446 3994 orn·
1513 3947 1514 3998 t

389 4017 460 4080 nino
484 4027 572 4097 atque
591 4017 689 4084 irritas
708 4037 784 4098 esse,
809 4018 892 4080 facile
916 4017 1119 4098 deprehendet
1143 4019 1278 4100 quisquis
1311 4019 1348 4081 ad
1365 4016 1446 4080 solum
1513 4003 1514 4033 ¹
