3134 5144
618 456 665 472 ·-
688 413 760 488 955
786 457 834 474 -

174 562 490 656 firmils‘arr'tatem,
523 561 653 656 ordines
680 565 841 662 suscipere
870 571 1005 662 potest,¹
1019 561 1101 661 quin
1131 559 1250 654 etiurir,

178 659 280 731 modo
308 661 397 731 fraus
418 661 514 750 obsit,
544 661 625 733 ordo
655 689 739 734 unus
767 661 808 732 ub
836 685 903 732 uno
932 663 1083 762 episcopo
1111 675 1145 731 et
1171 661 1251 734 elius

177 757 222 826 ab
249 755 313 830 alio
338 777 426 832 recte
451 761 623 857 suscipitur
654 760 721 856 (1).
754 757 879 832 Verum
907 785 982 830 cum
1005 762 1174 858 episcopus
1202 785 1267 840 or·,

177 854 275 928 dines
302 857 431 929 confert
452 859 528 956 jure
554 859 712 954 beneficii
740 874 797 930 sut
818 859 1085 954 familiaritatis
1091 911 1105 948 ,
1136 883 1252 930 neoes·

176 958 274 1068 suriae
294 972 374 1026 sont
395 956 511 1028 littero
533 955 764 1028 testimoniales
784 956 926 1054 episcopi
943 957 1075 1051 originis
1096 971 1130 1028 et
1150 955 1254 1029 domi·
1381 1029 1384 1038 .

176 1051 267 1141 criu,
298 1079 358 1150 per
385 1081 464 1156 quos
491 1071 657 1152 comperto
679 1057 720 1125 sit
749 1057 834 1144 vitu,
859 1069 957 1142 setus,
983 1053 1125 1142 nutiles,
1148 1079 1254 1126 mores

177 1149 303 1240 clerici,
327 1155 384 1250 qui
403 1152 532 1248 ordines
551 1169 758 1252 suscepturus
776 1169 826 1224 est
844 1152 911 1250 (2)
934 1151 1111 1250 Regulures
1127 1169 1250 1244 sutem,

177 1247 330 1320 exhibitis
349 1249 465 1322 litteris
488 1251 674 1324 dimissoriis
694 1255 743 1324 sui
758 1253 951 1348 superioris,
976 1249 1151 1322 ordinandi
1175 1267 1253 1322 suut

177 1347 224 1416 ab
251 1351 422 1446 episcopo,
453 1352 546 1448 cujus
572 1353 608 1422 in
632 1349 761 1424 dioeoesi
789 1351 889 1420 situm
917 1363 966 1420 est
991 1347 1195 1438 roenobium,
1219 1351 1254 1420 in

180 1470 251 1540 quo
272 1463 528 1538 commorentur,
550 1474 621 1520 non
642 1452 721 1520 item
743 1447 784 1520 ob
804 1446 868 1519 ulio
888 1450 1057 1546 episcopo,
1079 1449 1139 1518 nisi
1157 1447 1253 1518 certis

184 1547 405 1615 monumentis
434 1545 628 1633 ostendant,
662 1545 755 1617 iilum
786 1543 838 1618 rel
869 1545 998 1637 obesse,
1035 1543 1085 1616 rel
1117 1543 1254 1615 ordino-

188 1643 297 1712 tiones
327 1669 389 1715 non
420 1643 541 1715 habore
563 1645 633 1743 (5).

229 1797 274 1880 (i)
292 1804 332 1862 lto
345 1805 396 1882 qui
413 1823 506 1864 unum
523 1803 560 1866 uh
579 1803 712 1884 episcopo
730 1804 854 1885 originis
867 1803 1003 1864 ordinem
1019 1801 1146 1882 occepit,
1164 1803 1255 1864 olium

183 1881 372 1964 abepiscopo
395 1886 551 1963 domicilii,
579 1887 626 1948 vel
646 1886 779 1948 beneficii
798 1888 928 1965 recipere
946 1895 1056 1968 potest;
1084 1893 1171 1963 utque
1195 1886 1253 1960 itu,

181 1965 273 2026 modo
283 1965 383 2046 procui
395 1969 433 2029 sit
445 1969 558 2030 fraudis
568 1987 665 2046 muso,
680 1987 852 2048 responsum
866 1975 1009 2028 estesse.
1025 1971 1084 2029 Gon
1139 1969 1255 2048 potione

178 2049 295 2109 concilii
320 2049 353 2110 io
371 2049 523 2112 Fundano
545 2049 687 2112 ordrirrrm
713 2053 752 2112 25
761 2050 891 2134 januar.
915 2051 995 2111 1666
1020 2047 1069 2111 tto.
1085 1985 1138 2111 ide
1147 2049 1252 2111 derret.

174 2151 212 2213 p.
226 2132 277 2206 59,
290 2129 551 2216 iodpur'peodiorr.
565 2151 617 2195 serr
630 2129 754 2194 Clusina
768 2132 943 2194 diaconatus
953 2130 1147 2194 tdnooembr.
1162 2131 1252 2206 1777,

180 2214 216 2273 in
227 2213 383 2276 Bouooierr
395 2233 449 2276 serr
458 2215 612 2277 Ferorioo.
627 2214 827 2278 ordinationis
840 2217 880 2276 11
892 2211 1040 2276 oooeorbr.
1055 2215 1134 2274 1756
1147 2221 1216 2274 tom.
1234 2215 1253 2272 6

177 2295 433 2377 paq.185.vide
452 2297 533 2358 cord.
553 2301 639 2360 Petro
660 2295 701 2358 od
716 2301 817 2360 corut.
834 2293 959 2380 apostol.
981 2304 1051 2358 tom.
1070 2299 1083 2357 1
1100 2313 1172 2378 paq.
1195 2297 1254 2356 166
1371 2381 1377 2390 ι

178 2385 252 2439 sert.
269 2381 384 2439 inum.
398 2381 449 2456 61,
470 2379 540 2441 edit.
560 2381 659 2442 Vonrt.
677 2381 769 2442 1711.

235 2459 266 2540 2)
286 2463 344 2524 cit.
360 2462 483 2524 constit.
503 2459 708 2546 Speculatores
722 2459 749 2543 S.
766 2465 784 2523 6
798 2469 827 2523 et
840 2462 870 2522 6.

234 2541 265 2625 3)
286 2543 459 2606 Benedictus
473 2547 542 2606 xlv
558 2543 714 2607 condor.
737 2543 875 2627 Impositi
887 2545 926 2605 17
941 2551 1011 2604 tom.
1030 2540 1128 2623 iejus
1141 2537 1251 2602 delier.

175 2643 251 2719 pop.
280 2625 354 2702 109,
380 2624 450 2687 edit.
470 2627 570 2688 roser.
594 2627 686 2688 1751.
707 2627 899 2705 Excipiuutur
918 2633 1016 2686 tomen
1037 2625 1199 2720 reputares,
1220 2633 1254 2684 ut

177 2723 246 2784 ipse
263 2705 348 2767 docet
368 2707 556 2784 Benedictus,
578 2709 661 2788 quis
684 2709 753 2770 sede
770 2707 932 2788 Apostolico
952 2706 1139 2785 privilegium
1160 2705 1255 2784 impe·

178 2796 301 2850 tnrunt
322 2791 497 2870 suscipiendi
514 2791 634 2852 ordines
657 2811 673 2851 o
698 2791 801 2870 quovis
825 2789 966 2850 catholico
990 2787 1137 2862 antistite,
1167 2787 1254 2848 ruodo

180 2869 239 2930 hoc
248 2871 435 2952 privilegium
445 2873 515 2954 ipsis
528 2871 718 2952 nominatim,
736 2879 766 2933 et
787 2879 852 2952 post
872 2871 1027 2933 concilium
1047 2867 1254 2932 Tridentinum

181 2969 353 3014 muressum
367 2955 417 3016 sit.

232 3107 263 3210 §.
287 3107 363 3180 XV.
390 3108 487 3181 Certe
509 3112 607 3181 etium
630 3137 692 3208 pro
708 3109 842 3208 singuiis
858 3107 1027 3182 ordinibus
1047 3125 1125 3182 aetus
1141 3109 1254 3206 requi·

181 3209 282 3300 ritur,
294 3233 370 3306 ¹qua
387 3209 423 3278 in
444 3235 479 3278 re
498 3211 581 3279 surio
601 3209 664 3280 fuit
686 3213 829 3306 untiquae
851 3208 991 3280 ecclesiae
1006 3206 1249 3303 disciplinati).

180 3303 282 3378 Nunc
308 3322 441 3386 tonsura
471 3323 505 3380 et
532 3309 674 3380 minores
702 3305 831 3380 ordines
860 3323 936 3380 onte
970 3321 1118 3378 exectum
1151 3305 1253 3402 septi-

182 3431 278 3476 mum
311 3405 416 3476 entis
448 3431 570 3480 annum
597 3431 666 3478 non
690 3406 904 3478 conferuntur
932 3403 1006 3500 (2),
1039 3401 1254 3476 subdiaconus
1286 3459 1290 3466 .

180 3517 292 3574 autem
314 3527 413 3576 nemo
436 3527 503 3574 esse
524 3519 644 3600 potest,
668 3507 730 3576 nisi
752 3505 941 3599 vigesimum
961 3501 1159 3590 secundum,
1186 3500 1253 3570 diu·

182 3625 298 3691 conos,
313 3603 377 3672 nisi
395 3603 584 3696 vigesimum
606 3599 751 3692 tertium,
775 3601 958 3702 presbyter,
980 3603 1042 3672 nisi
1064 3601 1253 3696 vigesimum

181 3699 340 3800 quintum
361 3701 463 3772 ostatis
485 3725 609 3770 unnum
630 3703 772 3798 attigerit
795 3699 862 3798 (5).
888 3699 955 3786 Qui
976 3716 1052 3770 unte
1073 3697 1157 3794 hono
1174 3711 1254 3765 aetu-

181 3815 268 3888 tem,
293 3822 363 3868 non
383 3801 552 3896 impetrato
575 3801 668 3869 venis
694 3799 778 3872 sedis
795 3798 1003 3896 Apostolioae,
1026 3796 1075 3868 ve'l
1092 3795 1132 3865 ab
1149 3791 1254 3864 alieno

180 3899 356 3993 episcopo,
390 3900 457 3968 sine
488 3895 605 3968 litteris
635 3895 821 3970 dimissoriis
861 3899 1001 3993 episcopi
1034 3896 1102 3982 sui,
1133 3889 1254 3964 ordini·

180 3995 244 4065 bus
282 3996 428 4066 initiatus
457 4011 526 4085 ost,
558 4012 780 4093 susceptorum
811 3993 965 4067 ordinum
1001 4015 1136 4084 munero
1167 3989 1254 4062 eier-
