3140 5168
795 379 1016 452 -518-

368 531 424 592 bus
432 530 587 592 dissimiles
600 537 683 592 erant
693 547 789 594 mores
802 530 938 611 legesque
948 529 1062 608 nolles,
1077 527 1231 610 omnibus,
1244 527 1296 608 qui
1307 527 1345 590 ad
1356 527 1437 592 hanc

370 613 524 676 Ecclesiam
545 611 741 692 pertinerent,
762 612 982 688 matrimonium
1005 619 1218 673 sacramentum
1241 629 1304 672 ease
1328 611 1434 674 voluit.

369 699 468 773 ltaque
491 693 553 773 ejus
573 695 725 755 materiam
744 695 921 755 constituere
943 693 1061 770 debuit,
1079 709 1146 773 quc
1162 693 1298 754 amnibus
1324 711 1386 754 una
1407 703 1437 755 et

367 777 469 837 eadem
492 784 582 853 esset,
602 785 632 837 et
657 777 723 837 ideo
743 778 882 856 primam,
908 795 973 856 quas
993 781 1061 838 ante
1085 777 1159 837 ullas
1182 775 1313 837 conditas
1334 775 1435 837 civiles

366 857 443 939 leges
465 859 537 934 init,
564 858 743 920 matrimonii
766 858 980 920 institutionem
1003 857 1170 938 appellarit.
1200 859 1289 937 Atqui
1317 865 1436 918 tanturn

367 941 507 1002 naturalis
528 949 692 1002 contractus
713 959 789 1002 unm
811 941 949 1019 idemque
972 949 1035 1005 erat
1057 939 1210 1012 omnibus,
1236 959 1301 1012 aon
1320 938 1434 1016 civilia,

368 1042 456 1101 quern
480 1023 543 1084 aliis
561 1023 674 1106 legibus
698 1021 836 1100 Romani,
856 1023 920 1083 aliis
952 1023 1082 1098 liebrmi,
1106 1022 1171 1084 aliis
1190 1019 1312 1100 reliqum
1333 1031 1437 1103 gentes

367 1103 568 1183 perficiebant.
587 1105 729 1184 Equidem
743 1113 810 1184 peto
823 1103 860 1164 ab
876 1105 926 1180 iis,
943 1105 993 1184 qni
1008 1103 1123 1165 civilem
1139 1111 1319 1164 contractum
1339 1121 1438 1164 sacra-

367 1188 458 1247 menti
480 1187 631 1248 materiam
647 1188 770 1264 iaciunt,
794 1204 920 1264 quorum
941 1187 1115 1266 populorum
1131 1185 1229 1246 civiles
1242 1187 1320 1266 leger
1334 1185 1438 1247 Chris-

369 1276 415 1328 tus
429 1270 658 1348 respuerim-ut
677 1270 708 1330 in
729 1269 766 1329 iis
783 1271 954 1330 sacramenti
973 1269 1125 1329 materiam
1147 1271 1290 1346 poneret?
1309 1269 1357 1328 An
1379 1271 1437 1330 lie·

368 1350 529 1428 breorum,
545 1370 582 1411 an
597 1355 811 1428 Romanorum,
823 1369 861 1411 an
875 1351 1055 1430 reliquarum
1073 1351 1225 1431 gentium?
1246 1351 1277 1412 si
1294 1349 1436 1410 Hebraeo·

367 1450 435 1493 rum
447 1434 525 1516 leges
538 1435 688 1514 spectavit,
704 1433 875 1514 negabimus
883 1441 1097 1494 sacramentum
1111 1432 1200 1492 luisse
1213 1431 1436 1493 matrimonium

368 1523 546 1592 ceterorum,
563 1517 613 1596 qui
634 1535 670 1578 ex
688 1515 841 1592 Romanis,
866 1523 917 1576 aut
935 1534 970 1576 ex
989 1515 1112 1594 reliquis
1131 1514 1267 1596 gentibus
1289 1513 1328 1574 ad
1349 1513 1436 1576 ecclc

368 1597 442 1658 siam
464 1599 635 1676 veniebaut3
655 1597 793 1678 quoniam
815 1615 874 1657 non
891 1595 1013 1674 iisdem,
1028 1597 1136 1677 quibus
1154 1595 1212 1672 illi,
1237 1595 1353 1676 legibus
1372 1605 1435 1656 ute·

368 1678 486 1742 bantur.
510 1681 618 1742 Eadem
631 1689 731 1741 contra
751 1681 965 1760 argumentatio
980 1679 1073 1754 redit3
1093 1677 1117 1738 si
1139 1678 1171 1738 in
1189 1685 1341 1738 contractu
1359 1679 1434 1738 cirili

367 1763 581 1840 Romanorum,
607 1773 658 1824 aut
682 1763 862 1840 reliquarum
883 1761 1015 1842 gentium
1046 1761 1220 1822 sacramenti
1243 1760 1435 1822 materiante

368 1841 483 1904 Christo
495 1843 662 1906 collocatam
677 1845 818 1906 dieamus.
838 1841 937 1920 Adde,
955 1843 1034 1922 quod
1044 1843 1135 1904 nullm
1155 1851 1226 1904 tunc
1238 1850 1325 1904 erant
1339 1843 1435 1904 civiles

367 1925 444 2006 leges
470 1925 507 1986 de
530 1925 732 2006 matrimonio,
758 1945 823 2006 que
844 1943 903 1986 non
921 1926 1029 1988 Christi
1047 1926 1106 2006 legi
1125 1924 1362 1986 adversarentur.
1379 1927 1434 1986 lle-

368 2005 514 2068 breorum
540 2007 618 2088 leges
638 2007 796 2089 repudium
814 2007 1040 2088 permittebant,
1071 2007 1150 2088 leges
1178 2010 1378 2068 Rornanorum
1402 2024 1434 2066 ae

368 2089 499 2168 gentium
521 2089 716 2168 reliquarum,
743 2101 773 2152 et
799 2089 914 2169 repudii
940 2090 1106 2152 facultatem
1133 2087 1260 2165 dabam,
1286 2096 1317 2150 ct
1338 2088 1432 2168 plene

367 2171 607 2250 superstitionum
626 2191 660 2234 ac
685 2173 824 2235 vitiorum
848 2179 942 2234 erant.
962 2173 1033 2249 Quia
1052 2171 1129 2234 dicat
1155 2169 1305 2233 Christum
1332 2171 1433 2231 iecisse

366 2255 538 2314 sacramenti
561 2255 713 2316 materiam
729 2255 780 2316 has
800 2255 896 2334 leges,
912 2255 1049 2334 aquibus
1064 2255 1185 2328 Divina,
1203 2272 1272 2332 que
1283 2251 1319 2312 ab
1333 2271 1368 2314 eo
1383 2251 1430 2312 ie-

367 2333 504 2412 rebatur,
527 2339 584 2398 her
599 2335 795 2399 abhorrebat?
812 2337 923 2398 Fecisse
943 2345 1084 2416 praeterea
1107 2335 1260 2397 materiam
1279 2353 1376 2416 ragam
1396 2341 1429 2393 et

368 2418 525 2493 incertam,
545 2419 639 2496 qualis
656 2427 700 2480 est
717 2427 881 2482 contractus
901 2419 1008 2494 civilis,
1029 2419 1080 2498 qui
1103 2437 1121 2478 a
1145 2417 1315 2496 populanum
1336 2417 1430 2478 mori-

369 2499 438 2576 bus,
455 2519 472 2560 a
491 2507 656 2578 temporum
676 2505 807 2575 ratione,
833 2501 871 2562 ab
889 2499 1042 2562 hominum
1065 2500 1230 2577 voluntate,
1253 2498 1430 2578 arbitrioque

368 2582 495 2660 pendet?
507 2585 540 2642 ln
553 2583 674 2662 reliquis
687 2586 874 2646 sacramentis
889 2601 946 2644 una
956 2591 1044 2662 atque
1058 2583 1160 2644 eadem
1173 2584 1285 2642 cunctis
1295 2581 1431 2662 gentihus

368 2665 489 2726 materia
506 2671 566 2739 est3
586 2667 652 2744 quis
676 2667 749 2728 illud
779 2665 835 2726 sibi
863 2669 892 2728 in
918 2667 1049 2726 animum
1071 2663 1201 2740 inducat,
1228 2664 1318 2726 salius
1339 2683 1432 2728 sacra

369 2749 459 2807 menti
475 2747 652 2808 matrimonii
668 2748 815 2810 Christum
833 2747 935 2810 iecisse
952 2749 1103 2808 materiam
1118 2755 1178 2807 tarn
1190 2747 1303 2807 variam
1318 2754 1433 2827 tamque

369 2828 552 2904 dissimilem,
578 2848 666 2909 quam
685 2831 758 2892 varii
783 2839 852 2890 sunt
874 2832 1010 2910 interque
1032 2849 1065 2892 se
1086 2827 1240 2890 dissimiles
1263 2847 1380 2908 mores,
1401 2845 1433 2889 ac

367 2911 446 2990 leges
467 2911 582 2988 civiles,
601 2911 711 2990 quibus
726 2912 824 2992 populi
843 2915 1006 2993 reguntur?
1031 2911 1136 2974 Conler
1153 2915 1213 2974 lac.
1230 2912 1368 2974 Cleratens
1379 2909 1431 2974 loc.

367 2991 416 3052 m't.
437 3010 503 3134 epp.
523 2995 558 3134 Ξ,
576 3001 604 3053 et
616 3003 764 3136 aqotorem
778 2995 873 3073 operis
890 2993 927 3056 de
939 2991 1090 3058 i'oatora'te'
1102 2991 1154 3056 des
1165 2991 1245 3056 ceos
1261 2995 1432 3076 patescere

369 3093 435 3156 cop.
482 3071 508 3153 ὃ.
556 3083 626 3136 tom.
666 3119 673 3136 .

416 3176 448 3277 §.
476 3177 627 3250 cxvlll.
653 3180 804 3278 Cumque
831 3182 994 3255 ecclesiam
1023 3197 1258 3279 representem
1286 3182 1341 3254 vel
1370 3185 1434 3284 ejus

369 3291 466 3374 caput
495 3277 660 3350 Romanus
692 3279 864 3374 Pontifex,
899 3281 950 3352 rel
979 3281 1214 3352 oecumenicum
1243 3281 1430 3368 concilium,

368 3377 532 3472 sequitur,
567 3391 604 3446 nt
632 3375 673 3448 eb
702 3375 859 3451 alterutro
888 3395 1018 3450 tantum
1047 3378 1233 3450 dirimentia
1261 3381 1433 3452 matrimo-

368 3475 461 3544 nium
500 3473 732 3569 impedimenta
771 3481 923 3549 constitui
958 3477 1014 3576 (1)
1056 3495 1090 3550 et
1120 3480 1295 3550 constituta
1333 3505 1434 3552 remo

367 3574 435 3644 reri
466 3574 590 3670 possint
626 3573 691 3671 (ἓ).
736 3573 830 3672 Saepe
863 3580 950 3649 enim
979 3578 1075 3674 justia
1105 3575 1147 3646 de
1179 3582 1283 3648 causis
1320 3579 1433 3676 aliquus

367 3668 438 3764 lege
464 3671 616 3759 solviturq
651 3672 823 3746 solvendus
845 3691 894 3745 est
925 3690 1034 3745 autern
1063 3690 1222 3773 potestate
1249 3679 1342 3774 pari,
1372 3701 1432 3774 qua

369 3768 538 3840 adstrictus
563 3785 623 3841 est.
652 3771 886 3870 Episcoporum
913 3787 1052 3869 potestas
1078 3773 1160 3844 inira
1190 3777 1312 3846 summi
1343 3775 1432 3846 Pon-

367 3867 461 3938 tiliois
509 3883 607 3966 atque
640 3873 831 3942 oecumenici
875 3871 1002 3943 concilii
1044 3887 1236 3970 potestatem
1282 3889 1354 3962 estq
1402 3885 1432 3942 et

368 3961 455 4056 ideo,
489 3993 565 4064 qum
597 3971 753 4066 superiori
791 3969 861 4066 lege
894 3971 1013 4041 sancita
1060 3988 1158 4060 sunt,
1198 3971 1430 4070 impedimenta
