3100 5182
795 425 993 496 ...98-

355 583 415 649 cos'
436 590 551 666 erant,
582 575 640 672 qui
671 575 766 645 sacris
796 576 830 642 in
856 571 954 643 rebus
995 588 1182 664 versantur,
1216 599 1253 647 ac
1278 591 1439 672 praeterea

354 671 598 769 compensanda
614 687 689 742 sunt
711 696 828 759 onera,
847 670 967 766 quibus
994 672 1029 741 in
1051 673 1147 742 sacris
1163 672 1331 768 explendis
1355 673 1439 747 offi-

354 774 411 843 ciis
431 786 465 842 ct
478 771 664 840 ministeriis
679 767 880 840 afficiuntur.

394 964 436 1107 (61)
460 969 533 1048 Cap.
550 967 613 1026 det
631 960 698 1026 fide
713 917 898 1025 immanuel.
926 960 1041 1026 Eccles.
1055 983 1122 1046 cop.
1148 966 1181 1042 1,
1200 965 1262 1027 5et
1274 967 1294 1026 t
1308 964 1372 1028 eod.
1388 967 1437 1029 tit.

368 1067 386 1107 n

355 1069 366 1108 l
385 1091 436 1209 ld)
450 1127 536 1204 Quod
550 1127 651 1190 videre
665 1133 709 1190 est
720 1129 884 1207 prasertim
897 1127 928 1187 in
941 1127 1028 1188 titulo
1041 1125 1111 1188 Cod.
1129 1124 1272 1190 Theodec.
1288 1126 1323 1190 de
1341 1127 1437 1212 eptae,

354 1219 382 1274 et
397 1207 509 1287 cleric„
523 1210 600 1272 etin
614 1209 659 1272 tt't.
676 1209 712 1272 de
724 1207 911 1272 cuncordia.
929 1216 957 1270 et
968 1207 1082 1270 sordid.
1096 1228 1214 1271 muner.

402 1387 433 1487 §.
463 1387 524 1461 IX.
553 1387 726 1460 Tenentur
757 1401 918 1484 praeterea
948 1385 1057 1459 clerici
1083 1387 1331 1483 particularibus
1358 1390 1442 1484 qui-

353 1484 493 1556 busdam
515 1484 662 1582 legibus,
691 1483 876 1584 cujusmodi
901 1501 1000 1574 sunt,
1033 1485 1134 1556 utin
1161 1487 1275 1583 primis
1304 1509 1441 1556 morum

357 1585 558 1679 integritate,
604 1587 774 1658 sanctitate
811 1583 905 1671 ritae,
940 1581 1089 1652 doctrina
1134 1586 1249 1654 ceteris
1286 1583 1442 1680 exemplo

354 1683 420 1750 sint
446 1679 522 1778 (1),
547 1695 585 1749 ut
610 1708 708 1780 parce
741 1696 775 1751 et
805 1679 974 1775 frugaliter
998 1681 1127 1770 ritant,
1161 1697 1259 1778 atque
1287 1696 1326 1749 ut
1359 1705 1443 1776 opes

355 1775 526 1848 conferant
552 1775 594 1844 ad
619 1803 802 1876 pauperum
824 1776 993 1866 levamen,
1020 1802 1089 1848 non
1120 1776 1160 1847 ad
1186 1780 1298 1848 inanes
1319 1801 1442 1873 sump-

357 1889 431 1960 tus3
461 1889 500 1943 ut
523 1879 668 1970 corporis
703 1873 795 1945 cultu
827 1889 976 1964 utantur,
1012 1877 1071 1971 qui
1094 1873 1171 1945 luxu
1207 1874 1304 1944 simul
1330 1893 1442 1946 careat

357 1987 391 2042 et
417 1969 586 2059 sordibus,
613 1997 656 2044 ne
676 1985 903 2068 contemptum
935 1989 992 2042 aut
1018 1971 1172 2043 invidiam
1201 1974 1330 2068 pariant
1354 1970 1439 2065 (ἢ),

357 2083 394 2137 ut
423 2091 491 2138 non
508 2067 607 2142 modo
628 2070 756 2141 sceleris
780 2073 855 2164 puri
882 2071 960 2159 sint,
990 2068 1047 2140 sed
1069 2095 1203 2140 omnem
1231 2072 1328 2140 etiam
1354 2068 1442 2140 alio-

357 2191 433 2236 rum
469 2163 682 2239 offensionem
715 2167 997 2262 suspicionemque
1028 2167 1213 2254 declinent3
1252 2181 1290 2236 ut
1319 2191 1352 2236 se
1374 2165 1443 2235 ab·

357 2265 499 2335 stineant
535 2288 552 2331 a
588 2262 793 2336 saecularibus
828 2267 965 2359 negotiis
1001 2279 1099 2362 utque
1136 2263 1328 2336 muneribus
1361 2264 1439 2360 (5),

357 2387 376 2429 a
412 2360 554 2432 soeminis
584 2387 694 2432 secum
724 2363 760 2430 in
792 2387 858 2432 una
889 2378 924 2432 et
958 2361 1071 2433 eadem
1107 2361 1206 2434 domo
1234 2360 1441 2454 retinendis,

356 2458 419 2528 nisi
449 2471 537 2528 arcta
572 2461 722 2554 cognatio
758 2483 891 2530 omnem
926 2462 1140 2556 suspicionem
1178 2459 1334 2551 excludat
1360 2459 1441 2554 (4),

357 2553 398 2622 ab
425 2555 515 2624 omni
549 2559 640 2654 turpi
675 2557 767 2626 lucro
794 2570 829 2627 et
860 2573 1043 2653 quaestuosa
1068 2559 1287 2652 negotiatione
1314 2556 1391 2652 (5),
1422 2585 1444 2627 a

356 2650 502 2740 choreis,
529 2652 717 2740 comoediis,
743 2652 878 2750 aliisque
905 2654 1092 2750 spectaculis
1112 2655 1184 2751 (6),
1207 2680 1225 2723 a
1247 2653 1333 2723 ludis
1356 2654 1446 2724 alea-

356 2773 431 2818 rum
464 2747 538 2916 (7),
565 2777 583 2820 a
610 2749 835 2822 venationibus
864 2750 972 2848 (8),a
999 2752 1141 2823 saeculari
1173 2751 1287 2822 militia
1313 2749 1387 2846 (9),
1422 2781 1445 2823 a

355 2848 490 2916 nutrieu
515 2875 533 2916 a
557 2851 654 2919 nimis
684 2847 850 2942 eleganter
873 2874 965 2918 coma
994 2851 1085 2944 (10),
1109 2849 1150 2918 ab
1170 2851 1267 2920 armis
1283 2847 1445 2920 deseren-

355 2941 404 3012 dis
433 2943 532 3040 (11),
557 2961 590 3014 at
616 2971 657 3017 ue
684 2971 702 3014 a
733 2948 847 3015 ceteris
880 2945 1027 3043 ejusdem
1063 2947 1207 3040 generis,
1245 2945 1287 3016 dc
1318 2946 1443 3042 quibus

356 3041 463 3132 agitur
486 3041 522 3108 in
545 3042 584 3109 tit
621 3043 706 3112 ode
729 3045 804 3112 vitu
836 3056 869 3113 et
901 3043 1073 3115 decertata
1104 3045 1324 3116 ebraeorum.
1353 3043 1444 3115 Nam

355 3159 409 3205 eos
448 3159 575 3206 servare
615 3151 745 3233 oportet
778 3137 952 3240 diligenter
984 3140 1071 3234 leges
1100 3165 1236 3230 omnes,
1269 3165 1345 3237 quae
1377 3167 1444 3236 pro

356 3257 472 3302 eorum
518 3231 663 3304 moribus
698 3250 730 3304 et
771 3234 959 3333 disciplina,
999 3236 1216 3309 ecclesiasticis
1259 3239 1445 3310 sationibus

358 3328 433 3400 letae
453 3335 545 3419 sunt,
576 3355 716 3428 quaeque
746 3349 802 3404 aut
835 3339 1027 3430 incorpore
1052 3334 1263 3406 decretalium
1295 3351 1443 3426 exstant,

356 3442 413 3494 aut
440 3429 475 3494 in
490 3425 588 3496 bullis
605 3453 808 3500 summorum
830 3429 1050 3521 Pontificum,
1071 3449 1127 3502 aut
1142 3434 1177 3502 in
1191 3432 1329 3503 decretis
1355 3459 1446 3504 con-

358 3521 423 3593 cilii
443 3521 654 3615 Tridentini,
677 3551 752 3622 quae
774 3527 926 3598 dicuntur
954 3530 996 3600 de
1026 3531 1308 3625 refhrrnatt'one,··
1321 3546 1378 3600 aut
1402 3532 1444 3600 in

357 3621 611 3716 provincialibus
624 3621 878 3723 dioecesanisque
894 3627 1191 3698 constitutionibus.

397 3813 440 3897 (1)
456 3813 534 3911 Vide
554 3821 584 3880 S.
598 3821 683 3880 toan.
702 3818 903 3900 Chrysostom.
920 3819 955 3882 de
971 3819 1091 3916 Sacerci.
1108 3819 1158 3883 lib.
1187 3825 1204 3884 5
1228 3823 1342 3915 capud
1361 3839 1443 3918 pap.

356 3899 397 4038 (1(
398 3899 417 3958 6
423 3895 563 4042 ,1171118116
576 3917 641 3982 cap.
657 3901 676 3962 1
695 3919 770 3984 pop.
787 3905 847 3964 425
861 3911 931 3966 tomi.
947 3907 975 3982 1,
1000 3901 1070 3966 edat.
1094 3902 1317 3987 Morttsuucoun
1332 3905 1444 3968 Purus.
