<?xml version="1.0" encoding="UTF-8"?>
<!DOCTYPE html PUBLIC "-//W3C//DTD XHTML 1.0 Transitional//EN"
    "http://www.w3.org/TR/xhtml1/DTD/xhtml1-transitional.dtd">
<html xmlns="http://www.w3.org/1999/xhtml" xml:lang="en" lang="en">
 <head>
  <title>
</title>
<meta http-equiv="Content-Type" content="text/html;charset=utf-8" />
  <meta name='ocr-system' content='tesseract 3.04.00' />
  <meta name='ocr-capabilities' content='ocr_page ocr_carea ocr_par ocr_line ocrx_word'/>
</head>
<body>
  <div class='ocr_page' id='page_1' title='image "./institutionumca00devogoog_0619.png"; bbox 0 0 3142 5188; ppageno 0'>
   <div class='ocr_carea' id='block_1_1' title="bbox 790 389 1012 460">
    <p class='ocr_par' dir='ltr' id='par_1_1' title="bbox 790 389 1012 460">
     <span class='ocr_line' id='line_1_1' title="bbox 790 389 1012 460; baseline 0 0"><span class='ocrx_word' id='word_1_1' title='bbox 790 389 1012 460; x_wconf 86' lang='grc'><strong>-648-</strong></span> 
     </span>
    </p>
   </div>
   <div class='ocr_carea' id='block_1_2' title="bbox 366 536 1442 636">
    <p class='ocr_par' dir='ltr' id='par_1_2' title="bbox 366 536 1442 636">
     <span class='ocr_line' id='line_1_2' title="bbox 366 536 1442 636; baseline 0.005 -28"><span class='ocrx_word' id='word_1_2' title='bbox 366 539 509 610; x_wconf 83' lang='lat' dir='ltr'><strong>divinam</strong></span> <span class='ocrx_word' id='word_1_3' title='bbox 545 537 705 609; x_wconf 88' lang='lat' dir='ltr'><strong>conficere</strong></span> <span class='ocrx_word' id='word_1_4' title='bbox 735 536 825 608; x_wconf 78' lang='lat' dir='ltr'><strong>nefas</strong></span> <span class='ocrx_word' id='word_1_5' title='bbox 867 553 926 609; x_wconf 89' lang='lat' dir='ltr'><strong>est.</strong></span> <span class='ocrx_word' id='word_1_6' title='bbox 969 538 1219 636; x_wconf 82' lang='lat' dir='ltr'><strong>Antiquissimus</strong></span> <span class='ocrx_word' id='word_1_7' title='bbox 1250 556 1299 612; x_wconf 83' lang='lat' dir='ltr'><strong>est</strong></span> <span class='ocrx_word' id='word_1_8' title='bbox 1331 541 1442 612; x_wconf 84' lang='lat' dir='ltr'><strong>eccle-</strong></span> 
     </span>
    </p>
   </div>
   <div class='ocr_carea' id='block_1_3' title="bbox 363 633 1440 1521">
    <p class='ocr_par' dir='ltr' id='par_1_3' title="bbox 363 633 1440 1521">
     <span class='ocr_line' id='line_1_3' title="bbox 366 633 1440 732; baseline 0.002 -24"><span class='ocrx_word' id='word_1_9' title='bbox 366 641 486 709; x_wconf 91' lang='lat' dir='ltr'><strong>siarum</strong></span> <span class='ocrx_word' id='word_1_10' title='bbox 514 633 804 708; x_wconf 88' lang='lat' dir='ltr'><strong>consecrandarum</strong></span> <span class='ocrx_word' id='word_1_11' title='bbox 837 661 911 708; x_wconf 88' lang='lat' dir='ltr'><strong>usus</strong></span> <span class='ocrx_word' id='word_1_12' title='bbox 935 635 1010 732; x_wconf 82' lang='lat' dir='ltr'><strong>(l);</strong></span> <span class='ocrx_word' id='word_1_13' title='bbox 1042 636 1100 708; x_wconf 88' lang='lat' dir='ltr'><strong>sed</strong></span> <span class='ocrx_word' id='word_1_14' title='bbox 1126 663 1195 709; x_wconf 94' lang='lat' dir='ltr'><strong>non</strong></span> <span class='ocrx_word' id='word_1_15' title='bbox 1221 637 1322 708; x_wconf 91' lang='lat' dir='ltr'><strong>iidem</strong></span> <span class='ocrx_word' id='word_1_16' title='bbox 1350 665 1440 712; x_wconf 85' lang='lat' dir='ltr'><strong>sem-</strong></span> 
     </span>
     <span class='ocr_line' id='line_1_4' title="bbox 365 733 1435 832; baseline 0.003 -27"><span class='ocrx_word' id='word_1_17' title='bbox 365 761 424 832; x_wconf 89' lang='lat' dir='ltr'><strong>per</strong></span> <span class='ocrx_word' id='word_1_18' title='bbox 446 737 526 806; x_wconf 84' lang='lat' dir='ltr'><strong>ritus</strong></span> <span class='ocrx_word' id='word_1_19' title='bbox 560 733 750 830; x_wconf 85' lang='lat' dir='ltr'><strong>eaedemque</strong></span> <span class='ocrx_word' id='word_1_20' title='bbox 783 737 986 807; x_wconf 78' lang='lat' dir='ltr'><strong>caeremonia</strong></span> <span class='ocrx_word' id='word_1_21' title='bbox 1011 733 1160 806; x_wconf 88' lang='lat' dir='ltr'><strong>adhiberi</strong></span> <span class='ocrx_word' id='word_1_22' title='bbox 1183 755 1435 808; x_wconf 84' lang='lat' dir='ltr'><strong>consueverunt.</strong></span> 
     </span>
     <span class='ocr_line' id='line_1_5' title="bbox 363 830 1438 932; baseline 0.003 -30"><span class='ocrx_word' id='word_1_23' title='bbox 363 833 411 902; x_wconf 82' lang='lat' dir='ltr'><strong>Ex</strong></span> <span class='ocrx_word' id='word_1_24' title='bbox 439 835 539 904; x_wconf 85' lang='lat' dir='ltr'><strong>veteri</strong></span> <span class='ocrx_word' id='word_1_25' title='bbox 564 830 733 928; x_wconf 80' lang='lat' dir='ltr'><strong>disciplina</strong></span> <span class='ocrx_word' id='word_1_26' title='bbox 766 835 860 904; x_wconf 82' lang='lat' dir='ltr'><strong>ricini</strong></span> <span class='ocrx_word' id='word_1_27' title='bbox 896 835 1038 930; x_wconf 84' lang='lat' dir='ltr'><strong>episcopi</strong></span> <span class='ocrx_word' id='word_1_28' title='bbox 1076 833 1278 906; x_wconf 81' lang='lat' dir='ltr'><strong>vocabantur</strong></span> <span class='ocrx_word' id='word_1_29' title='bbox 1303 835 1380 932; x_wconf 69' lang='grc'><strong>(4),</strong></span> <span class='ocrx_word' id='word_1_30' title='bbox 1405 851 1438 908; x_wconf 89' lang='lat' dir='ltr'><strong>et</strong></span> 
     </span>
     <span class='ocr_line' id='line_1_6' title="bbox 363 929 1437 1031; baseline 0.005 -31"><span class='ocrx_word' id='word_1_31' title='bbox 363 929 529 1001; x_wconf 92' lang='lat' dir='ltr'><strong>interdum</strong></span> <span class='ocrx_word' id='word_1_32' title='bbox 569 933 667 1002; x_wconf 88' lang='lat' dir='ltr'><strong>etiam</strong></span> <span class='ocrx_word' id='word_1_33' title='bbox 694 929 828 1002; x_wconf 88' lang='lat' dir='ltr'><strong>concilia</strong></span> <span class='ocrx_word' id='word_1_34' title='bbox 866 929 1020 1003; x_wconf 88' lang='lat' dir='ltr'><strong>celebrari</strong></span> <span class='ocrx_word' id='word_1_35' title='bbox 1057 931 1205 1004; x_wconf 90' lang='lat' dir='ltr'><strong>solebant</strong></span> <span class='ocrx_word' id='word_1_36' title='bbox 1238 933 1305 1030; x_wconf 78' lang='lat'>(5).</span> <span class='ocrx_word' id='word_1_37' title='bbox 1344 933 1437 1031; x_wconf 89' lang='lat' dir='ltr'><strong>Epis·</strong></span> 
     </span>
     <span class='ocr_line' id='line_1_7' title="bbox 364 1027 1433 1128; baseline 0.004 -28"><span class='ocrx_word' id='word_1_38' title='bbox 364 1031 437 1126; x_wconf 85' lang='lat' dir='ltr'><strong>copi</strong></span> <span class='ocrx_word' id='word_1_39' title='bbox 464 1053 630 1100; x_wconf 88' lang='lat' dir='ltr'><strong>sermones</strong></span> <span class='ocrx_word' id='word_1_40' title='bbox 657 1027 820 1098; x_wconf 87' lang='lat' dir='ltr'><strong>habebant</strong></span> <span class='ocrx_word' id='word_1_41' title='bbox 845 1028 918 1126; x_wconf 84' lang='grc'><strong>(4),</strong></span> <span class='ocrx_word' id='word_1_42' title='bbox 945 1033 1054 1102; x_wconf 91' lang='lat' dir='ltr'><strong>cuncti</strong></span> <span class='ocrx_word' id='word_1_43' title='bbox 1093 1029 1277 1101; x_wconf 83' lang='lat' dir='ltr'><strong>fundebant</strong></span> <span class='ocrx_word' id='word_1_44' title='bbox 1303 1057 1433 1128; x_wconf 79' lang='lat' dir='ltr'><strong>preces,</strong></span> 
     </span>
     <span class='ocr_line' id='line_1_8' title="bbox 365 1124 1434 1228; baseline 0.005 -31"><span class='ocrx_word' id='word_1_45' title='bbox 365 1153 402 1198; x_wconf 88' lang='lat' dir='ltr'><strong>ac</strong></span> <span class='ocrx_word' id='word_1_46' title='bbox 443 1125 585 1225; x_wconf 89' lang='lat' dir='ltr'><strong>denique</strong></span> <span class='ocrx_word' id='word_1_47' title='bbox 625 1125 740 1196; x_wconf 82' lang='lat' dir='ltr'><strong>divinis</strong></span> <span class='ocrx_word' id='word_1_48' title='bbox 784 1124 964 1219; x_wconf 89' lang='lat' dir='ltr'><strong>sacrificiis,</strong></span> <span class='ocrx_word' id='word_1_49' title='bbox 1011 1129 1154 1228; x_wconf 80' lang='lat' dir='ltr'><strong>mysticis</strong></span> <span class='ocrx_word' id='word_1_50' title='bbox 1195 1128 1434 1220; x_wconf 75' lang='lat' dir='ltr'><strong>oblationibus,</strong></span> 
     </span>
     <span class='ocr_line' id='line_1_9' title="bbox 364 1223 1434 1324; baseline 0.005 -30"><span class='ocrx_word' id='word_1_51' title='bbox 364 1224 514 1324; x_wconf 84' lang='lat' dir='ltr'><strong>hymnis,</strong></span> <span class='ocrx_word' id='word_1_52' title='bbox 565 1223 633 1295; x_wconf 88' lang='lat' dir='ltr'><strong>aliis</strong></span> <span class='ocrx_word' id='word_1_53' title='bbox 658 1250 698 1294; x_wconf 92' lang='lat' dir='ltr'><strong>ue</strong></span> <span class='ocrx_word' id='word_1_54' title='bbox 737 1226 862 1320; x_wconf 87' lang='lat' dir='ltr'><strong>pietatis</strong></span> <span class='ocrx_word' id='word_1_55' title='bbox 902 1225 1073 1322; x_wconf 89' lang='lat' dir='ltr'><strong>operibus,</strong></span> <span class='ocrx_word' id='word_1_56' title='bbox 1118 1252 1247 1298; x_wconf 90' lang='lat' dir='ltr'><strong>summo</strong></span> <span class='ocrx_word' id='word_1_57' title='bbox 1285 1231 1434 1299; x_wconf 90' lang='lat' dir='ltr'><strong>omnium</strong></span> 
     </span>
     <span class='ocr_line' id='line_1_10' title="bbox 364 1251 1432 1424; baseline 0.004 -32"><span class='ocrx_word' id='word_1_58' title='bbox 364 1322 482 1416; x_wconf 76' lang='lat' dir='ltr'><strong>gaudio</strong></span> <span class='ocrx_word' id='word_1_59' title='bbox 524 1339 559 1394; x_wconf 91' lang='lat' dir='ltr'><strong>et</strong></span> <span class='ocrx_word' id='word_1_60' title='bbox 610 1251 819 1415; x_wconf 65' lang='lat' dir='ltr'><strong>celebritate,</strong></span> <span class='ocrx_word' id='word_1_61' title='bbox 866 1327 1063 1397; x_wconf 87' lang='lat' dir='ltr'><strong>consecratio</strong></span> <span class='ocrx_word' id='word_1_62' title='bbox 1100 1325 1319 1422; x_wconf 80' lang='lat' dir='ltr'><strong>peragebatur</strong></span> <span class='ocrx_word' id='word_1_63' title='bbox 1366 1327 1432 1424; x_wconf 76' lang='lat'><strong>(5).</strong></span> 
     </span>
     <span class='ocr_line' id='line_1_11' title="bbox 366 1419 1438 1521; baseline 0.002 -29"><span class='ocrx_word' id='word_1_64' title='bbox 366 1419 550 1521; x_wconf 78' lang='lat' dir='ltr'><strong>Martyrum</strong></span> <span class='ocrx_word' id='word_1_65' title='bbox 574 1446 705 1520; x_wconf 89' lang='lat' dir='ltr'><strong>quoque</strong></span> <span class='ocrx_word' id='word_1_66' title='bbox 738 1420 913 1518; x_wconf 76' lang='lat' dir='ltr'><strong>reliquias,</strong></span> <span class='ocrx_word' id='word_1_67' title='bbox 937 1425 1003 1494; x_wconf 90' lang='lat' dir='ltr'><strong>ritu</strong></span> <span class='ocrx_word' id='word_1_68' title='bbox 1028 1422 1142 1494; x_wconf 85' lang='lat' dir='ltr'><strong>saltem</strong></span> <span class='ocrx_word' id='word_1_69' title='bbox 1176 1423 1345 1514; x_wconf 85' lang='lat' dir='ltr'><strong>Romano,</strong></span> <span class='ocrx_word' id='word_1_70' title='bbox 1377 1425 1438 1494; x_wconf 93' lang='lat' dir='ltr'><strong>ad-</strong></span> 
     </span>
    </p>
   </div>
   <div class='ocr_carea' id='block_1_4' title="bbox 365 1518 844 1614">
    <p class='ocr_par' dir='ltr' id='par_1_4' title="bbox 365 1518 844 1614">
     <span class='ocr_line' id='line_1_12' title="bbox 365 1518 844 1614; baseline 0.004 -26"><span class='ocrx_word' id='word_1_71' title='bbox 365 1518 483 1590; x_wconf 87' lang='lat' dir='ltr'><strong>hibitas</strong></span> <span class='ocrx_word' id='word_1_72' title='bbox 509 1520 605 1591; x_wconf 81' lang='lat' dir='ltr'><strong>luisse</strong></span> <span class='ocrx_word' id='word_1_73' title='bbox 626 1533 751 1591; x_wconf 89' lang='lat' dir='ltr'><strong>constat</strong></span> <span class='ocrx_word' id='word_1_74' title='bbox 772 1520 844 1614; x_wconf 88' lang='grc'>(6).</span> 
     </span>
    </p>
   </div>
   <div class='ocr_carea' id='block_1_5' title="bbox 364 1617 1438 3894">
    <p class='ocr_par' dir='ltr' id='par_1_5' title="bbox 364 1617 1436 3322">
     <span class='ocr_line' id='line_1_13' title="bbox 408 1617 1436 1700; baseline 0.004 -22"><span class='ocrx_word' id='word_1_75' title='bbox 408 1617 449 1700; x_wconf 83' lang='grc'><strong>(4)</strong></span> <span class='ocrx_word' id='word_1_76' title='bbox 471 1619 610 1680; x_wconf 75' lang='lat' dir='ltr'><strong>Ecclesiae</strong></span> <span class='ocrx_word' id='word_1_77' title='bbox 623 1625 736 1678; x_wconf 88' lang='lat' dir='ltr'><strong>tantum</strong></span> <span class='ocrx_word' id='word_1_78' title='bbox 749 1619 789 1679; x_wconf 86' lang='lat' dir='ltr'><strong>tv</strong></span> <span class='ocrx_word' id='word_1_79' title='bbox 803 1637 886 1696; x_wconf 80' lang='lat' dir='ltr'><strong>sec,</strong></span> <span class='ocrx_word' id='word_1_80' title='bbox 902 1619 1192 1699; x_wconf 83' lang='lat' dir='ltr'><strong>pacatoconstantini</strong></span> <span class='ocrx_word' id='word_1_81' title='bbox 1207 1619 1351 1698; x_wconf 86' lang='lat' dir='ltr'><strong>imperio,</strong></span> <span class='ocrx_word' id='word_1_82' title='bbox 1366 1639 1436 1684; x_wconf 86' lang='lat' dir='ltr'><strong>con·</strong></span> 
     </span>
     <span class='ocr_line' id='line_1_14' title="bbox 365 1699 1435 1782; baseline 0.004 -20"><span class='ocrx_word' id='word_1_83' title='bbox 365 1701 471 1762; x_wconf 82' lang='lat' dir='ltr'><strong>sacrari</strong></span> <span class='ocrx_word' id='word_1_84' title='bbox 486 1699 699 1780; x_wconf 73' lang='lat' dir='ltr'><strong>coepissemulti</strong></span> <span class='ocrx_word' id='word_1_85' title='bbox 709 1699 907 1778; x_wconf 88' lang='lat' dir='ltr'><strong>arbitrantur,</strong></span> <span class='ocrx_word' id='word_1_86' title='bbox 919 1701 1097 1782; x_wconf 88' lang='lat' dir='ltr'><strong>laudantque</strong></span> <span class='ocrx_word' id='word_1_87' title='bbox 1111 1702 1217 1763; x_wconf 89' lang='lat' dir='ltr'><strong>Euseb.</strong></span> <span class='ocrx_word' id='word_1_88' title='bbox 1235 1699 1305 1764; x_wconf 77' lang='lat' dir='ltr'><strong>list.</strong></span> <span class='ocrx_word' id='word_1_89' title='bbox 1324 1699 1380 1764; x_wconf 86' lang='lat' dir='ltr'><strong>loc.</strong></span> <span class='ocrx_word' id='word_1_90' title='bbox 1398 1708 1435 1766; x_wconf 87' lang='grc'><strong>46</strong></span> 
     </span>
     <span class='ocr_line' id='line_1_15' title="bbox 365 1780 1435 1867; baseline 0.006 -24"><span class='ocrx_word' id='word_1_91' title='bbox 365 1802 391 1844; x_wconf 88' lang='lat' dir='ltr'><strong>c.</strong></span> <span class='ocrx_word' id='word_1_92' title='bbox 413 1784 519 1864; x_wconf 66' lang='lat' dir='ltr'><strong>apua.</strong></span> <span class='ocrx_word' id='word_1_93' title='bbox 544 1785 605 1844; x_wconf 95' lang='grc'><strong>464</strong></span> <span class='ocrx_word' id='word_1_94' title='bbox 620 1780 666 1844; x_wconf 86' lang='lat' dir='ltr'><strong>ed.</strong></span> <span class='ocrx_word' id='word_1_95' title='bbox 687 1781 750 1858; x_wconf 78' lang='lat' dir='ltr'><strong>cit,</strong></span> <span class='ocrx_word' id='word_1_96' title='bbox 769 1789 798 1841; x_wconf 91' lang='lat' dir='ltr'><strong>et</strong></span> <span class='ocrx_word' id='word_1_97' title='bbox 819 1783 928 1844; x_wconf 82' lang='lat' dir='ltr'><strong>Athon.</strong></span> <span class='ocrx_word' id='word_1_98' title='bbox 950 1780 1029 1867; x_wconf 85' lang='lat' dir='ltr'><strong>apol.</strong></span> <span class='ocrx_word' id='word_1_99' title='bbox 1048 1782 1090 1844; x_wconf 88' lang='lat' dir='ltr'><strong>od</strong></span> <span class='ocrx_word' id='word_1_100' title='bbox 1107 1785 1258 1846; x_wconf 73' lang='lat' dir='ltr'><strong>Caesiam.</strong></span> <span class='ocrx_word' id='word_1_101' title='bbox 1285 1803 1373 1846; x_wconf 80' lang='lat' dir='ltr'><strong>num.</strong></span> <span class='ocrx_word' id='word_1_102' title='bbox 1399 1789 1435 1849; x_wconf 88' lang='grc'><strong>47</strong></span> 
     </span>
     <span class='ocr_line' id='line_1_16' title="bbox 365 1863 1434 1947; baseline 0.005 -22"><span class='ocrx_word' id='word_1_103' title='bbox 365 1874 394 1926; x_wconf 85' lang='lat' dir='ltr'><strong>et</strong></span> <span class='ocrx_word' id='word_1_104' title='bbox 413 1866 451 1926; x_wconf 90' lang='lat' dir='ltr'><strong>l8</strong></span> <span class='ocrx_word' id='word_1_105' title='bbox 468 1872 538 1925; x_wconf 79' lang='lat' dir='ltr'><strong>torn.</strong></span> <span class='ocrx_word' id='word_1_106' title='bbox 560 1867 575 1926; x_wconf 92' lang='grc'><strong>4</strong></span> <span class='ocrx_word' id='word_1_107' title='bbox 595 1883 670 1947; x_wconf 77' lang='lat' dir='ltr'><strong>paq.</strong></span> <span class='ocrx_word' id='word_1_108' title='bbox 687 1865 747 1925; x_wconf 87' lang='grc'><strong>444</strong></span> <span class='ocrx_word' id='word_1_109' title='bbox 765 1871 794 1924; x_wconf 80' lang='lat' dir='ltr'><strong>et</strong></span> <span class='ocrx_word' id='word_1_110' title='bbox 808 1867 867 1926; x_wconf 82' lang='grc'><strong>445</strong></span> <span class='ocrx_word' id='word_1_111' title='bbox 891 1863 962 1927; x_wconf 84' lang='lat' dir='ltr'><strong>edit.</strong></span> <span class='ocrx_word' id='word_1_112' title='bbox 988 1868 1096 1928; x_wconf 85' lang='lat' dir='ltr'><strong>Potoo.</strong></span> <span class='ocrx_word' id='word_1_113' title='bbox 1117 1868 1208 1929; x_wconf 83' lang='grc'><strong>4777.</strong></span> <span class='ocrx_word' id='word_1_114' title='bbox 1234 1867 1381 1946; x_wconf 83' lang='lat' dir='ltr'><strong>Equidem</strong></span> <span class='ocrx_word' id='word_1_115' title='bbox 1401 1870 1434 1930; x_wconf 84' lang='lat' dir='ltr'><strong>iis</strong></span> 
     </span>
     <span class='ocr_line' id='line_1_17' title="bbox 364 1945 1435 2025; baseline 0.006 -19"><span class='ocrx_word' id='word_1_116' title='bbox 364 1947 448 2008; x_wconf 79' lang='lat' dir='ltr'><strong>facile</strong></span> <span class='ocrx_word' id='word_1_117' title='bbox 461 1947 617 2022; x_wconf 85' lang='lat' dir='ltr'><strong>assentior,</strong></span> <span class='ocrx_word' id='word_1_118' title='bbox 637 1947 661 2008; x_wconf 88' lang='lat' dir='ltr'><strong>si</strong></span> <span class='ocrx_word' id='word_1_119' title='bbox 684 1945 831 2025; x_wconf 89' lang='lat' dir='ltr'><strong>publicam</strong></span> <span class='ocrx_word' id='word_1_120' title='bbox 850 1947 930 2008; x_wconf 90' lang='lat' dir='ltr'><strong>illam</strong></span> <span class='ocrx_word' id='word_1_121' title='bbox 955 1954 984 2008; x_wconf 91' lang='lat' dir='ltr'><strong>et</strong></span> <span class='ocrx_word' id='word_1_122' title='bbox 1003 1948 1163 2010; x_wconf 90' lang='lat' dir='ltr'><strong>solemnem</strong></span> <span class='ocrx_word' id='word_1_123' title='bbox 1189 1951 1435 2012; x_wconf 87' lang='lat' dir='ltr'><strong>consecrationem</strong></span> 
     </span>
     <span class='ocr_line' id='line_1_18' title="bbox 364 2027 1434 2110; baseline 0.004 -20"><span class='ocrx_word' id='word_1_124' title='bbox 364 2027 547 2108; x_wconf 75' lang='lat' dir='ltr'><strong>intelligunt,</strong></span> <span class='ocrx_word' id='word_1_125' title='bbox 565 2048 631 2108; x_wconf 83' lang='lat' dir='ltr'><strong>quae</strong></span> <span class='ocrx_word' id='word_1_126' title='bbox 653 2035 769 2088; x_wconf 85' lang='lat' dir='ltr'><strong>tantum</strong></span> <span class='ocrx_word' id='word_1_127' title='bbox 793 2047 863 2108; x_wconf 86' lang='lat' dir='ltr'><strong>pace</strong></span> <span class='ocrx_word' id='word_1_128' title='bbox 881 2029 1008 2091; x_wconf 77' lang='lat' dir='ltr'><strong>ecclesie</strong></span> <span class='ocrx_word' id='word_1_129' title='bbox 1029 2031 1097 2092; x_wconf 89' lang='lat' dir='ltr'><strong>data</strong></span> <span class='ocrx_word' id='word_1_130' title='bbox 1116 2029 1225 2092; x_wconf 79' lang='lat' dir='ltr'><strong>absolvi</strong></span> <span class='ocrx_word' id='word_1_131' title='bbox 1250 2033 1366 2110; x_wconf 78' lang='lat' dir='ltr'><strong>potuit3</strong></span> <span class='ocrx_word' id='word_1_132' title='bbox 1385 2033 1434 2094; x_wconf 89' lang='lat' dir='ltr'><strong>sed</strong></span> 
     </span>
     <span class='ocr_line' id='line_1_19' title="bbox 364 2108 1434 2190; baseline 0.006 -20"><span class='ocrx_word' id='word_1_133' title='bbox 364 2110 457 2172; x_wconf 89' lang='lat' dir='ltr'><strong>abiis</strong></span> <span class='ocrx_word' id='word_1_134' title='bbox 480 2108 564 2170; x_wconf 85' lang='lat' dir='ltr'><strong>valde</strong></span> <span class='ocrx_word' id='word_1_135' title='bbox 580 2111 734 2188; x_wconf 88' lang='lat' dir='ltr'><strong>dissentio,</strong></span> <span class='ocrx_word' id='word_1_136' title='bbox 751 2111 775 2171; x_wconf 90' lang='lat' dir='ltr'><strong>si</strong></span> <span class='ocrx_word' id='word_1_137' title='bbox 790 2111 878 2172; x_wconf 89' lang='lat' dir='ltr'><strong>etiam</strong></span> <span class='ocrx_word' id='word_1_138' title='bbox 899 2119 1042 2190; x_wconf 84' lang='lat' dir='ltr'><strong>privatam</strong></span> <span class='ocrx_word' id='word_1_139' title='bbox 1062 2113 1313 2174; x_wconf 88' lang='lat' dir='ltr'><strong>consecrationem·</strong></span> <span class='ocrx_word' id='word_1_140' title='bbox 1337 2115 1434 2176; x_wconf 85' lang='lat' dir='ltr'><strong>exdu-</strong></span> 
     </span>
     <span class='ocr_line' id='line_1_20' title="bbox 366 2191 1433 2276; baseline 0.004 -23"><span class='ocrx_word' id='word_1_141' title='bbox 366 2192 456 2269; x_wconf 90' lang='lat' dir='ltr'><strong>dunt‚</strong></span> <span class='ocrx_word' id='word_1_142' title='bbox 475 2209 508 2252; x_wconf 86' lang='lat' dir='ltr'><strong>ac</strong></span> <span class='ocrx_word' id='word_1_143' title='bbox 525 2191 611 2272; x_wconf 91' lang='lat' dir='ltr'><strong>plane</strong></span> <span class='ocrx_word' id='word_1_144' title='bbox 630 2211 748 2253; x_wconf 89' lang='lat' dir='ltr'><strong>omnem</strong></span> <span class='ocrx_word' id='word_1_145' title='bbox 766 2192 934 2254; x_wconf 88' lang='lat' dir='ltr'><strong>adhibitum</strong></span> <span class='ocrx_word' id='word_1_146' title='bbox 952 2201 1059 2275; x_wconf 75' lang='lat' dir='ltr'><strong>negant</strong></span> <span class='ocrx_word' id='word_1_147' title='bbox 1076 2203 1172 2256; x_wconf 90' lang='lat' dir='ltr'><strong>actum</strong></span> <span class='ocrx_word' id='word_1_148' title='bbox 1198 2195 1363 2276; x_wconf 78' lang='lat' dir='ltr'><strong>religionis,</strong></span> <span class='ocrx_word' id='word_1_149' title='bbox 1381 2215 1433 2276; x_wconf 88' lang='lat' dir='ltr'><strong>per</strong></span> 
     </span>
     <span class='ocr_line' id='line_1_21' title="bbox 364 2273 1431 2356; baseline 0.003 -20"><span class='ocrx_word' id='word_1_150' title='bbox 364 2293 452 2353; x_wconf 91' lang='lat' dir='ltr'><strong>quem</strong></span> <span class='ocrx_word' id='word_1_151' title='bbox 472 2273 589 2335; x_wconf 89' lang='lat' dir='ltr'><strong>ecclesia</strong></span> <span class='ocrx_word' id='word_1_152' title='bbox 607 2273 706 2336; x_wconf 76' lang='lat' dir='ltr'><strong>divIno</strong></span> <span class='ocrx_word' id='word_1_153' title='bbox 726 2275 818 2336; x_wconf 88' lang='lat' dir='ltr'><strong>cultui</strong></span> <span class='ocrx_word' id='word_1_154' title='bbox 833 2274 1029 2338; x_wconf 81' lang='lat' dir='ltr'><strong>addiceretur.</strong></span> <span class='ocrx_word' id='word_1_155' title='bbox 1046 2279 1119 2340; x_wconf 86' lang='lat' dir='ltr'><strong>Nam</strong></span> <span class='ocrx_word' id='word_1_156' title='bbox 1138 2277 1316 2356; x_wconf 91' lang='lat' dir='ltr'><strong>templorum</strong></span> <span class='ocrx_word' id='word_1_157' title='bbox 1331 2295 1431 2339; x_wconf 68' lang='lat' dir='ltr'><strong>muse</strong></span> 
     </span>
     <span class='ocr_line' id='line_1_22' title="bbox 364 2356 1429 2438; baseline 0.003 -21"><span class='ocrx_word' id='word_1_158' title='bbox 364 2357 524 2418; x_wconf 85' lang='lat' dir='ltr'><strong>cretionem</strong></span> <span class='ocrx_word' id='word_1_159' title='bbox 545 2375 562 2417; x_wconf 88' lang='lat' dir='ltr'><strong>e</strong></span> <span class='ocrx_word' id='word_1_160' title='bbox 576 2361 613 2419; x_wconf 87' lang='lat' dir='ltr'><strong>V.</strong></span> <span class='ocrx_word' id='word_1_161' title='bbox 634 2361 671 2420; x_wconf 91' lang='lat' dir='ltr'><strong>T.</strong></span> <span class='ocrx_word' id='word_1_162' title='bbox 687 2356 725 2418; x_wconf 91' lang='lat' dir='ltr'><strong>ad</strong></span> <span class='ocrx_word' id='word_1_163' title='bbox 743 2375 867 2430; x_wconf 87' lang='lat' dir='ltr'><strong>novum,</strong></span> <span class='ocrx_word' id='word_1_164' title='bbox 885 2367 973 2436; x_wconf 88' lang='lat' dir='ltr'><strong>atque</strong></span> <span class='ocrx_word' id='word_1_165' title='bbox 991 2359 1029 2420; x_wconf 88' lang='lat' dir='ltr'><strong>ab</strong></span> <span class='ocrx_word' id='word_1_166' title='bbox 1044 2359 1180 2438; x_wconf 85' lang='lat' dir='ltr'><strong>apostolis</strong></span> <span class='ocrx_word' id='word_1_167' title='bbox 1197 2360 1236 2420; x_wconf 92' lang='lat' dir='ltr'><strong>ad</strong></span> <span class='ocrx_word' id='word_1_168' title='bbox 1252 2377 1351 2421; x_wconf 86' lang='lat' dir='ltr'><strong>eorum</strong></span> <span class='ocrx_word' id='word_1_169' title='bbox 1363 2378 1429 2420; x_wconf 86' lang='lat' dir='ltr'><strong>suc-</strong></span> 
     </span>
     <span class='ocr_line' id='line_1_23' title="bbox 364 2439 1429 2518; baseline 0.002 -18"><span class='ocrx_word' id='word_1_170' title='bbox 364 2455 490 2500; x_wconf 75' lang='lat' dir='ltr'><strong>cessores</strong></span> <span class='ocrx_word' id='word_1_171' title='bbox 505 2439 668 2514; x_wconf 77' lang='lat' dir='ltr'><strong>transiisse,</strong></span> <span class='ocrx_word' id='word_1_172' title='bbox 688 2457 861 2518; x_wconf 86' lang='lat' dir='ltr'><strong>semperque</strong></span> <span class='ocrx_word' id='word_1_173' title='bbox 887 2440 918 2500; x_wconf 90' lang='lat' dir='ltr'><strong>in</strong></span> <span class='ocrx_word' id='word_1_174' title='bbox 940 2441 1058 2503; x_wconf 77' lang='lat' dir='ltr'><strong>ecclesia</strong></span> <span class='ocrx_word' id='word_1_175' title='bbox 1071 2449 1217 2502; x_wconf 87' lang='lat' dir='ltr'><strong>retentam</strong></span> <span class='ocrx_word' id='word_1_176' title='bbox 1236 2461 1268 2502; x_wconf 88' lang='lat' dir='ltr'><strong>ac</strong></span> <span class='ocrx_word' id='word_1_177' title='bbox 1290 2449 1429 2504; x_wconf 71' lang='lat' dir='ltr'><strong>curatam</strong></span> 
     </span>
     <span class='ocr_line' id='line_1_24' title="bbox 364 2520 1430 2600; baseline 0.003 -19"><span class='ocrx_word' id='word_1_178' title='bbox 364 2521 503 2582; x_wconf 84' lang='lat' dir='ltr'><strong>arbitror.</strong></span> <span class='ocrx_word' id='word_1_179' title='bbox 529 2521 682 2598; x_wconf 89' lang='lat' dir='ltr'><strong>Quomodo</strong></span> <span class='ocrx_word' id='word_1_180' title='bbox 707 2521 840 2600; x_wconf 87' lang='lat' dir='ltr'><strong>expedita</strong></span> <span class='ocrx_word' id='word_1_181' title='bbox 867 2520 957 2582; x_wconf 82' lang='lat' dir='ltr'><strong>luerit</strong></span> <span class='ocrx_word' id='word_1_182' title='bbox 979 2532 1062 2584; x_wconf 84' lang='lat' dir='ltr'><strong>retus</strong></span> <span class='ocrx_word' id='word_1_183' title='bbox 1091 2524 1267 2584; x_wconf 81' lang='lat' dir='ltr'><strong>consecratio</strong></span> <span class='ocrx_word' id='word_1_184' title='bbox 1294 2531 1354 2584; x_wconf 88' lang='lat' dir='ltr'><strong>toto</strong></span> <span class='ocrx_word' id='word_1_185' title='bbox 1379 2524 1430 2584; x_wconf 89' lang='lat' dir='ltr'><strong>illo</strong></span> 
     </span>
     <span class='ocr_line' id='line_1_25' title="bbox 364 2601 1432 2685; baseline 0.004 -21"><span class='ocrx_word' id='word_1_186' title='bbox 364 2603 504 2682; x_wconf 89' lang='lat' dir='ltr'><strong>temporis</strong></span> <span class='ocrx_word' id='word_1_187' title='bbox 524 2604 628 2683; x_wconf 84' lang='lat' dir='ltr'><strong>spatio,</strong></span> <span class='ocrx_word' id='word_1_188' title='bbox 655 2621 713 2682; x_wconf 90' lang='lat' dir='ltr'><strong>quo</strong></span> <span class='ocrx_word' id='word_1_189' title='bbox 735 2603 845 2664; x_wconf 86' lang='lat' dir='ltr'><strong>ethnici</strong></span> <span class='ocrx_word' id='word_1_190' title='bbox 859 2601 992 2665; x_wconf 79' lang='lat' dir='ltr'><strong>homines</strong></span> <span class='ocrx_word' id='word_1_191' title='bbox 1017 2607 1140 2684; x_wconf 89' lang='lat' dir='ltr'><strong>imperio</strong></span> <span class='ocrx_word' id='word_1_192' title='bbox 1154 2605 1356 2685; x_wconf 85' lang='lat' dir='ltr'><strong>potiebantur,</strong></span> <span class='ocrx_word' id='word_1_193' title='bbox 1384 2607 1432 2668; x_wconf 93' lang='lat' dir='ltr'><strong>in-</strong></span> 
     </span>
     <span class='ocr_line' id='line_1_26' title="bbox 365 2685 1432 2769; baseline 0.004 -23"><span class='ocrx_word' id='word_1_194' title='bbox 365 2695 478 2746; x_wconf 86' lang='lat' dir='ltr'><strong>certum</strong></span> <span class='ocrx_word' id='word_1_195' title='bbox 495 2694 553 2760; x_wconf 82' lang='lat' dir='ltr'><strong>est;</strong></span> <span class='ocrx_word' id='word_1_196' title='bbox 579 2692 608 2746; x_wconf 91' lang='lat' dir='ltr'><strong>et</strong></span> <span class='ocrx_word' id='word_1_197' title='bbox 632 2685 709 2746; x_wconf 84' lang='lat' dir='ltr'><strong>forte</strong></span> <span class='ocrx_word' id='word_1_198' title='bbox 729 2685 814 2746; x_wconf 91' lang='lat' dir='ltr'><strong>initio</strong></span> <span class='ocrx_word' id='word_1_199' title='bbox 836 2685 1010 2748; x_wconf 80' lang='lat' dir='ltr'><strong>consistebat</strong></span> <span class='ocrx_word' id='word_1_200' title='bbox 1023 2690 1055 2749; x_wconf 95' lang='lat' dir='ltr'><strong>in</strong></span> <span class='ocrx_word' id='word_1_201' title='bbox 1070 2688 1193 2748; x_wconf 86' lang='lat' dir='ltr'><strong>solemni</strong></span> <span class='ocrx_word' id='word_1_202' title='bbox 1207 2688 1369 2769; x_wconf 78' lang='lat' dir='ltr'><strong>gratiarum</strong></span> <span class='ocrx_word' id='word_1_203' title='bbox 1388 2709 1432 2750; x_wconf 90' lang='lat' dir='ltr'><strong>ac-</strong></span> 
     </span>
     <span class='ocr_line' id='line_1_27' title="bbox 365 2765 1432 2848; baseline 0.004 -20"><span class='ocrx_word' id='word_1_204' title='bbox 365 2769 447 2828; x_wconf 85' lang='lat' dir='ltr'><strong>tione</strong></span> <span class='ocrx_word' id='word_1_205' title='bbox 475 2767 620 2846; x_wconf 88' lang='lat' dir='ltr'><strong>certisque</strong></span> <span class='ocrx_word' id='word_1_206' title='bbox 650 2765 804 2846; x_wconf 87' lang='lat' dir='ltr'><strong>precibus,</strong></span> <span class='ocrx_word' id='word_1_207' title='bbox 834 2785 906 2846; x_wconf 89' lang='lat' dir='ltr'><strong>quas</strong></span> <span class='ocrx_word' id='word_1_208' title='bbox 932 2775 1003 2830; x_wconf 89' lang='lat' dir='ltr'><strong>tunc</strong></span> <span class='ocrx_word' id='word_1_209' title='bbox 1034 2789 1136 2831; x_wconf 89' lang='lat' dir='ltr'><strong>eorum</strong></span> <span class='ocrx_word' id='word_1_210' title='bbox 1169 2779 1339 2848; x_wconf 88' lang='lat' dir='ltr'><strong>temporum</strong></span> <span class='ocrx_word' id='word_1_211' title='bbox 1365 2791 1432 2833; x_wconf 87' lang='lat' dir='ltr'><strong>usus</strong></span> 
     </span>
     <span class='ocr_line' id='line_1_28' title="bbox 365 2847 1433 2932; baseline 0.005 -22"><span class='ocrx_word' id='word_1_212' title='bbox 365 2847 544 2930; x_wconf 88' lang='lat' dir='ltr'><strong>postulabat,</strong></span> <span class='ocrx_word' id='word_1_213' title='bbox 565 2867 631 2927; x_wconf 76' lang='lat' dir='ltr'><strong>que</strong></span> <span class='ocrx_word' id='word_1_214' title='bbox 646 2855 690 2914; x_wconf 80' lang='lat' dir='ltr'><strong>eat</strong></span> <span class='ocrx_word' id='word_1_215' title='bbox 717 2849 864 2910; x_wconf 90' lang='lat' dir='ltr'><strong>simillima</strong></span> <span class='ocrx_word' id='word_1_216' title='bbox 879 2850 940 2910; x_wconf 87' lang='lat' dir='ltr'><strong>veri</strong></span> <span class='ocrx_word' id='word_1_217' title='bbox 959 2853 1124 2932; x_wconf 87' lang='lat' dir='ltr'><strong>conjectura</strong></span> <span class='ocrx_word' id='word_1_218' title='bbox 1148 2854 1208 2914; x_wconf 81' lang='lat' dir='ltr'><strong>los.</strong></span> <span class='ocrx_word' id='word_1_219' title='bbox 1229 2851 1330 2932; x_wconf 82' lang='lat' dir='ltr'><strong>Aloys.</strong></span> <span class='ocrx_word' id='word_1_220' title='bbox 1351 2857 1433 2915; x_wconf 74' lang='lat' dir='ltr'><strong>Asse·</strong></span> 
     </span>
     <span class='ocr_line' id='line_1_29' title="bbox 364 2931 1431 3016; baseline 0.003 -22"><span class='ocrx_word' id='word_1_221' title='bbox 364 2933 443 2994; x_wconf 92' lang='lat' dir='ltr'><strong>mani</strong></span> <span class='ocrx_word' id='word_1_222' title='bbox 454 2931 686 3010; x_wconf 82' lang='lat' dir='ltr'><strong>praestantissimi</strong></span> <span class='ocrx_word' id='word_1_223' title='bbox 696 2931 767 2992; x_wconf 91' lang='lat' dir='ltr'><strong>olim</strong></span> <span class='ocrx_word' id='word_1_224' title='bbox 778 2931 810 2992; x_wconf 90' lang='lat' dir='ltr'><strong>in</strong></span> <span class='ocrx_word' id='word_1_225' title='bbox 820 2935 907 2994; x_wconf 84' lang='lat' dir='ltr'><strong>Rom.</strong></span> <span class='ocrx_word' id='word_1_226' title='bbox 921 2933 1067 2996; x_wconf 89' lang='lat' dir='ltr'><strong>academia</strong></span> <span class='ocrx_word' id='word_1_227' title='bbox 1077 2933 1193 3014; x_wconf 76' lang='lat' dir='ltr'><strong>collegae</strong></span> <span class='ocrx_word' id='word_1_228' title='bbox 1206 2934 1277 3010; x_wconf 89' lang='lat' dir='ltr'><strong>mei,</strong></span> <span class='ocrx_word' id='word_1_229' title='bbox 1290 2935 1431 3016; x_wconf 82' lang='lat' dir='ltr'><strong>mihique,</strong></span> 
     </span>
     <span class='ocr_line' id='line_1_30' title="bbox 366 3011 1430 3100; baseline 0.004 -24"><span class='ocrx_word' id='word_1_230' title='bbox 366 3015 439 3076; x_wconf 89' lang='lat' dir='ltr'><strong>dum</strong></span> <span class='ocrx_word' id='word_1_231' title='bbox 452 3013 536 3088; x_wconf 80' lang='lat' dir='ltr'><strong>vixit,</strong></span> <span class='ocrx_word' id='word_1_232' title='bbox 549 3011 714 3074; x_wconf 87' lang='lat' dir='ltr'><strong>amicissimi</strong></span> <span class='ocrx_word' id='word_1_233' title='bbox 728 3013 761 3074; x_wconf 81' lang='lat' dir='ltr'><strong>ia</strong></span> <span class='ocrx_word' id='word_1_234' title='bbox 775 3021 815 3074; x_wconf 86' lang='lat' dir='ltr'><strong>tr.</strong></span> <span class='ocrx_word' id='word_1_235' title='bbox 831 3011 866 3076; x_wconf 84' lang='lat' dir='ltr'><strong>dc</strong></span> <span class='ocrx_word' id='word_1_236' title='bbox 884 3011 952 3076; x_wconf 86' lang='lat' dir='ltr'><strong>eccl.</strong></span> <span class='ocrx_word' id='word_1_237' title='bbox 968 3035 1061 3078; x_wconf 75' lang='lat' dir='ltr'><strong>aecer.</strong></span> <span class='ocrx_word' id='word_1_238' title='bbox 1078 3024 1107 3078; x_wconf 87' lang='lat' dir='ltr'><strong>et</strong></span> <span class='ocrx_word' id='word_1_239' title='bbox 1124 3013 1202 3100; x_wconf 80' lang='lat' dir='ltr'><strong>csyl.</strong></span> <span class='ocrx_word' id='word_1_240' title='bbox 1218 3024 1280 3076; x_wconf 85' lang='lat' dir='ltr'><strong>ort.</strong></span> <span class='ocrx_word' id='word_1_241' title='bbox 1300 3021 1319 3079; x_wconf 90' lang='grc'><strong>6</strong></span> <span class='ocrx_word' id='word_1_242' title='bbox 1333 3037 1365 3100; x_wconf 85' lang='lat' dir='ltr'><strong>p.</strong></span> <span class='ocrx_word' id='word_1_243' title='bbox 1379 3021 1430 3098; x_wconf 88' lang='grc'><strong>64,</strong></span> 
     </span>
     <span class='ocr_line' id='line_1_31' title="bbox 365 3093 1433 3182; baseline 0.004 -24"><span class='ocrx_word' id='word_1_244' title='bbox 365 3103 396 3158; x_wconf 88' lang='lat' dir='ltr'><strong>et</strong></span> <span class='ocrx_word' id='word_1_245' title='bbox 416 3099 502 3158; x_wconf 80' lang='lat' dir='ltr'><strong>laur.</strong></span> <span class='ocrx_word' id='word_1_246' title='bbox 528 3095 652 3175; x_wconf 77' lang='lat' dir='ltr'><strong>Selvagii</strong></span> <span class='ocrx_word' id='word_1_247' title='bbox 671 3095 704 3156; x_wconf 85' lang='lat' dir='ltr'><strong>in</strong></span> <span class='ocrx_word' id='word_1_248' title='bbox 727 3095 823 3179; x_wconf 81' lang='lat' dir='ltr'><strong>antiq.</strong></span> <span class='ocrx_word' id='word_1_249' title='bbox 845 3093 952 3158; x_wconf 74' lang='lat' dir='ltr'><strong>carot.</strong></span> <span class='ocrx_word' id='word_1_250' title='bbox 975 3096 1026 3160; x_wconf 78' lang='lat' dir='ltr'><strong>lab.</strong></span> <span class='ocrx_word' id='word_1_251' title='bbox 1045 3101 1064 3161; x_wconf 89' lang='grc'><strong>4</strong></span> <span class='ocrx_word' id='word_1_252' title='bbox 1081 3117 1147 3182; x_wconf 84' lang='lat' dir='ltr'><strong>cop.</strong></span> <span class='ocrx_word' id='word_1_253' title='bbox 1171 3095 1234 3179; x_wconf 79' lang='lat'><strong>5§.</strong></span> <span class='ocrx_word' id='word_1_254' title='bbox 1262 3101 1292 3160; x_wconf 90' lang='grc'><strong>4.</strong></span> <span class='ocrx_word' id='word_1_255' title='bbox 1313 3101 1433 3164; x_wconf 66' lang='lat' dir='ltr'><strong>Canum</strong></span> 
     </span>
     <span class='ocr_line' id='line_1_32' title="bbox 365 3173 1432 3268; baseline 0.005 -28"><span class='ocrx_word' id='word_1_256' title='bbox 365 3181 473 3240; x_wconf 84' lang='lat' dir='ltr'><strong>Bonam</strong></span> <span class='ocrx_word' id='word_1_257' title='bbox 488 3193 548 3236; x_wconf 84' lang='lat' dir='ltr'><strong>rer.</strong></span> <span class='ocrx_word' id='word_1_258' title='bbox 570 3173 700 3259; x_wconf 73' lang='lat' dir='ltr'><strong>liturqic.</strong></span> <span class='ocrx_word' id='word_1_259' title='bbox 722 3174 773 3239; x_wconf 87' lang='lat' dir='ltr'><strong>lib.</strong></span> <span class='ocrx_word' id='word_1_260' title='bbox 791 3181 806 3240; x_wconf 96' lang='grc'><strong>4</strong></span> <span class='ocrx_word' id='word_1_261' title='bbox 829 3195 897 3261; x_wconf 87' lang='lat' dir='ltr'><strong>cop.</strong></span> <span class='ocrx_word' id='word_1_262' title='bbox 919 3180 957 3240; x_wconf 84' lang='grc'><strong>49</strong></span> <span class='ocrx_word' id='word_1_263' title='bbox 976 3179 1003 3262; x_wconf 73' lang='lat' dir='ltr'><strong>S.</strong></span> <span class='ocrx_word' id='word_1_264' title='bbox 1021 3185 1039 3245; x_wconf 79' lang='lat'>5</span> <span class='ocrx_word' id='word_1_265' title='bbox 1055 3189 1125 3242; x_wconf 85' lang='lat' dir='ltr'><strong>tom.</strong></span> <span class='ocrx_word' id='word_1_266' title='bbox 1142 3182 1162 3242; x_wconf 84' lang='grc'><strong>4</strong></span> <span class='ocrx_word' id='word_1_267' title='bbox 1171 3199 1246 3263; x_wconf 74' lang='lat' dir='ltr'><strong>paq.</strong></span> <span class='ocrx_word' id='word_1_268' title='bbox 1267 3183 1304 3244; x_wconf 84' lang='grc'><strong>74</strong></span> <span class='ocrx_word' id='word_1_269' title='bbox 1329 3191 1358 3244; x_wconf 84' lang='lat' dir='ltr'><strong>et</strong></span> <span class='ocrx_word' id='word_1_270' title='bbox 1373 3201 1432 3268; x_wconf 77' lang='lat' dir='ltr'><strong>aeq.</strong></span> 
     </span>
     <span class='ocr_line' id='line_1_33' title="bbox 364 3257 692 3322; baseline -0.006 0"><span class='ocrx_word' id='word_1_271' title='bbox 364 3257 406 3322; x_wconf 72' lang='grc' dir='ltr'><strong>ἰδ’</strong></span> <span class='ocrx_word' id='word_1_272' title='bbox 425 3277 462 3320; x_wconf 82' lang='lat' dir='ltr'><strong>ce</strong></span> <span class='ocrx_word' id='word_1_273' title='bbox 476 3259 570 3320; x_wconf 85' lang='lat' dir='ltr'><strong>Salam</strong></span> <span class='ocrx_word' id='word_1_274' title='bbox 584 3259 617 3319; x_wconf 81' lang='lat' dir='ltr'><strong>in</strong></span> <span class='ocrx_word' id='word_1_275' title='bbox 628 3267 692 3320; x_wconf 80' lang='lat' dir='ltr'><strong>not.</strong></span> 
     </span>
    </p>

    <p class='ocr_par' dir='ltr' id='par_1_6' title="bbox 365 3279 1434 3669">
     <span class='ocr_line' id='line_1_34' title="bbox 393 3279 1433 3426; baseline 0.01 -24"><span class='ocrx_word' id='word_1_276' title='bbox 393 3279 446 3423; x_wconf 55' lang='lat' dir='ltr'><strong>uli)</strong></span> <span class='ocrx_word' id='word_1_277' title='bbox 468 3340 544 3402; x_wconf 85' lang='lat' dir='ltr'><strong>vida</strong></span> <span class='ocrx_word' id='word_1_278' title='bbox 559 3341 665 3402; x_wconf 88' lang='lat' dir='ltr'><strong>Euseb.</strong></span> <span class='ocrx_word' id='word_1_279' title='bbox 681 3337 750 3403; x_wconf 74' lang='lat' dir='ltr'><strong>tot.</strong></span> <span class='ocrx_word' id='word_1_280' title='bbox 768 3339 819 3403; x_wconf 89' lang='lat' dir='ltr'><strong>lib.</strong></span> <span class='ocrx_word' id='word_1_281' title='bbox 839 3343 879 3402; x_wconf 88' lang='grc'><strong>40</strong></span> <span class='ocrx_word' id='word_1_282' title='bbox 892 3359 918 3404; x_wconf 85' lang='lat' dir='ltr'><strong>o.</strong></span> <span class='ocrx_word' id='word_1_283' title='bbox 940 3345 958 3405; x_wconf 80' lang='lat'>5</span> <span class='ocrx_word' id='word_1_284' title='bbox 975 3363 1011 3426; x_wconf 78' lang='lat' dir='ltr'><strong>p.</strong></span> <span class='ocrx_word' id='word_1_285' title='bbox 1025 3347 1085 3407; x_wconf 91' lang='grc'><strong>464</strong></span> <span class='ocrx_word' id='word_1_286' title='bbox 1107 3351 1135 3405; x_wconf 86' lang='lat' dir='ltr'><strong>et</strong></span> <span class='ocrx_word' id='word_1_287' title='bbox 1152 3341 1187 3406; x_wconf 80' lang='lat' dir='ltr'><strong>de</strong></span> <span class='ocrx_word' id='word_1_288' title='bbox 1205 3344 1260 3406; x_wconf 83' lang='lat' dir='ltr'><strong>vit.</strong></span> <span class='ocrx_word' id='word_1_289' title='bbox 1278 3351 1433 3412; x_wconf 77' lang='lat' dir='ltr'><strong>Constant.</strong></span> 
     </span>
     <span class='ocr_line' id='line_1_35' title="bbox 365 3421 1434 3510; baseline 0.007 -24"><span class='ocrx_word' id='word_1_290' title='bbox 365 3421 416 3486; x_wconf 87' lang='lat' dir='ltr'><strong>lib.</strong></span> <span class='ocrx_word' id='word_1_291' title='bbox 435 3427 455 3487; x_wconf 91' lang='grc'><strong>4</strong></span> <span class='ocrx_word' id='word_1_292' title='bbox 472 3441 499 3483; x_wconf 87' lang='lat' dir='ltr'><strong>c.</strong></span> <span class='ocrx_word' id='word_1_293' title='bbox 519 3423 559 3482; x_wconf 78' lang='grc'><strong>45</strong></span> <span class='ocrx_word' id='word_1_294' title='bbox 578 3440 651 3504; x_wconf 79' lang='lat' dir='ltr'><strong>paq.</strong></span> <span class='ocrx_word' id='word_1_295' title='bbox 673 3425 750 3499; x_wconf 81' lang='lat'><strong>650,-</strong></span> <span class='ocrx_word' id='word_1_296' title='bbox 769 3427 879 3488; x_wconf 89' lang='lat' dir='ltr'><strong>Socrat.</strong></span> <span class='ocrx_word' id='word_1_297' title='bbox 898 3421 948 3486; x_wconf 80' lang='lat' dir='ltr'><strong>lib.</strong></span> <span class='ocrx_word' id='word_1_298' title='bbox 975 3429 989 3488; x_wconf 98' lang='grc'><strong>4</strong></span> <span class='ocrx_word' id='word_1_299' title='bbox 1010 3445 1077 3510; x_wconf 85' lang='lat' dir='ltr'><strong>cop.</strong></span> <span class='ocrx_word' id='word_1_300' title='bbox 1098 3428 1136 3488; x_wconf 87' lang='grc'><strong>48</strong></span> <span class='ocrx_word' id='word_1_301' title='bbox 1148 3445 1221 3509; x_wconf 80' lang='lat' dir='ltr'><strong>paq.</strong></span> <span class='ocrx_word' id='word_1_302' title='bbox 1238 3431 1298 3506; x_wconf 79' lang='lat' dir='ltr'><strong>ot;</strong></span> <span class='ocrx_word' id='word_1_303' title='bbox 1319 3434 1434 3494; x_wconf 79' lang='lat' dir='ltr'><strong>Sozam</strong></span> 
     </span>
     <span class='ocr_line' id='line_1_36' title="bbox 366 3503 1434 3590; baseline 0.009 -23"><span class='ocrx_word' id='word_1_304' title='bbox 366 3503 416 3567; x_wconf 82' lang='lat' dir='ltr'><strong>lib.</strong></span> <span class='ocrx_word' id='word_1_305' title='bbox 431 3508 450 3566; x_wconf 98' lang='grc'><strong>4</strong></span> <span class='ocrx_word' id='word_1_306' title='bbox 466 3523 491 3566; x_wconf 84' lang='lat' dir='ltr'><strong>c.</strong></span> <span class='ocrx_word' id='word_1_307' title='bbox 506 3505 545 3566; x_wconf 91' lang='grc'><strong>46</strong></span> <span class='ocrx_word' id='word_1_308' title='bbox 556 3522 628 3587; x_wconf 74' lang='lat' dir='ltr'><strong>paq.</strong></span> <span class='ocrx_word' id='word_1_309' title='bbox 647 3507 704 3582; x_wconf 79' lang='lat'><strong>813</strong></span> <span class='ocrx_word' id='word_1_310' title='bbox 719 3505 897 3568; x_wconf 87' lang='lat' dir='ltr'><strong>Theodoret.</strong></span> <span class='ocrx_word' id='word_1_311' title='bbox 914 3503 965 3569; x_wconf 81' lang='lat' dir='ltr'><strong>lib.</strong></span> <span class='ocrx_word' id='word_1_312' title='bbox 980 3511 993 3570; x_wconf 95' lang='grc'><strong>4</strong></span> <span class='ocrx_word' id='word_1_313' title='bbox 1011 3528 1036 3570; x_wconf 86' lang='lat' dir='ltr'><strong>c.</strong></span> <span class='ocrx_word' id='word_1_314' title='bbox 1054 3511 1088 3570; x_wconf 85' lang='grc'><strong>54</strong></span> <span class='ocrx_word' id='word_1_315' title='bbox 1106 3528 1179 3590; x_wconf 75' lang='lat' dir='ltr'><strong>paq.</strong></span> <span class='ocrx_word' id='word_1_316' title='bbox 1201 3512 1251 3588; x_wconf 90' lang='grc'><strong>64,</strong></span> <span class='ocrx_word' id='word_1_317' title='bbox 1271 3529 1374 3576; x_wconf 79' lang='lat' dir='ltr'><strong>omues</strong></span> <span class='ocrx_word' id='word_1_318' title='bbox 1387 3513 1434 3576; x_wconf 82' lang='lat' dir='ltr'><strong>erl.</strong></span> 
     </span>
     <span class='ocr_line' id='line_1_37' title="bbox 366 3585 1352 3669; baseline 0.007 -20"><span class='ocrx_word' id='word_1_319' title='bbox 366 3585 506 3649; x_wconf 82' lang='lat' dir='ltr'><strong>Contobr.</strong></span> <span class='ocrx_word' id='word_1_320' title='bbox 521 3587 618 3662; x_wconf 80' lang='grc' dir='ltr'><strong>474ος</strong></span> <span class='ocrx_word' id='word_1_321' title='bbox 630 3589 705 3668; x_wconf 77' lang='lat' dir='ltr'><strong>Aug.</strong></span> <span class='ocrx_word' id='word_1_322' title='bbox 722 3607 767 3669; x_wconf 86' lang='lat' dir='ltr'><strong>cp.</strong></span> <span class='ocrx_word' id='word_1_323' title='bbox 785 3590 843 3650; x_wconf 84' lang='grc'><strong>469</strong></span> <span class='ocrx_word' id='word_1_324' title='bbox 854 3585 895 3650; x_wconf 86' lang='lat' dir='ltr'><strong>cd</strong></span> <span class='ocrx_word' id='word_1_325' title='bbox 906 3585 1009 3651; x_wconf 83' lang='lat' dir='ltr'><strong>Nobil.</strong></span> <span class='ocrx_word' id='word_1_326' title='bbox 1023 3588 1076 3653; x_wconf 86' lang='lat' dir='ltr'><strong>col.</strong></span> <span class='ocrx_word' id='word_1_327' title='bbox 1091 3593 1151 3652; x_wconf 82' lang='grc'><strong>964</strong></span> <span class='ocrx_word' id='word_1_328' title='bbox 1165 3599 1188 3651; x_wconf 86' lang='lat' dir='ltr'><strong>t.</strong></span> <span class='ocrx_word' id='word_1_329' title='bbox 1202 3596 1221 3652; x_wconf 82' lang='grc'><strong>4</strong></span> <span class='ocrx_word' id='word_1_330' title='bbox 1236 3589 1283 3653; x_wconf 89' lang='lat' dir='ltr'><strong>ed.</strong></span> <span class='ocrx_word' id='word_1_331' title='bbox 1301 3593 1352 3656; x_wconf 80' lang='lat' dir='ltr'><strong>cit.</strong></span> 
     </span>
    </p>

    <p class='ocr_par' dir='ltr' id='par_1_7' title="bbox 364 3667 1438 3894">
     <span class='ocr_line' id='line_1_38' title="bbox 364 3667 1438 3753; baseline 0.008 -22"><span class='ocrx_word' id='word_1_332' title='bbox 364 3689 371 3731; x_wconf 77' lang='lat' dir='ltr'><strong>t</strong></span> <span class='ocrx_word' id='word_1_333' title='bbox 405 3667 447 3750; x_wconf 75' lang='grc' dir='ltr'><strong>(ὅ)</strong></span> <span class='ocrx_word' id='word_1_334' title='bbox 469 3669 544 3730; x_wconf 81' lang='lat' dir='ltr'><strong>ilinc</strong></span> <span class='ocrx_word' id='word_1_335' title='bbox 566 3677 685 3748; x_wconf 88' lang='lat' dir='ltr'><strong>propter</strong></span> <span class='ocrx_word' id='word_1_336' title='bbox 706 3669 919 3732; x_wconf 89' lang='lat' dir='ltr'><strong>dedicationem</strong></span> <span class='ocrx_word' id='word_1_337' title='bbox 945 3673 1015 3734; x_wconf 88' lang='lat' dir='ltr'><strong>eccl.</strong></span> <span class='ocrx_word' id='word_1_338' title='bbox 1041 3675 1208 3753; x_wconf 81' lang='lat' dir='ltr'><strong>frequentes</strong></span> <span class='ocrx_word' id='word_1_339' title='bbox 1233 3675 1344 3738; x_wconf 81' lang='lat' dir='ltr'><strong>habitae</strong></span> <span class='ocrx_word' id='word_1_340' title='bbox 1367 3685 1438 3740; x_wconf 90' lang='lat' dir='ltr'><strong>sunt</strong></span> 
     </span>
     <span class='ocr_line' id='line_1_39' title="bbox 364 3750 1437 3894; baseline 0.01 -82"><span class='ocrx_word' id='word_1_341' title='bbox 364 3751 482 3894; x_wconf 65' lang='lat' dir='ltr'><strong>plynodi,</strong></span> <span class='ocrx_word' id='word_1_342' title='bbox 510 3750 603 3830; x_wconf 87' lang='lat' dir='ltr'><strong>qualis</strong></span> <span class='ocrx_word' id='word_1_343' title='bbox 626 3751 682 3813; x_wconf 83' lang='lat' dir='ltr'><strong>fuit</strong></span> <span class='ocrx_word' id='word_1_344' title='bbox 703 3753 839 3814; x_wconf 82' lang='lat' dir='ltr'><strong>Antioch.</strong></span> <span class='ocrx_word' id='word_1_345' title='bbox 865 3772 935 3815; x_wconf 89' lang='lat' dir='ltr'><strong>ann.</strong></span> <span class='ocrx_word' id='word_1_346' title='bbox 963 3757 1035 3835; x_wconf 82' lang='grc'><strong>544,</strong></span> <span class='ocrx_word' id='word_1_347' title='bbox 1060 3775 1125 3836; x_wconf 81' lang='lat' dir='ltr'><strong>quoe</strong></span> <span class='ocrx_word' id='word_1_348' title='bbox 1151 3756 1222 3816; x_wconf 88' lang='lat' dir='ltr'><strong>inde</strong></span> <span class='ocrx_word' id='word_1_349' title='bbox 1248 3757 1283 3818; x_wconf 82' lang='lat' dir='ltr'><strong>io</strong></span> <span class='ocrx_word' id='word_1_350' title='bbox 1299 3761 1437 3824; x_wconf 75' lang='lat' dir='ltr'><strong>canoniis</strong></span> 
     </span>
     <span class='ocr_line' id='line_1_40' title="bbox 386 3833 507 3894; baseline -0.017 0"><span class='ocrx_word' id='word_1_351' title='bbox 386 3833 442 3894; x_wconf 90' lang='lat' dir='ltr'><strong>icta</strong></span> <span class='ocrx_word' id='word_1_352' title='bbox 453 3840 507 3894; x_wconf 80' lang='lat' dir='ltr'><strong>est.</strong></span> 
     </span>
    </p>
   </div>
   <div class='ocr_carea' id='block_1_6' title="bbox 365 3913 1435 4059">
    <p class='ocr_par' dir='ltr' id='par_1_8' title="bbox 365 3913 1435 4059">
     <span class='ocr_line' id='line_1_41' title="bbox 405 3913 1435 4005; baseline 0.011 -29"><span class='ocrx_word' id='word_1_353' title='bbox 405 3913 447 3996; x_wconf 88' lang='grc'><strong>(4)</strong></span> <span class='ocrx_word' id='word_1_354' title='bbox 469 3914 571 3976; x_wconf 88' lang='lat' dir='ltr'><strong>Plures</strong></span> <span class='ocrx_word' id='word_1_355' title='bbox 603 3913 771 3996; x_wconf 85' lang='lat' dir='ltr'><strong>hujusmodi</strong></span> <span class='ocrx_word' id='word_1_356' title='bbox 800 3935 948 3982; x_wconf 85' lang='lat' dir='ltr'><strong>sermones</strong></span> <span class='ocrx_word' id='word_1_357' title='bbox 975 3920 1054 4002; x_wconf 90' lang='lat' dir='ltr'><strong>apud</strong></span> <span class='ocrx_word' id='word_1_358' title='bbox 1086 3919 1209 4002; x_wconf 66' lang='lat' dir='ltr'><strong>Amba,</strong></span> <span class='ocrx_word' id='word_1_359' title='bbox 1238 3921 1316 4004; x_wconf 76' lang='lat' dir='ltr'><strong>Aug.</strong></span> <span class='ocrx_word' id='word_1_360' title='bbox 1346 3932 1435 4005; x_wconf 88' lang='lat' dir='ltr'><strong>atque</strong></span> 
     </span>
     <span class='ocr_line' id='line_1_42' title="bbox 365 3993 575 4059; baseline 0.005 -2"><span class='ocrx_word' id='word_1_361' title='bbox 365 3993 436 4058; x_wconf 89' lang='lat' dir='ltr'><strong>alios</strong></span> <span class='ocrx_word' id='word_1_362' title='bbox 450 4005 575 4059; x_wconf 84' lang='lat' dir='ltr'><strong>exstant.</strong></span> 
     </span>
    </p>
   </div>
   <div class='ocr_carea' id='block_1_7' title="bbox 0 0 1576 5188">
    <p class='ocr_par' dir='ltr' id='par_1_9' title="bbox 0 0 1576 5188">
     <span class='ocr_line' id='line_1_43' title="bbox 0 0 1576 5188; baseline 0 0"><span class='ocrx_word' id='word_1_363' title='bbox 0 0 1576 5188; x_wconf 95' lang='lat' dir='ltr'><strong> </strong></span> 
     </span>
    </p>
   </div>
  </div>
 </body>
</html>
