3122 5178
864 415 1060 486 ..80-

476 565 506 666 §.
534 563 689 660 LXXlX.
718 566 767 637 De
783 567 973 636 auctoritate
1003 563 1122 634 decreti
1144 565 1188 634 sic
1209 561 1396 635 habendum
1417 583 1495 636 est:

428 667 554 754 omnia,
583 689 656 760 quae
685 667 719 735 in
744 689 783 736 co
812 662 1016 752 reseruntur,
1046 664 1109 731 rim
1131 661 1278 733 eamdem
1305 659 1425 733 habere
1459 691 1499 734 ae

427 766 452 833 si
466 765 630 833 seorsima
654 761 785 852 decreto
808 775 1006 858 spectentur.
1035 759 1148 856 ltaque
1168 759 1236 830 loca
1260 759 1365 832 Sacrae
1388 759 1502 860 Serip‹

169 893 214 916 .,
329 937 332 942 ,
430 879 531 951 turae,
554 860 681 932 decreta
702 879 904 931 summorum
924 857 1124 928 Pontificum
1147 873 1180 928 et
1201 859 1398 953 generalium
1420 883 1502 930 eon·

427 959 588 1048 ciliorum,
611 985 709 1056 quam
721 985 776 1028 soa
794 957 904 1028 indole
924 972 957 1026 et
970 971 1084 1026 natura
1103 959 1167 1025 rim
1185 955 1328 1047 habent,
1346 957 1500 1028 eamdem

408 1061 462 1127 'in
486 1056 616 1128 decreto
637 1049 807 1142 ¹retinent3
838 1070 941 1126 cetera
973 1079 1048 1125 tero
1072 1057 1314 1144 auctoritatem,
1347 1081 1411 1151 qua
1436 1081 1501 1152 per

419 1171 603 1244 secarent,
620 1158 655 1225 in
673 1154 840 1225 decretum
860 1151 1012 1222 translata
1037 1177 1106 1222 non
1127 1169 1382 1250 consequuntur.
1409 1151 1501 1224 Sunt

428 1256 484 1350 qui
507 1252 675 1324 decretum
703 1253 743 1323 ab
769 1253 915 1347 Eugenio
945 1250 990 1319 lll
1017 1249 1191 1344 probatum
1220 1267 1251 1322 et
1268 1249 1396 1347 publica
1414 1277 1500 1321 aue-

426 1354 556 1422 toritato
580 1351 738 1422 donatum
761 1365 899 1447 putant,
928 1347 982 1420 sed
1013 1349 1088 1418 haec
1108 1353 1219 1444 opinio
1244 1348 1371 1420 nullum
1398 1348 1501 1419 habet

426 1449 581 1521 idoneum
594 1449 860 1536 fundamentum,
879 1472 944 1542 quo
965 1447 1023 1515 niti
1036 1471 1128 1542 posse
1145 1446 1289 1518 rideatur
1303 1447 1367 1541 (l).
1382 1446 1502 1544 Neque

427 1551 515 1617 enim
540 1573 737 1644 umquama
768 1546 844 1618 sede
869 1543 1050 1641 Apostolica
1077 1543 1245 1616 decretum
1277 1543 1497 1641 approbatum

358 1709 361 1724 ,
426 1663 474 1716 est
495 1645 569 1742 (2),
588 1649 669 1742 quin
688 1649 786 1715 etiam
802 1645 975 1738 Gregorius
994 1641 1074 1712 Xlll
1090 1643 1166 1714 huic
1183 1645 1273 1739 operi
1290 1641 1500 1714 emendando

425 1745 501 1813 licet
525 1745 668 1837 primum
688 1767 705 1810 a
723 1743 782 1812 Pio
806 1741 852 1810 lV
870 1757 903 1810 et
925 1740 953 1808 V
976 1743 1165 1836 praepositus
1186 1741 1315 1830 luisset,
1335 1743 1365 1812 ei
1385 1757 1497 1811 tamen

427 1840 633 1912 Pontiliciam
663 1843 886 1910 auctoritatem
922 1836 1065 1908 tribuere
1096 1839 1225 1930 noluit,
1249 1865 1323 1910 eum
1356 1837 1437 1908 illud
1464 1865 1500 1910 se

412 1935 587 2030 ¹Pontifioc
604 1936 787 2038 absolutum
804 1939 839 2006 in
855 1961 971 2005 manus
983 1935 1154 2008 hominurn
1171 1941 1377 2035 pervenisset.

467 2133 509 2212 (l)
530 2133 619 2196 Dedit
630 2132 750 2212 quidem
765 2133 912 2213 Eugenius
925 2134 965 2193 iil
979 2133 1161 2211 facultatem,
1175 2141 1208 2194 ut
1223 2132 1352 2196 Gratiani
1365 2133 1500 2194 collectio

426 2213 543 2298 publice
554 2223 654 2298 posset
667 2212 726 2296 leot
742 2224 770 2276 et
785 2213 943 2296 explicari,
960 2216 1003 2276 uti
1015 2215 1105 2278 habet
1119 2216 1326 2277 Kalendurium
1345 2217 1501 2294 Gymnasii

429 2299 618 2360 Bononiensis
635 2297 672 2358 ad
690 2316 738 2358 an.
765 2299 845 2358 tlte
870 2296 995 2358 Kalend.
1018 2298 1175 2359 Novembr.
1196 2299 1274 2378 apud
1299 2297 1502 2358 Alexandrum

428 2379 659 2442 Machiavellium
674 2377 706 2438 in
720 2386 782 2458 not.
799 2377 840 2440 od
851 2377 1006 2474 siqonium
1017 2379 1130 2442 Hister.
1144 2383 1280 2455 Bouon.,·
1294 2379 1345 2440 sed
1359 2397 1455 2458 neque
1467 2379 1501 2440 id

430 2461 493 2521 fieri
505 2461 657 2540 precepit,
673 2479 769 2539 neque
782 2467 953 2522 auctoritate
967 2479 1019 2522 sua
1033 2463 1183 2524 decretum
1197 2461 1390 2523 confirmavit.

471 2639 511 2721 (l)
533 2639 609 2704 Vide
628 2641 785 2702 Antonium
805 2643 1016 2722 Augustioum,
1037 2637 1088 2704 tit.
1118 2644 1131 2704 l
1158 2637 1303 2725 dioloy.5
1324 2640 1360 2704 de
1379 2642 1499 2704 ascend.

431 2723 585 2800 Gratiam,
603 2731 672 2784 torre.
689 2725 790 2806 5po9.
808 2726 846 2784 26
862 2731 890 2784 et
904 2727 957 2802 27,
975 2721 1046 2785 edit.
1066 2723 1116 2786 eit.

478 2901 506 3001 §.
549 2901 696 2974 LXXX.
742 2901 822 2976 Post
851 2903 977 2975 editum
1011 2901 1157 2974 Gratiani
1190 2901 1356 2976 decretum
1388 2907 1504 3004 plures

428 3000 624 3096 prodierunt
658 3025 860 3072 summorum
902 3000 1102 3073 Pontificum
1145 3000 1339 3094 decretales,
1404 3005 1504 3076 uibus

430 3123 566 3191 magnus
608 3099 771 3168 cononicae
806 3099 1075 3198 jurisprudentiae
1116 3099 1264 3172 cumulus
1310 3031 1498 3174 accedebat.

431 3195 545 3292 ltaque
572 3194 755 3265 Bernardos
785 3195 875 3268 Circa
907 3201 1097 3296 praepositus
1120 3197 1305 3294 Papiensis,
1325 3227 1363 3271 ac
1389 3218 1505 3297 postea

431 3293 625 3364 Faventinus
661 3296 827 3392 episcopus
859 3322 914 3370 an.
953 3295 1046 3366 1109
1076 3295 1235 3390 evulgavit
1266 3297 1505 3372 Bremenium

431 3395 763 3488 acuavoqamtom,
792 3393 853 3465 hoc
879 3412 925 3466 est
954 3393 1172 3484 decretorum,
1194 3421 1268 3492 quae
1295 3411 1384 3466 extra
1410 3395 1505 3468 Gra-

431 3491 510 3558 tiani
550 3489 716 3560 decretum
762 3492 971 3588 vagabantur.
1020 3491 1102 3563 Nam
1143 3491 1212 3563 haec
1248 3493 1393 3565 collectio
1429 3521 1505 3566 uon

430 3603 559 3658 tantmn
597 3590 742 3657 continet
779 3593 997 3686 antiquiorum
1022 3589 1242 3662 ¹Pontificum
1294 3590 1500 3683 decretales,

433 3709 636 3781 canonesque
694 3686 903 3758 conciliorum
948 3703 982 3758 et
1012 3687 1148 3758 Petrum
1193 3693 1383 3777 sententias,
1425 3717 1508 3788 quae

433 3781 578 3854 Gratiani
610 3781 810 3878 diligentiam
841 3785 1040 3882 effugerant,
1062 3785 1118 3858 sed
1140 3801 1173 3857 et
1209 3789 1244 3856 in
1276 3791 1389 3886 primis
1417 3815 1508 3860 eon-

433 3883 615 3954 stitutiones
650 3908 851 3952 summorum
882 3883 1077 3956 Pontificum
1103 3901 1182 3981 post·
1208 3883 1398 3958 Gratianum
1427 3886 1506 3958 edi-

437 3995 502 4072 tas,
528 3983 683 4052 nimirum
717 3979 891 4052 Alexandri
929 3982 993 4072 lll,
1032 3981 1123 4054 Lucii
1146 3983 1212 4074 lll,
1258 3983 1382 4055 Urbani
1428 3985 1504 4076 lll,
