<?xml version="1.0" encoding="UTF-8"?>
<!DOCTYPE html PUBLIC "-//W3C//DTD XHTML 1.0 Transitional//EN"
    "http://www.w3.org/TR/xhtml1/DTD/xhtml1-transitional.dtd">
<html xmlns="http://www.w3.org/1999/xhtml" xml:lang="en" lang="en">
 <head>
  <title>
</title>
<meta http-equiv="Content-Type" content="text/html;charset=utf-8" />
  <meta name='ocr-system' content='tesseract 3.04.00' />
  <meta name='ocr-capabilities' content='ocr_page ocr_carea ocr_par ocr_line ocrx_word'/>
</head>
<body>
  <div class='ocr_page' id='page_1' title='image "./institutionumca00devogoog_0381.png"; bbox 0 0 3102 5184; ppageno 0'>
   <div class='ocr_carea' id='block_1_1' title="bbox 766 425 990 498">
    <p class='ocr_par' dir='ltr' id='par_1_1' title="bbox 766 425 990 498">
     <span class='ocr_line' id='line_1_1' title="bbox 766 425 990 498; baseline 0.013 -3"><span class='ocrx_word' id='word_1_1' title='bbox 766 425 990 498; x_wconf 83' lang='lat'>-578-</span> 
     </span>
    </p>
   </div>
   <div class='ocr_carea' id='block_1_2' title="bbox 343 567 1423 944">
    <p class='ocr_par' dir='ltr' id='par_1_2' title="bbox 343 567 1423 944">
     <span class='ocr_line' id='line_1_2' title="bbox 343 567 1422 676; baseline -0.009 -28"><span class='ocrx_word' id='word_1_2' title='bbox 343 603 407 676; x_wconf 90' lang='lat' dir='ltr'><strong>que</strong></span> <span class='ocrx_word' id='word_1_3' title='bbox 440 577 516 648; x_wconf 83' lang='lat' dir='ltr'><strong>iacit</strong></span> <span class='ocrx_word' id='word_1_4' title='bbox 543 576 672 648; x_wconf 83' lang='lat' dir='ltr'><strong>eoelesia</strong></span> <span class='ocrx_word' id='word_1_5' title='bbox 702 574 776 671; x_wconf 88' lang='lat' dir='ltr'><strong>(l),</strong></span> <span class='ocrx_word' id='word_1_6' title='bbox 802 597 905 672; x_wconf 85' lang='lat' dir='ltr'><strong>eaque</strong></span> <span class='ocrx_word' id='word_1_7' title='bbox 933 575 968 643; x_wconf 91' lang='lat' dir='ltr'><strong>in</strong></span> <span class='ocrx_word' id='word_1_8' title='bbox 996 572 1059 644; x_wconf 89' lang='lat' dir='ltr'><strong>hoc</strong></span> <span class='ocrx_word' id='word_1_9' title='bbox 1074 597 1173 668; x_wconf 84' lang='lat' dir='ltr'><strong>opere</strong></span> <span class='ocrx_word' id='word_1_10' title='bbox 1188 567 1422 656; x_wconf 71' lang='lat' dir='ltr'><strong>confidendo,</strong></span> 
     </span>
     <span class='ocr_line' id='line_1_3' title="bbox 343 669 1422 767; baseline -0.008 -23"><span class='ocrx_word' id='word_1_11' title='bbox 343 679 422 746; x_wconf 88' lang='lat' dir='ltr'><strong>seria</strong></span> <span class='ocrx_word' id='word_1_12' title='bbox 450 701 486 746; x_wconf 86' lang='lat' dir='ltr'><strong>ao</strong></span> <span class='ocrx_word' id='word_1_13' title='bbox 526 674 701 746; x_wconf 87' lang='lat' dir='ltr'><strong>deliberata</strong></span> <span class='ocrx_word' id='word_1_14' title='bbox 728 699 795 744; x_wconf 82' lang='lat' dir='ltr'><strong>esse</strong></span> <span class='ocrx_word' id='word_1_15' title='bbox 823 671 922 744; x_wconf 89' lang='lat' dir='ltr'><strong>debet</strong></span> <span class='ocrx_word' id='word_1_16' title='bbox 960 671 1030 767; x_wconf 75' lang='lat'><strong>(2).</strong></span> <span class='ocrx_word' id='word_1_17' title='bbox 1064 669 1152 741; x_wconf 89' lang='lat' dir='ltr'><strong>Nam</strong></span> <span class='ocrx_word' id='word_1_18' title='bbox 1193 681 1422 754; x_wconf 65' lang='lat' dir='ltr'><strong>sacramenta,</strong></span> 
     </span>
     <span class='ocr_line' id='line_1_4' title="bbox 343 767 1423 872; baseline -0.007 -30"><span class='ocrx_word' id='word_1_19' title='bbox 343 775 472 845; x_wconf 82' lang='lat' dir='ltr'><strong>mimice</strong></span> <span class='ocrx_word' id='word_1_20' title='bbox 504 789 537 845; x_wconf 90' lang='lat' dir='ltr'><strong>et</strong></span> <span class='ocrx_word' id='word_1_21' title='bbox 578 800 637 872; x_wconf 89' lang='lat' dir='ltr'><strong>per</strong></span> <span class='ocrx_word' id='word_1_22' title='bbox 668 775 784 872; x_wconf 88' lang='lat' dir='ltr'><strong>jocum</strong></span> <span class='ocrx_word' id='word_1_23' title='bbox 823 787 881 842; x_wconf 86' lang='lat' dir='ltr'><strong>aut</strong></span> <span class='ocrx_word' id='word_1_24' title='bbox 915 772 997 842; x_wconf 83' lang='lat' dir='ltr'><strong>risus</strong></span> <span class='ocrx_word' id='word_1_25' title='bbox 1033 795 1128 842; x_wconf 82' lang='lat' dir='ltr'><strong>causa</strong></span> <span class='ocrx_word' id='word_1_26' title='bbox 1169 767 1423 852; x_wconf 84' lang='lat' dir='ltr'><strong>administrata,</strong></span> 
     </span>
     <span class='ocr_line' id='line_1_5' title="bbox 344 871 717 944; baseline 0 -4"><span class='ocrx_word' id='word_1_27' title='bbox 344 871 433 942; x_wconf 87' lang='lat' dir='ltr'><strong>nulla</strong></span> <span class='ocrx_word' id='word_1_28' title='bbox 455 889 489 944; x_wconf 88' lang='lat' dir='ltr'><strong>et</strong></span> <span class='ocrx_word' id='word_1_29' title='bbox 506 875 615 942; x_wconf 88' lang='lat' dir='ltr'><strong>inania</strong></span> <span class='ocrx_word' id='word_1_30' title='bbox 628 887 717 942; x_wconf 86' lang='lat' dir='ltr'><strong>sunt.</strong></span> 
     </span>
    </p>
   </div>
   <div class='ocr_carea' id='block_1_3' title="bbox 343 1057 1429 2952">
    <p class='ocr_par' dir='ltr' id='par_1_3' title="bbox 343 1057 1429 2952">
     <span class='ocr_line' id='line_1_6' title="bbox 386 1057 1427 1146; baseline -0.008 -20"><span class='ocrx_word' id='word_1_31' title='bbox 386 1065 428 1146; x_wconf 82' lang='lat' dir='ltr'><strong>(l)</strong></span> <span class='ocrx_word' id='word_1_32' title='bbox 449 1070 536 1129; x_wconf 82' lang='lat' dir='ltr'><strong>Cone.</strong></span> <span class='ocrx_word' id='word_1_33' title='bbox 564 1066 693 1129; x_wconf 81' lang='lat' dir='ltr'><strong>Floreat.</strong></span> <span class='ocrx_word' id='word_1_34' title='bbox 721 1065 755 1126; x_wconf 84' lang='lat' dir='ltr'><strong>in</strong></span> <span class='ocrx_word' id='word_1_35' title='bbox 775 1067 921 1126; x_wconf 69' lang='lat' dir='ltr'><strong>insama</strong></span> <span class='ocrx_word' id='word_1_36' title='bbox 944 1061 986 1125; x_wconf 88' lang='lat' dir='ltr'><strong>od</strong></span> <span class='ocrx_word' id='word_1_37' title='bbox 1005 1065 1150 1125; x_wconf 71' lang='lat' dir='ltr'><strong>Amnon</strong></span> <span class='ocrx_word' id='word_1_38' title='bbox 1166 1059 1246 1140; x_wconf 88' lang='lat' dir='ltr'><strong>apud</strong></span> <span class='ocrx_word' id='word_1_39' title='bbox 1268 1057 1427 1121; x_wconf 74' lang='lat' dir='ltr'><strong>labbeum</strong></span> 
     </span>
     <span class='ocr_line' id='line_1_7' title="bbox 344 1138 1427 1224; baseline -0.006 -16"><span class='ocrx_word' id='word_1_40' title='bbox 344 1155 415 1208; x_wconf 85' lang='lat' dir='ltr'><strong>tom.</strong></span> <span class='ocrx_word' id='word_1_41' title='bbox 437 1151 475 1208; x_wconf 79' lang='grc'><strong>18</strong></span> <span class='ocrx_word' id='word_1_42' title='bbox 490 1167 569 1211; x_wconf 82' lang='lat' dir='ltr'><strong>oona.</strong></span> <span class='ocrx_word' id='word_1_43' title='bbox 593 1146 650 1211; x_wconf 83' lang='lat' dir='ltr'><strong>aot.</strong></span> <span class='ocrx_word' id='word_1_44' title='bbox 679 1149 755 1224; x_wconf 78' lang='lat' dir='ltr'><strong>ott,</strong></span> <span class='ocrx_word' id='word_1_45' title='bbox 778 1145 851 1208; x_wconf 83' lang='lat' dir='ltr'><strong>edit.</strong></span> <span class='ocrx_word' id='word_1_46' title='bbox 881 1149 994 1222; x_wconf 72' lang='lat' dir='ltr'><strong>Vertat,</strong></span> <span class='ocrx_word' id='word_1_47' title='bbox 1020 1145 1123 1206; x_wconf 86' lang='lat' dir='ltr'><strong>aanail.</strong></span> <span class='ocrx_word' id='word_1_48' title='bbox 1143 1141 1313 1206; x_wconf 78' lang='lat' dir='ltr'><strong>Tridaeaa.</strong></span> <span class='ocrx_word' id='word_1_49' title='bbox 1341 1143 1363 1201; x_wconf 90' lang='grc'><strong>7</strong></span> <span class='ocrx_word' id='word_1_50' title='bbox 1388 1138 1427 1201; x_wconf 85' lang='lat' dir='ltr'><strong>de</strong></span> 
     </span>
     <span class='ocr_line' id='line_1_8' title="bbox 343 1223 1428 1312; baseline -0.006 -22"><span class='ocrx_word' id='word_1_51' title='bbox 343 1231 479 1290; x_wconf 77' lang='lat' dir='ltr'><strong>Sarrana.</strong></span> <span class='ocrx_word' id='word_1_52' title='bbox 497 1231 530 1292; x_wconf 83' lang='lat' dir='ltr'><strong>in</strong></span> <span class='ocrx_word' id='word_1_53' title='bbox 546 1251 646 1312; x_wconf 75' lang='lat' dir='ltr'><strong>gener.</strong></span> <span class='ocrx_word' id='word_1_54' title='bbox 665 1249 734 1292; x_wconf 81' lang='lat' dir='ltr'><strong>aon.</strong></span> <span class='ocrx_word' id='word_1_55' title='bbox 752 1231 802 1290; x_wconf 89' lang='lat' dir='ltr'><strong>ll.</strong></span> <span class='ocrx_word' id='word_1_56' title='bbox 822 1230 897 1291; x_wconf 82' lang='lat' dir='ltr'><strong>ltine</strong></span> <span class='ocrx_word' id='word_1_57' title='bbox 912 1230 992 1290; x_wconf 89' lang='lat' dir='ltr'><strong>inter</strong></span> <span class='ocrx_word' id='word_1_58' title='bbox 1010 1236 1121 1288; x_wconf 86' lang='lat' dir='ltr'><strong>oeteras</strong></span> <span class='ocrx_word' id='word_1_59' title='bbox 1145 1224 1364 1306; x_wconf 73' lang='lat' dir='ltr'><strong>propositiones</strong></span> <span class='ocrx_word' id='word_1_60' title='bbox 1386 1223 1428 1284; x_wconf 89' lang='lat' dir='ltr'><strong>ab</strong></span> 
     </span>
     <span class='ocr_line' id='line_1_9' title="bbox 344 1305 1429 1394; baseline -0.006 -24"><span class='ocrx_word' id='word_1_61' title='bbox 344 1312 486 1374; x_wconf 79' lang='lat' dir='ltr'><strong>Alexand.</strong></span> <span class='ocrx_word' id='word_1_62' title='bbox 504 1318 572 1377; x_wconf 91' lang='lat' dir='ltr'><strong>Vlll</strong></span> <span class='ocrx_word' id='word_1_63' title='bbox 590 1315 764 1394; x_wconf 73' lang='lat' dir='ltr'><strong>proscriptae</strong></span> <span class='ocrx_word' id='word_1_64' title='bbox 779 1311 829 1372; x_wconf 91' lang='lat' dir='ltr'><strong>illa</strong></span> <span class='ocrx_word' id='word_1_65' title='bbox 843 1312 932 1372; x_wconf 87' lang='lat' dir='ltr'><strong>etiam</strong></span> <span class='ocrx_word' id='word_1_66' title='bbox 946 1311 1089 1371; x_wconf 84' lang='lat' dir='ltr'><strong>retertur:</strong></span> <span class='ocrx_word' id='word_1_67' title='bbox 1122 1333 1136 1362; x_wconf 79' lang='grc' dir='ltr'>ι</span> <span class='ocrx_word' id='word_1_68' title='bbox 1155 1307 1241 1369; x_wconf 87' lang='lat' dir='ltr'><strong>Valet</strong></span> <span class='ocrx_word' id='word_1_69' title='bbox 1258 1305 1429 1384; x_wconf 80' lang='lat' dir='ltr'><strong>baptismus</strong></span> 
     </span>
     <span class='ocr_line' id='line_1_10' title="bbox 346 1388 1429 1472; baseline -0.005 -20"><span class='ocrx_word' id='word_1_70' title='bbox 346 1394 466 1455; x_wconf 89' lang='lat' dir='ltr'><strong>oollatns</strong></span> <span class='ocrx_word' id='word_1_71' title='bbox 489 1415 506 1455; x_wconf 90' lang='lat' dir='ltr'><strong>a</strong></span> <span class='ocrx_word' id='word_1_72' title='bbox 531 1397 681 1472; x_wconf 90' lang='lat' dir='ltr'><strong>ministro,</strong></span> <span class='ocrx_word' id='word_1_73' title='bbox 708 1395 759 1472; x_wconf 90' lang='lat' dir='ltr'><strong>qui</strong></span> <span class='ocrx_word' id='word_1_74' title='bbox 788 1412 906 1455; x_wconf 90' lang='lat' dir='ltr'><strong>omnem</strong></span> <span class='ocrx_word' id='word_1_75' title='bbox 934 1394 1027 1454; x_wconf 92' lang='lat' dir='ltr'><strong>ritum</strong></span> <span class='ocrx_word' id='word_1_76' title='bbox 1049 1397 1204 1452; x_wconf 84' lang='lat' dir='ltr'><strong>externum</strong></span> <span class='ocrx_word' id='word_1_77' title='bbox 1236 1388 1429 1466; x_wconf 76' lang='lat' dir='ltr'><strong>formamque</strong></span> 
     </span>
     <span class='ocr_line' id='line_1_11' title="bbox 345 1470 1427 1553; baseline -0.006 -18"><span class='ocrx_word' id='word_1_78' title='bbox 345 1474 510 1553; x_wconf 80' lang='lat' dir='ltr'><strong>baptizandi</strong></span> <span class='ocrx_word' id='word_1_79' title='bbox 536 1479 686 1553; x_wconf 86' lang='lat' dir='ltr'><strong>observat,</strong></span> <span class='ocrx_word' id='word_1_80' title='bbox 708 1478 788 1536; x_wconf 84' lang='lat' dir='ltr'><strong>intua</strong></span> <span class='ocrx_word' id='word_1_81' title='bbox 803 1477 925 1537; x_wconf 85' lang='lat' dir='ltr'><strong>veroin</strong></span> <span class='ocrx_word' id='word_1_82' title='bbox 949 1474 1037 1535; x_wconf 87' lang='lat' dir='ltr'><strong>eorde</strong></span> <span class='ocrx_word' id='word_1_83' title='bbox 1061 1491 1114 1534; x_wconf 84' lang='lat' dir='ltr'><strong>suo</strong></span> <span class='ocrx_word' id='word_1_84' title='bbox 1134 1470 1213 1550; x_wconf 90' lang='lat' dir='ltr'><strong>apud</strong></span> <span class='ocrx_word' id='word_1_85' title='bbox 1233 1489 1265 1532; x_wconf 82' lang='lat' dir='ltr'><strong>se</strong></span> <span class='ocrx_word' id='word_1_86' title='bbox 1281 1470 1427 1546; x_wconf 71' lang='lat' dir='ltr'><strong>resolvit,</strong></span> 
     </span>
     <span class='ocr_line' id='line_1_12' title="bbox 345 1553 1429 1640; baseline -0.005 -24"><span class='ocrx_word' id='word_1_87' title='bbox 345 1575 404 1618; x_wconf 91' lang='lat' dir='ltr'><strong>non</strong></span> <span class='ocrx_word' id='word_1_88' title='bbox 424 1559 546 1621; x_wconf 86' lang='lat' dir='ltr'><strong>intendo</strong></span> <span class='ocrx_word' id='word_1_89' title='bbox 561 1561 640 1640; x_wconf 88' lang='lat' dir='ltr'><strong>quod</strong></span> <span class='ocrx_word' id='word_1_90' title='bbox 654 1559 722 1621; x_wconf 84' lang='lat' dir='ltr'><strong>iaeit</strong></span> <span class='ocrx_word' id='word_1_91' title='bbox 740 1557 870 1618; x_wconf 86' lang='lat' dir='ltr'><strong>eooleaia.</strong></span> <span class='ocrx_word' id='word_1_92' title='bbox 893 1584 906 1611; x_wconf 79' lang='lat' dir='ltr'><strong>n</strong></span> <span class='ocrx_word' id='word_1_93' title='bbox 934 1561 1117 1634; x_wconf 73' lang='lat' dir='ltr'><strong>Quamquam</strong></span> <span class='ocrx_word' id='word_1_94' title='bbox 1135 1571 1206 1614; x_wconf 85' lang='lat' dir='ltr'><strong>vero</strong></span> <span class='ocrx_word' id='word_1_95' title='bbox 1223 1553 1364 1612; x_wconf 79' lang='lat' dir='ltr'><strong>minister</strong></span> <span class='ocrx_word' id='word_1_96' title='bbox 1378 1571 1429 1612; x_wconf 80' lang='lat' dir='ltr'><strong>aa·</strong></span> 
     </span>
     <span class='ocr_line' id='line_1_13' title="bbox 345 1633 1426 1716; baseline -0.006 -18"><span class='ocrx_word' id='word_1_97' title='bbox 345 1649 527 1702; x_wconf 82' lang='lat' dir='ltr'><strong>aramentum</strong></span> <span class='ocrx_word' id='word_1_98' title='bbox 552 1643 708 1704; x_wconf 87' lang='lat' dir='ltr'><strong>oonheiens</strong></span> <span class='ocrx_word' id='word_1_99' title='bbox 738 1639 844 1701; x_wconf 86' lang='lat' dir='ltr'><strong>debeat</strong></span> <span class='ocrx_word' id='word_1_100' title='bbox 872 1639 1041 1716; x_wconf 87' lang='lat' dir='ltr'><strong>intendere,</strong></span> <span class='ocrx_word' id='word_1_101' title='bbox 1074 1636 1155 1716; x_wconf 88' lang='lat' dir='ltr'><strong>quod</strong></span> <span class='ocrx_word' id='word_1_102' title='bbox 1181 1635 1252 1695; x_wconf 80' lang='lat' dir='ltr'><strong>iacit</strong></span> <span class='ocrx_word' id='word_1_103' title='bbox 1277 1633 1426 1710; x_wconf 82' lang='lat' dir='ltr'><strong>eaeleaia,</strong></span> 
     </span>
     <span class='ocr_line' id='line_1_14' title="bbox 345 1717 1428 1798; baseline -0.006 -17"><span class='ocrx_word' id='word_1_104' title='bbox 345 1739 461 1783; x_wconf 66' lang='lat' dir='ltr'><strong>noemae</strong></span> <span class='ocrx_word' id='word_1_105' title='bbox 472 1732 569 1786; x_wconf 86' lang='lat' dir='ltr'><strong>tamen</strong></span> <span class='ocrx_word' id='word_1_106' title='bbox 582 1731 712 1798; x_wconf 84' lang='lat' dir='ltr'><strong>nonest,</strong></span> <span class='ocrx_word' id='word_1_107' title='bbox 727 1741 797 1782; x_wconf 91' lang='lat' dir='ltr'><strong>eum</strong></span> <span class='ocrx_word' id='word_1_108' title='bbox 806 1723 894 1782; x_wconf 89' lang='lat' dir='ltr'><strong>etiam</strong></span> <span class='ocrx_word' id='word_1_109' title='bbox 909 1720 1064 1782; x_wconf 78' lang='lat' dir='ltr'>intendere</span> <span class='ocrx_word' id='word_1_110' title='bbox 1078 1717 1125 1794; x_wconf 91' lang='lat' dir='ltr'><strong>id,</strong></span> <span class='ocrx_word' id='word_1_111' title='bbox 1144 1717 1224 1796; x_wconf 91' lang='lat' dir='ltr'><strong>quod</strong></span> <span class='ocrx_word' id='word_1_112' title='bbox 1243 1718 1307 1794; x_wconf 87' lang='lat' dir='ltr'><strong>ipsa</strong></span> <span class='ocrx_word' id='word_1_113' title='bbox 1321 1717 1428 1776; x_wconf 85' lang='lat' dir='ltr'><strong>inten-</strong></span> 
     </span>
     <span class='ocr_line' id='line_1_15' title="bbox 344 1800 1428 1885; baseline -0.004 -23"><span class='ocrx_word' id='word_1_114' title='bbox 344 1802 389 1862; x_wconf 93' lang='lat' dir='ltr'><strong>dit</strong></span> <span class='ocrx_word' id='word_1_115' title='bbox 412 1806 547 1882; x_wconf 79' lang='lat' dir='ltr'><strong>ecelesia,</strong></span> <span class='ocrx_word' id='word_1_116' title='bbox 575 1826 642 1885; x_wconf 81' lang='lat' dir='ltr'><strong>quae</strong></span> <span class='ocrx_word' id='word_1_117' title='bbox 664 1805 825 1884; x_wconf 88' lang='lat' dir='ltr'><strong>perillum</strong></span> <span class='ocrx_word' id='word_1_118' title='bbox 849 1811 946 1865; x_wconf 84' lang='lat' dir='ltr'><strong>aetum</strong></span> <span class='ocrx_word' id='word_1_119' title='bbox 971 1820 1074 1864; x_wconf 86' lang='lat' dir='ltr'><strong>verum</strong></span> <span class='ocrx_word' id='word_1_120' title='bbox 1099 1800 1226 1862; x_wconf 79' lang='lat' dir='ltr'><strong>conferri</strong></span> <span class='ocrx_word' id='word_1_121' title='bbox 1251 1815 1428 1860; x_wconf 78' lang='lat' dir='ltr'><strong>saommen-</strong></span> 
     </span>
     <span class='ocr_line' id='line_1_16' title="bbox 344 1881 1427 1968; baseline -0.002 -24"><span class='ocrx_word' id='word_1_122' title='bbox 344 1893 457 1946; x_wconf 91' lang='lat' dir='ltr'><strong>tumet</strong></span> <span class='ocrx_word' id='word_1_123' title='bbox 478 1889 602 1968; x_wconf 75' lang='lat' dir='ltr'><strong>gratiam</strong></span> <span class='ocrx_word' id='word_1_124' title='bbox 623 1887 861 1948; x_wconf 78' lang='lat' dir='ltr'><strong>sacramentalem</strong></span> <span class='ocrx_word' id='word_1_125' title='bbox 885 1885 981 1948; x_wconf 76' lang='lat' dir='ltr'><strong>dotet.</strong></span> <span class='ocrx_word' id='word_1_126' title='bbox 1002 1883 1117 1947; x_wconf 81' lang='lat' dir='ltr'><strong>scilieet</strong></span> <span class='ocrx_word' id='word_1_127' title='bbox 1135 1883 1159 1942; x_wconf 90' lang='lat' dir='ltr'><strong>si</strong></span> <span class='ocrx_word' id='word_1_128' title='bbox 1181 1882 1247 1960; x_wconf 87' lang='lat' dir='ltr'><strong>quis</strong></span> <span class='ocrx_word' id='word_1_129' title='bbox 1267 1881 1427 1960; x_wconf 77' lang='lat' dir='ltr'><strong>improbus</strong></span> 
     </span>
     <span class='ocr_line' id='line_1_17' title="bbox 345 1967 1426 2050; baseline -0.004 -24"><span class='ocrx_word' id='word_1_130' title='bbox 345 1967 495 2046; x_wconf 79' lang='lat' dir='ltr'><strong>minister,</strong></span> <span class='ocrx_word' id='word_1_131' title='bbox 517 1971 598 2031; x_wconf 92' lang='lat' dir='ltr'><strong>intus</strong></span> <span class='ocrx_word' id='word_1_132' title='bbox 615 1970 726 2030; x_wconf 89' lang='lat' dir='ltr'><strong>inalusa</strong></span> <span class='ocrx_word' id='word_1_133' title='bbox 741 1970 930 2050; x_wconf 73' lang='lat' dir='ltr'><strong>rogitatione,</strong></span> <span class='ocrx_word' id='word_1_134' title='bbox 948 1975 1033 2046; x_wconf 89' lang='lat' dir='ltr'><strong>putet</strong></span> <span class='ocrx_word' id='word_1_135' title='bbox 1046 1973 1260 2026; x_wconf 81' lang='lat' dir='ltr'><strong>sacramentum</strong></span> <span class='ocrx_word' id='word_1_136' title='bbox 1276 1981 1336 2023; x_wconf 90' lang='lat' dir='ltr'><strong>non</strong></span> <span class='ocrx_word' id='word_1_137' title='bbox 1355 1981 1426 2023; x_wconf 83' lang='lat' dir='ltr'><strong>eam</strong></span> 
     </span>
     <span class='ocr_line' id='line_1_18' title="bbox 345 2044 1426 2132; baseline -0.003 -25"><span class='ocrx_word' id='word_1_138' title='bbox 345 2049 405 2110; x_wconf 86' lang='lat' dir='ltr'><strong>vim</strong></span> <span class='ocrx_word' id='word_1_139' title='bbox 424 2049 548 2128; x_wconf 84' lang='lat' dir='ltr'><strong>hahere,</strong></span> <span class='ocrx_word' id='word_1_140' title='bbox 563 2070 651 2132; x_wconf 88' lang='lat' dir='ltr'><strong>quam</strong></span> <span class='ocrx_word' id='word_1_141' title='bbox 676 2050 786 2113; x_wconf 89' lang='lat' dir='ltr'><strong>babere</strong></span> <span class='ocrx_word' id='word_1_142' title='bbox 801 2059 900 2112; x_wconf 79' lang='lat' dir='ltr'><strong>censet</strong></span> <span class='ocrx_word' id='word_1_143' title='bbox 917 2050 1051 2124; x_wconf 75' lang='lat' dir='ltr'><strong>eeclesia,</strong></span> <span class='ocrx_word' id='word_1_144' title='bbox 1070 2047 1123 2108; x_wconf 89' lang='lat' dir='ltr'><strong>sed</strong></span> <span class='ocrx_word' id='word_1_145' title='bbox 1137 2053 1235 2107; x_wconf 81' lang='lat' dir='ltr'><strong>tamen</strong></span> <span class='ocrx_word' id='word_1_146' title='bbox 1251 2045 1327 2107; x_wconf 87' lang='lat' dir='ltr'><strong>seria</strong></span> <span class='ocrx_word' id='word_1_147' title='bbox 1347 2044 1426 2105; x_wconf 85' lang='lat' dir='ltr'><strong>velit</strong></span> 
     </span>
     <span class='ocr_line' id='line_1_19' title="bbox 345 2125 1424 2212; baseline -0.004 -21"><span class='ocrx_word' id='word_1_148' title='bbox 345 2129 399 2192; x_wconf 88' lang='lat' dir='ltr'><strong>hos</strong></span> <span class='ocrx_word' id='word_1_149' title='bbox 422 2133 514 2211; x_wconf 82' lang='lat' dir='ltr'><strong>ipsos,</strong></span> <span class='ocrx_word' id='word_1_150' title='bbox 537 2153 610 2212; x_wconf 87' lang='lat' dir='ltr'><strong>qnos</strong></span> <span class='ocrx_word' id='word_1_151' title='bbox 631 2135 749 2195; x_wconf 80' lang='lat' dir='ltr'><strong>eealesia</strong></span> <span class='ocrx_word' id='word_1_152' title='bbox 769 2133 906 2210; x_wconf 79' lang='lat' dir='ltr'><strong>adhibet,</strong></span> <span class='ocrx_word' id='word_1_153' title='bbox 930 2140 1066 2193; x_wconf 84' lang='lat' dir='ltr'><strong>externos</strong></span> <span class='ocrx_word' id='word_1_154' title='bbox 1079 2131 1155 2190; x_wconf 84' lang='lat' dir='ltr'><strong>ritus</strong></span> <span class='ocrx_word' id='word_1_155' title='bbox 1177 2145 1332 2210; x_wconf 86' lang='lat' dir='ltr'><strong>peragere,</strong></span> <span class='ocrx_word' id='word_1_156' title='bbox 1352 2125 1424 2188; x_wconf 82' lang='lat' dir='ltr'><strong>haee</strong></span> 
     </span>
     <span class='ocr_line' id='line_1_20' title="bbox 345 2208 1423 2296; baseline -0.003 -24"><span class='ocrx_word' id='word_1_157' title='bbox 345 2213 468 2276; x_wconf 89' lang='lat' dir='ltr'><strong>intentio</strong></span> <span class='ocrx_word' id='word_1_158' title='bbox 485 2217 610 2278; x_wconf 82' lang='lat' dir='ltr'><strong>leniendi</strong></span> <span class='ocrx_word' id='word_1_159' title='bbox 628 2217 677 2293; x_wconf 92' lang='lat' dir='ltr'><strong>id,</strong></span> <span class='ocrx_word' id='word_1_160' title='bbox 702 2215 781 2296; x_wconf 90' lang='lat' dir='ltr'><strong>quod</strong></span> <span class='ocrx_word' id='word_1_161' title='bbox 798 2217 868 2278; x_wconf 83' lang='lat' dir='ltr'><strong>lacit</strong></span> <span class='ocrx_word' id='word_1_162' title='bbox 888 2215 1021 2290; x_wconf 82' lang='lat' dir='ltr'><strong>eeclesia,</strong></span> <span class='ocrx_word' id='word_1_163' title='bbox 1047 2231 1107 2274; x_wconf 91' lang='lat' dir='ltr'><strong>non</strong></span> <span class='ocrx_word' id='word_1_164' title='bbox 1123 2211 1202 2290; x_wconf 91' lang='lat' dir='ltr'><strong>qnod</strong></span> <span class='ocrx_word' id='word_1_165' title='bbox 1222 2231 1256 2271; x_wconf 91' lang='lat' dir='ltr'><strong>ea</strong></span> <span class='ocrx_word' id='word_1_166' title='bbox 1276 2208 1423 2285; x_wconf 87' lang='lat' dir='ltr'><strong>intendit,</strong></span> 
     </span>
     <span class='ocr_line' id='line_1_21' title="bbox 344 2292 1426 2374; baseline -0.003 -19"><span class='ocrx_word' id='word_1_167' title='bbox 344 2297 413 2355; x_wconf 90' lang='lat' dir='ltr'><strong>satis</strong></span> <span class='ocrx_word' id='word_1_168' title='bbox 432 2297 552 2374; x_wconf 89' lang='lat' dir='ltr'><strong>quidem</strong></span> <span class='ocrx_word' id='word_1_169' title='bbox 578 2297 704 2360; x_wconf 91' lang='lat' dir='ltr'><strong>babetur</strong></span> <span class='ocrx_word' id='word_1_170' title='bbox 725 2297 763 2359; x_wconf 91' lang='lat' dir='ltr'><strong>ad</strong></span> <span class='ocrx_word' id='word_1_171' title='bbox 779 2298 841 2359; x_wconf 84' lang='lat' dir='ltr'><strong>vim</strong></span> <span class='ocrx_word' id='word_1_172' title='bbox 858 2296 1043 2359; x_wconf 76' lang='lat' dir='ltr'><strong>sacramenti.</strong></span> <span class='ocrx_word' id='word_1_173' title='bbox 1062 2293 1235 2356; x_wconf 81' lang='lat' dir='ltr'><strong>Audiendus</strong></span> <span class='ocrx_word' id='word_1_174' title='bbox 1258 2311 1293 2353; x_wconf 80' lang='lat' dir='ltr'><strong>ea</strong></span> <span class='ocrx_word' id='word_1_175' title='bbox 1319 2292 1360 2352; x_wconf 87' lang='lat' dir='ltr'><strong>de</strong></span> <span class='ocrx_word' id='word_1_176' title='bbox 1389 2311 1426 2352; x_wconf 88' lang='lat' dir='ltr'><strong>re</strong></span> 
     </span>
     <span class='ocr_line' id='line_1_22' title="bbox 345 2375 1424 2465; baseline -0.006 -28"><span class='ocrx_word' id='word_1_177' title='bbox 345 2379 383 2437; x_wconf 92' lang='lat' dir='ltr'><strong>D.</strong></span> <span class='ocrx_word' id='word_1_178' title='bbox 399 2377 505 2441; x_wconf 86' lang='lat' dir='ltr'><strong>Thom.</strong></span> <span class='ocrx_word' id='word_1_179' title='bbox 517 2399 587 2462; x_wconf 84' lang='lat' dir='ltr'><strong>por.</strong></span> <span class='ocrx_word' id='word_1_180' title='bbox 608 2384 626 2443; x_wconf 79' lang='lat'>5</span> <span class='ocrx_word' id='word_1_181' title='bbox 644 2401 675 2465; x_wconf 81' lang='lat' dir='ltr'><strong>q.</strong></span> <span class='ocrx_word' id='word_1_182' title='bbox 697 2382 737 2442; x_wconf 84' lang='lat' dir='ltr'><strong>ot</strong></span> <span class='ocrx_word' id='word_1_183' title='bbox 753 2387 813 2441; x_wconf 86' lang='lat' dir='ltr'><strong>ort.</strong></span> <span class='ocrx_word' id='word_1_184' title='bbox 831 2382 865 2458; x_wconf 84' lang='grc'><strong>9,</strong></span> <span class='ocrx_word' id='word_1_185' title='bbox 883 2379 966 2458; x_wconf 83' lang='lat' dir='ltr'><strong>eujus</strong></span> <span class='ocrx_word' id='word_1_186' title='bbox 984 2375 1256 2440; x_wconf 72' lang='lat' dir='ltr'><strong>herreshusen:</strong></span> <span class='ocrx_word' id='word_1_187' title='bbox 1279 2401 1293 2428; x_wconf 78' lang='lat' dir='ltr'><strong>a</strong></span> <span class='ocrx_word' id='word_1_188' title='bbox 1308 2377 1338 2438; x_wconf 85' lang='lat' dir='ltr'><strong>Si</strong></span> <span class='ocrx_word' id='word_1_189' title='bbox 1353 2375 1424 2456; x_wconf 83' lang='lat' dir='ltr'><strong>quis</strong></span> 
     </span>
     <span class='ocr_line' id='line_1_23' title="bbox 345 2457 1426 2541; baseline 0.004 -22"><span class='ocrx_word' id='word_1_190' title='bbox 345 2459 473 2535; x_wconf 87' lang='lat' dir='ltr'><strong>patiatur</strong></span> <span class='ocrx_word' id='word_1_191' title='bbox 496 2461 566 2523; x_wconf 86' lang='lat' dir='ltr'><strong>fidei</strong></span> <span class='ocrx_word' id='word_1_192' title='bbox 590 2463 736 2526; x_wconf 81' lang='lat' dir='ltr'><strong>deiectum</strong></span> <span class='ocrx_word' id='word_1_193' title='bbox 754 2464 829 2524; x_wconf 83' lang='lat' dir='ltr'><strong>cirea</strong></span> <span class='ocrx_word' id='word_1_194' title='bbox 849 2463 945 2541; x_wconf 86' lang='lat' dir='ltr'><strong>ipsum</strong></span> <span class='ocrx_word' id='word_1_195' title='bbox 972 2467 1201 2536; x_wconf 77' lang='lat' dir='ltr'><strong>sacramentnm,</strong></span> <span class='ocrx_word' id='word_1_196' title='bbox 1227 2457 1309 2536; x_wconf 88' lang='lat' dir='ltr'><strong>quad</strong></span> <span class='ocrx_word' id='word_1_197' title='bbox 1333 2461 1426 2522; x_wconf 83' lang='lat' dir='ltr'><strong>exhi-</strong></span> 
     </span>
     <span class='ocr_line' id='line_1_24' title="bbox 347 2539 1426 2626; baseline 0.003 -25"><span class='ocrx_word' id='word_1_198' title='bbox 347 2539 414 2615; x_wconf 89' lang='lat' dir='ltr'><strong>bet,</strong></span> <span class='ocrx_word' id='word_1_199' title='bbox 441 2543 509 2604; x_wconf 86' lang='lat' dir='ltr'><strong>heet</strong></span> <span class='ocrx_word' id='word_1_200' title='bbox 537 2545 637 2606; x_wconf 83' lang='lat' dir='ltr'><strong>eredat</strong></span> <span class='ocrx_word' id='word_1_201' title='bbox 659 2563 713 2626; x_wconf 87' lang='lat' dir='ltr'><strong>per</strong></span> <span class='ocrx_word' id='word_1_202' title='bbox 739 2545 772 2606; x_wconf 92' lang='lat' dir='ltr'><strong>id</strong></span> <span class='ocrx_word' id='word_1_203' title='bbox 798 2545 877 2624; x_wconf 85' lang='lat' dir='ltr'><strong>quod</strong></span> <span class='ocrx_word' id='word_1_204' title='bbox 903 2544 1000 2624; x_wconf 87' lang='lat' dir='ltr'><strong>agitur</strong></span> <span class='ocrx_word' id='word_1_205' title='bbox 1018 2543 1164 2617; x_wconf 83' lang='lat' dir='ltr'><strong>exterius,</strong></span> <span class='ocrx_word' id='word_1_206' title='bbox 1194 2539 1311 2600; x_wconf 92' lang='lat' dir='ltr'><strong>nullum</strong></span> <span class='ocrx_word' id='word_1_207' title='bbox 1336 2546 1426 2623; x_wconf 86' lang='lat' dir='ltr'><strong>sequi</strong></span> 
     </span>
     <span class='ocr_line' id='line_1_25' title="bbox 346 2621 1426 2707; baseline 0.006 -25"><span class='ocrx_word' id='word_1_208' title='bbox 346 2625 518 2688; x_wconf 90' lang='lat' dir='ltr'><strong>interiorem</strong></span> <span class='ocrx_word' id='word_1_209' title='bbox 544 2627 697 2706; x_wconf 81' lang='lat' dir='ltr'><strong>effoetum,</strong></span> <span class='ocrx_word' id='word_1_210' title='bbox 719 2646 779 2688; x_wconf 92' lang='lat' dir='ltr'><strong>non</strong></span> <span class='ocrx_word' id='word_1_211' title='bbox 802 2637 901 2689; x_wconf 71' lang='lat' dir='ltr'><strong>nmen</strong></span> <span class='ocrx_word' id='word_1_212' title='bbox 925 2627 1055 2707; x_wconf 77' lang='lat' dir='ltr'><strong>ignorat,</strong></span> <span class='ocrx_word' id='word_1_213' title='bbox 1075 2621 1156 2703; x_wconf 90' lang='lat' dir='ltr'><strong>quod</strong></span> <span class='ocrx_word' id='word_1_214' title='bbox 1179 2622 1299 2684; x_wconf 73' lang='lat' dir='ltr'><strong>ecelesia</strong></span> <span class='ocrx_word' id='word_1_215' title='bbox 1316 2627 1426 2688; x_wconf 76' lang='lat' dir='ltr'><strong>tatho-</strong></span> 
     </span>
     <span class='ocr_line' id='line_1_26' title="bbox 345 2706 1426 2790; baseline 0.001 -26"><span class='ocrx_word' id='word_1_216' title='bbox 345 2706 400 2766; x_wconf 89' lang='lat' dir='ltr'><strong>lioa</strong></span> <span class='ocrx_word' id='word_1_217' title='bbox 424 2709 553 2771; x_wconf 88' lang='lat' dir='ltr'><strong>intendit</strong></span> <span class='ocrx_word' id='word_1_218' title='bbox 576 2729 629 2790; x_wconf 86' lang='lat' dir='ltr'><strong>per</strong></span> <span class='ocrx_word' id='word_1_219' title='bbox 654 2708 838 2789; x_wconf 87' lang='lat' dir='ltr'><strong>hujusmodi,</strong></span> <span class='ocrx_word' id='word_1_220' title='bbox 867 2726 934 2788; x_wconf 83' lang='lat' dir='ltr'><strong>quta</strong></span> <span class='ocrx_word' id='word_1_221' title='bbox 962 2708 1090 2768; x_wconf 84' lang='lat' dir='ltr'><strong>exterius</strong></span> <span class='ocrx_word' id='word_1_222' title='bbox 1115 2714 1258 2786; x_wconf 88' lang='lat' dir='ltr'><strong>aguntur,</strong></span> <span class='ocrx_word' id='word_1_223' title='bbox 1286 2707 1426 2784; x_wconf 68' lang='lat' dir='ltr'><strong>prebere</strong></span> 
     </span>
     <span class='ocr_line' id='line_1_27' title="bbox 346 2785 1426 2866; baseline 0.005 -18"><span class='ocrx_word' id='word_1_224' title='bbox 346 2800 569 2852; x_wconf 80' lang='lat' dir='ltr'><strong>sacramentum.</strong></span> <span class='ocrx_word' id='word_1_225' title='bbox 588 2791 673 2854; x_wconf 87' lang='lat' dir='ltr'><strong>Unde</strong></span> <span class='ocrx_word' id='word_1_226' title='bbox 695 2811 755 2853; x_wconf 89' lang='lat' dir='ltr'><strong>non</strong></span> <span class='ocrx_word' id='word_1_227' title='bbox 779 2791 913 2852; x_wconf 87' lang='lat' dir='ltr'><strong>obstante</strong></span> <span class='ocrx_word' id='word_1_228' title='bbox 929 2789 1117 2866; x_wconf 86' lang='lat' dir='ltr'><strong>infidelitate,</strong></span> <span class='ocrx_word' id='word_1_229' title='bbox 1143 2796 1236 2866; x_wconf 88' lang='lat' dir='ltr'><strong>potest</strong></span> <span class='ocrx_word' id='word_1_230' title='bbox 1264 2785 1426 2853; x_wconf 84' lang='lat' dir='ltr'><strong>intendere</strong></span> 
     </span>
     <span class='ocr_line' id='line_1_28' title="bbox 346 2869 1426 2952; baseline 0.004 -22"><span class='ocrx_word' id='word_1_231' title='bbox 346 2870 441 2931; x_wconf 85' lang='lat' dir='ltr'><strong>lacere</strong></span> <span class='ocrx_word' id='word_1_232' title='bbox 461 2873 505 2945; x_wconf 87' lang='lat' dir='ltr'><strong>id,</strong></span> <span class='ocrx_word' id='word_1_233' title='bbox 530 2873 610 2952; x_wconf 86' lang='lat' dir='ltr'><strong>quod</strong></span> <span class='ocrx_word' id='word_1_234' title='bbox 630 2874 698 2934; x_wconf 81' lang='lat' dir='ltr'><strong>iacit</strong></span> <span class='ocrx_word' id='word_1_235' title='bbox 720 2873 854 2950; x_wconf 84' lang='lat' dir='ltr'><strong>eeclesia,</strong></span> <span class='ocrx_word' id='word_1_236' title='bbox 884 2873 954 2933; x_wconf 83' lang='lat' dir='ltr'><strong>lieet</strong></span> <span class='ocrx_word' id='word_1_237' title='bbox 974 2873 1098 2933; x_wconf 75' lang='lat' dir='ltr'><strong>estimet</strong></span> <span class='ocrx_word' id='word_1_238' title='bbox 1120 2869 1152 2930; x_wconf 92' lang='lat' dir='ltr'><strong>id</strong></span> <span class='ocrx_word' id='word_1_239' title='bbox 1180 2871 1254 2931; x_wconf 91' lang='lat' dir='ltr'><strong>nihil</strong></span> <span class='ocrx_word' id='word_1_240' title='bbox 1282 2887 1358 2932; x_wconf 67' lang='lat' dir='ltr'><strong>esse.</strong></span> <span class='ocrx_word' id='word_1_241' title='bbox 1389 2879 1426 2936; x_wconf 85' lang='lat' dir='ltr'><strong>Et</strong></span> 
     </span>
    </p>
   </div>
   <div class='ocr_carea' id='block_1_4' title="bbox 349 2951 1541 3118">
    <p class='ocr_par' dir='ltr' id='par_1_4' title="bbox 349 2951 1541 3118">
     <span class='ocr_line' id='line_1_29' title="bbox 349 2951 1541 3018; baseline 0.004 -7"><span class='ocrx_word' id='word_1_242' title='bbox 349 2951 415 3012; x_wconf 89' lang='lat' dir='ltr'><strong>talis</strong></span> <span class='ocrx_word' id='word_1_243' title='bbox 426 2953 551 3016; x_wconf 90' lang='lat' dir='ltr'><strong>intentio</strong></span> <span class='ocrx_word' id='word_1_244' title='bbox 564 2954 671 3014; x_wconf 80' lang='lat' dir='ltr'><strong>suflicit</strong></span> <span class='ocrx_word' id='word_1_245' title='bbox 684 2955 721 3014; x_wconf 91' lang='lat' dir='ltr'><strong>ad</strong></span> <span class='ocrx_word' id='word_1_246' title='bbox 731 2961 957 3016; x_wconf 80' lang='lat' dir='ltr'><strong>sacramentum.</strong></span> <span class='ocrx_word' id='word_1_247' title='bbox 973 2980 986 3008; x_wconf 81' lang='lat' dir='ltr'><strong>n</strong></span> <span class='ocrx_word' id='word_1_248' title='bbox 1005 2958 1047 3016; x_wconf 88' lang='lat' dir='ltr'><strong>lta</strong></span> <span class='ocrx_word' id='word_1_249' title='bbox 1062 2951 1180 3014; x_wconf 80' lang='lat' dir='ltr'><strong>eoaleaia</strong></span> <span class='ocrx_word' id='word_1_250' title='bbox 1191 2961 1287 3013; x_wconf 89' lang='lat' dir='ltr'><strong>ratum</strong></span> <span class='ocrx_word' id='word_1_251' title='bbox 1299 2952 1425 3018; x_wconf 87' lang='lat' dir='ltr'><strong>lirmnm</strong></span> <span class='ocrx_word' id='word_1_252' title='bbox 1540 3001 1541 3016; x_wconf 79' lang='lat'><strong>.</strong></span> 
     </span>
     <span class='ocr_line' id='line_1_30' title="bbox 349 3031 1541 3118; baseline 0.008 -25"><span class='ocrx_word' id='word_1_253' title='bbox 349 3031 454 3094; x_wconf 89' lang='lat' dir='ltr'><strong>habuit</strong></span> <span class='ocrx_word' id='word_1_254' title='bbox 467 3036 644 3114; x_wconf 90' lang='lat' dir='ltr'><strong>baptismum</strong></span> <span class='ocrx_word' id='word_1_255' title='bbox 655 3037 792 3097; x_wconf 84' lang='lat' dir='ltr'><strong>collatum</strong></span> <span class='ocrx_word' id='word_1_256' title='bbox 805 3057 822 3098; x_wconf 90' lang='lat' dir='ltr'><strong>a</strong></span> <span class='ocrx_word' id='word_1_257' title='bbox 836 3037 1015 3118; x_wconf 87' lang='lat' dir='ltr'><strong>Pelagiauis,</strong></span> <span class='ocrx_word' id='word_1_258' title='bbox 1034 3035 1102 3096; x_wconf 86' lang='lat' dir='ltr'><strong>lieet</strong></span> <span class='ocrx_word' id='word_1_259' title='bbox 1116 3036 1171 3114; x_wconf 86' lang='lat' dir='ltr'><strong>ipsi</strong></span> <span class='ocrx_word' id='word_1_260' title='bbox 1184 3053 1244 3096; x_wconf 88' lang='lat' dir='ltr'><strong>nou</strong></span> <span class='ocrx_word' id='word_1_261' title='bbox 1256 3035 1426 3115; x_wconf 86' lang='lat' dir='ltr'><strong>eogitorent</strong></span> <span class='ocrx_word' id='word_1_262' title='bbox 1540 3079 1541 3088; x_wconf 57' lang='lat'><strong>.</strong></span> 
     </span>
    </p>
   </div>
   <div class='ocr_carea' id='block_1_5' title="bbox 345 3115 1425 3363">
    <p class='ocr_par' dir='ltr' id='par_1_5' title="bbox 345 3115 1425 3363">
     <span class='ocr_line' id='line_1_31' title="bbox 348 3115 1425 3199; baseline 0.006 -23"><span class='ocrx_word' id='word_1_263' title='bbox 348 3115 385 3176; x_wconf 94' lang='lat' dir='ltr'><strong>de</strong></span> <span class='ocrx_word' id='word_1_264' title='bbox 409 3116 534 3178; x_wconf 90' lang='lat' dir='ltr'><strong>delendo</strong></span> <span class='ocrx_word' id='word_1_265' title='bbox 561 3119 695 3198; x_wconf 90' lang='lat' dir='ltr'><strong>originali</strong></span> <span class='ocrx_word' id='word_1_266' title='bbox 714 3127 846 3198; x_wconf 85' lang='lat' dir='ltr'><strong>peaaato,</strong></span> <span class='ocrx_word' id='word_1_267' title='bbox 867 3119 947 3199; x_wconf 90' lang='lat' dir='ltr'><strong>quod</strong></span> <span class='ocrx_word' id='word_1_268' title='bbox 963 3118 1124 3199; x_wconf 81' lang='lat' dir='ltr'><strong>negabant3</strong></span> <span class='ocrx_word' id='word_1_269' title='bbox 1146 3117 1230 3177; x_wconf 90' lang='lat' dir='ltr'><strong>etita</strong></span> <span class='ocrx_word' id='word_1_270' title='bbox 1251 3121 1283 3178; x_wconf 89' lang='lat' dir='ltr'><strong>S.</strong></span> <span class='ocrx_word' id='word_1_271' title='bbox 1300 3119 1375 3181; x_wconf 84' lang='lat' dir='ltr'><strong>Pius</strong></span> <span class='ocrx_word' id='word_1_272' title='bbox 1397 3125 1425 3184; x_wconf 83' lang='lat' dir='ltr'>V</span> 
     </span>
     <span class='ocr_line' id='line_1_32' title="bbox 345 3199 1425 3280; baseline 0.006 -22"><span class='ocrx_word' id='word_1_273' title='bbox 345 3199 516 3278; x_wconf 85' lang='lat' dir='ltr'><strong>approbavit</strong></span> <span class='ocrx_word' id='word_1_274' title='bbox 535 3200 711 3278; x_wconf 83' lang='lat' dir='ltr'><strong>baptismum</strong></span> <span class='ocrx_word' id='word_1_275' title='bbox 724 3201 975 3278; x_wconf 73' lang='lat' dir='ltr'><strong>calvinianos-um,</strong></span> <span class='ocrx_word' id='word_1_276' title='bbox 993 3201 1061 3260; x_wconf 88' lang='lat' dir='ltr'><strong>lieet</strong></span> <span class='ocrx_word' id='word_1_277' title='bbox 1077 3199 1132 3280; x_wconf 87' lang='lat' dir='ltr'><strong>ipsi</strong></span> <span class='ocrx_word' id='word_1_278' title='bbox 1147 3199 1342 3260; x_wconf 88' lang='lat' dir='ltr'><strong>intentionem</strong></span> <span class='ocrx_word' id='word_1_279' title='bbox 1360 3222 1425 3264; x_wconf 89' lang='lat' dir='ltr'><strong>non</strong></span> 
     </span>
     <span class='ocr_line' id='line_1_33' title="bbox 346 3279 1425 3363; baseline 0.005 -22"><span class='ocrx_word' id='word_1_280' title='bbox 346 3280 489 3342; x_wconf 88' lang='lat' dir='ltr'><strong>haberent</strong></span> <span class='ocrx_word' id='word_1_281' title='bbox 506 3282 671 3361; x_wconf 85' lang='lat' dir='ltr'><strong>baptizandi</strong></span> <span class='ocrx_word' id='word_1_282' title='bbox 687 3283 932 3346; x_wconf 81' lang='lat' dir='ltr'><strong>inremissionem</strong></span> <span class='ocrx_word' id='word_1_283' title='bbox 950 3290 1145 3363; x_wconf 75' lang='lat' dir='ltr'><strong>pomulorum.</strong></span> <span class='ocrx_word' id='word_1_284' title='bbox 1163 3284 1237 3343; x_wconf 84' lang='lat' dir='ltr'><strong>llam</strong></span> <span class='ocrx_word' id='word_1_285' title='bbox 1255 3279 1297 3341; x_wconf 86' lang='lat' dir='ltr'><strong>od</strong></span> <span class='ocrx_word' id='word_1_286' title='bbox 1311 3301 1425 3346; x_wconf 82' lang='lat' dir='ltr'><strong>saera·</strong></span> 
     </span>
    </p>
   </div>
   <div class='ocr_carea' id='block_1_6' title="bbox 347 3361 1541 3530">
    <p class='ocr_par' dir='ltr' id='par_1_6' title="bbox 347 3361 1541 3530">
     <span class='ocr_line' id='line_1_34' title="bbox 347 3361 1541 3456; baseline 0.005 -32"><span class='ocrx_word' id='word_1_287' title='bbox 347 3364 441 3424; x_wconf 76' lang='lat' dir='ltr'><strong>nunti</strong></span> <span class='ocrx_word' id='word_1_288' title='bbox 452 3363 653 3446; x_wconf 73' lang='lat' dir='ltr'><strong>integritatem</strong></span> <span class='ocrx_word' id='word_1_289' title='bbox 668 3363 746 3427; x_wconf 75' lang='lat' dir='ltr'><strong>atttt</strong></span> <span class='ocrx_word' id='word_1_290' title='bbox 761 3366 900 3429; x_wconf 75' lang='lat' dir='ltr'><strong>interesse</strong></span> <span class='ocrx_word' id='word_1_291' title='bbox 919 3366 1003 3426; x_wconf 84' lang='lat' dir='ltr'><strong>daaet</strong></span> <span class='ocrx_word' id='word_1_292' title='bbox 1019 3367 1142 3446; x_wconf 79' lang='lat' dir='ltr'><strong>August.</strong></span> <span class='ocrx_word' id='word_1_293' title='bbox 1159 3361 1195 3424; x_wconf 80' lang='lat' dir='ltr'><strong>de</strong></span> <span class='ocrx_word' id='word_1_294' title='bbox 1213 3367 1305 3444; x_wconf 80' lang='lat' dir='ltr'><strong>Bapt.</strong></span> <span class='ocrx_word' id='word_1_295' title='bbox 1325 3361 1381 3426; x_wconf 84' lang='lat' dir='ltr'><strong>lib.</strong></span> <span class='ocrx_word' id='word_1_296' title='bbox 1405 3369 1426 3429; x_wconf 83' lang='lat'><strong>7</strong></span> <span class='ocrx_word' id='word_1_297' title='bbox 1540 3409 1541 3456; x_wconf 63' lang='lat'><strong>,</strong></span> 
     </span>
     <span class='ocr_line' id='line_1_35' title="bbox 348 3443 1426 3530; baseline 0.006 -25"><span class='ocrx_word' id='word_1_298' title='bbox 348 3464 415 3528; x_wconf 81' lang='lat' dir='ltr'><strong>cop.</strong></span> <span class='ocrx_word' id='word_1_299' title='bbox 437 3448 476 3507; x_wconf 77' lang='lat'><strong>55</strong></span> <span class='ocrx_word' id='word_1_300' title='bbox 495 3443 551 3507; x_wconf 87' lang='lat' dir='ltr'><strong>eol.</strong></span> <span class='ocrx_word' id='word_1_301' title='bbox 571 3449 632 3510; x_wconf 70' lang='lat'><strong>⁶202</strong></span> <span class='ocrx_word' id='word_1_302' title='bbox 656 3456 726 3509; x_wconf 88' lang='lat' dir='ltr'><strong>tam.</strong></span> <span class='ocrx_word' id='word_1_303' title='bbox 753 3451 786 3526; x_wconf 85' lang='lat'><strong>9,</strong></span> <span class='ocrx_word' id='word_1_304' title='bbox 813 3467 879 3530; x_wconf 76' lang='lat' dir='ltr'><strong>quaa</strong></span> <span class='ocrx_word' id='word_1_305' title='bbox 905 3448 943 3508; x_wconf 91' lang='lat' dir='ltr'><strong>sit</strong></span> <span class='ocrx_word' id='word_1_306' title='bbox 969 3445 1043 3507; x_wconf 82' lang='lat' dir='ltr'><strong>fides</strong></span> <span class='ocrx_word' id='word_1_307' title='bbox 1069 3447 1283 3506; x_wconf 86' lang='lat' dir='ltr'><strong>ministrorum.</strong></span> <span class='ocrx_word' id='word_1_308' title='bbox 1311 3449 1426 3512; x_wconf 76' lang='lat' dir='ltr'><strong>Confer</strong></span> 
     </span>
    </p>
   </div>
   <div class='ocr_carea' id='block_1_7' title="bbox 347 3525 1423 3612">
    <p class='ocr_par' dir='ltr' id='par_1_7' title="bbox 347 3525 1423 3612">
     <span class='ocr_line' id='line_1_36' title="bbox 347 3525 1423 3612; baseline 0.006 -23"><span class='ocrx_word' id='word_1_309' title='bbox 347 3529 435 3589; x_wconf 86' lang='lat' dir='ltr'><strong>etiam</strong></span> <span class='ocrx_word' id='word_1_310' title='bbox 452 3527 588 3590; x_wconf 88' lang='lat' dir='ltr'><strong>eumdem</strong></span> <span class='ocrx_word' id='word_1_311' title='bbox 606 3535 682 3611; x_wconf 83' lang='lat' dir='ltr'><strong>hug.</strong></span> <span class='ocrx_word' id='word_1_312' title='bbox 699 3549 746 3612; x_wconf 83' lang='lat' dir='ltr'><strong>ep.</strong></span> <span class='ocrx_word' id='word_1_313' title='bbox 767 3533 807 3593; x_wconf 81' lang='grc'><strong>98</strong></span> <span class='ocrx_word' id='word_1_314' title='bbox 825 3529 866 3591; x_wconf 88' lang='lat' dir='ltr'><strong>od</strong></span> <span class='ocrx_word' id='word_1_315' title='bbox 880 3528 1020 3611; x_wconf 71' lang='lat' dir='ltr'><strong>Bonisana.</strong></span> <span class='ocrx_word' id='word_1_316' title='bbox 1040 3547 1125 3589; x_wconf 79' lang='lat' dir='ltr'><strong>num.</strong></span> <span class='ocrx_word' id='word_1_317' title='bbox 1146 3529 1164 3588; x_wconf 79' lang='lat' dir='ltr'><strong>b</strong></span> <span class='ocrx_word' id='word_1_318' title='bbox 1186 3525 1241 3590; x_wconf 79' lang='lat' dir='ltr'><strong>col.</strong></span> <span class='ocrx_word' id='word_1_319' title='bbox 1262 3529 1324 3590; x_wconf 72' lang='lat' dir='ltr'><strong>not</strong></span> <span class='ocrx_word' id='word_1_320' title='bbox 1343 3540 1368 3592; x_wconf 91' lang='lat' dir='ltr'><strong>t.</strong></span> <span class='ocrx_word' id='word_1_321' title='bbox 1388 3537 1423 3595; x_wconf 56' lang='grc' dir='ltr'><strong>ἢ.</strong></span> 
     </span>
    </p>
   </div>
   <div class='ocr_carea' id='block_1_8' title="bbox 347 3601 1541 3690">
    <p class='ocr_par' dir='ltr' id='par_1_8' title="bbox 347 3601 1541 3690">
     <span class='ocr_line' id='line_1_37' title="bbox 347 3601 1541 3690; baseline 0.006 -18"><span class='ocrx_word' id='word_1_322' title='bbox 347 3611 482 3672; x_wconf 76' lang='lat' dir='ltr'><strong>Ambrae.</strong></span> <span class='ocrx_word' id='word_1_323' title='bbox 508 3611 682 3674; x_wconf 79' lang='lat' dir='ltr'><strong>catherinus</strong></span> <span class='ocrx_word' id='word_1_324' title='bbox 706 3631 723 3672; x_wconf 91' lang='lat' dir='ltr'><strong>e</strong></span> <span class='ocrx_word' id='word_1_325' title='bbox 747 3613 1003 3674; x_wconf 86' lang='lat' dir='ltr'><strong>Dominiaanorum</strong></span> <span class='ocrx_word' id='word_1_326' title='bbox 1023 3611 1133 3672; x_wconf 82' lang='lat' dir='ltr'><strong>familia</strong></span> <span class='ocrx_word' id='word_1_327' title='bbox 1151 3611 1182 3670; x_wconf 92' lang='lat' dir='ltr'><strong>in</strong></span> <span class='ocrx_word' id='word_1_328' title='bbox 1208 3629 1259 3688; x_wconf 89' lang='lat' dir='ltr'><strong>eo,</strong></span> <span class='ocrx_word' id='word_1_329' title='bbox 1281 3630 1376 3690; x_wconf 87' lang='lat' dir='ltr'><strong>quem</strong></span> <span class='ocrx_word' id='word_1_330' title='bbox 1392 3617 1426 3676; x_wconf 90' lang='lat' dir='ltr'><strong>iu</strong></span> <span class='ocrx_word' id='word_1_331' title='bbox 1540 3601 1541 3678; x_wconf 77' lang='lat' dir='ltr'><strong>i</strong></span> 
     </span>
    </p>
   </div>
   <div class='ocr_carea' id='block_1_9' title="bbox 346 3683 1541 4103">
    <p class='ocr_par' dir='ltr' id='par_1_9' title="bbox 346 3683 1541 4103">
     <span class='ocr_line' id='line_1_38' title="bbox 346 3683 1541 3777; baseline 0.003 -23"><span class='ocrx_word' id='word_1_332' title='bbox 346 3693 450 3775; x_wconf 87' lang='lat' dir='ltr'><strong>vulgus</strong></span> <span class='ocrx_word' id='word_1_333' title='bbox 473 3691 581 3770; x_wconf 91' lang='lat' dir='ltr'><strong>edidit,</strong></span> <span class='ocrx_word' id='word_1_334' title='bbox 607 3713 674 3756; x_wconf 88' lang='lat' dir='ltr'><strong>oum</strong></span> <span class='ocrx_word' id='word_1_335' title='bbox 689 3694 773 3756; x_wconf 87' lang='lat' dir='ltr'><strong>Trid.</strong></span> <span class='ocrx_word' id='word_1_336' title='bbox 792 3695 921 3777; x_wconf 87' lang='lat' dir='ltr'><strong>synodus</strong></span> <span class='ocrx_word' id='word_1_337' title='bbox 945 3693 1118 3770; x_wconf 89' lang='lat' dir='ltr'><strong>haberetur,</strong></span> <span class='ocrx_word' id='word_1_338' title='bbox 1141 3693 1241 3754; x_wconf 90' lang='lat' dir='ltr'><strong>libello</strong></span> <span class='ocrx_word' id='word_1_339' title='bbox 1265 3691 1301 3754; x_wconf 82' lang='lat' dir='ltr'><strong>de</strong></span> <span class='ocrx_word' id='word_1_340' title='bbox 1319 3695 1424 3758; x_wconf 82' lang='lat' dir='ltr'><strong>inteo-</strong></span> <span class='ocrx_word' id='word_1_341' title='bbox 1540 3683 1541 3748; x_wconf 69' lang='lat' dir='ltr'><strong>l</strong></span> 
     </span>
     <span class='ocr_line' id='line_1_39' title="bbox 348 3775 1426 3854; baseline 0.005 -17"><span class='ocrx_word' id='word_1_342' title='bbox 348 3775 436 3838; x_wconf 67' lang='grc' dir='ltr'><strong>ίίοηὶε</strong></span> <span class='ocrx_word' id='word_1_343' title='bbox 461 3784 588 3838; x_wconf 74' lang='lat' dir='ltr'><strong>externae</strong></span> <span class='ocrx_word' id='word_1_344' title='bbox 611 3795 648 3839; x_wconf 79' lang='lat' dir='ltr'><strong>aa</strong></span> <span class='ocrx_word' id='word_1_345' title='bbox 699 3777 806 3854; x_wconf 68' lang='lat' dir='ltr'><strong>mono,</strong></span> <span class='ocrx_word' id='word_1_346' title='bbox 832 3776 997 3854; x_wconf 90' lang='lat' dir='ltr'><strong>oontendit,</strong></span> <span class='ocrx_word' id='word_1_347' title='bbox 1014 3775 1051 3836; x_wconf 92' lang='lat' dir='ltr'><strong>ad</strong></span> <span class='ocrx_word' id='word_1_348' title='bbox 1076 3784 1289 3837; x_wconf 81' lang='lat' dir='ltr'><strong>sauamentum</strong></span> <span class='ocrx_word' id='word_1_349' title='bbox 1307 3781 1370 3840; x_wconf 90' lang='lat' dir='ltr'><strong>rite</strong></span> <span class='ocrx_word' id='word_1_350' title='bbox 1394 3787 1426 3841; x_wconf 86' lang='lat' dir='ltr'><strong>et</strong></span> 
     </span>
     <span class='ocr_line' id='line_1_40' title="bbox 346 3771 1423 3937; baseline 0.003 -17"><span class='ocrx_word' id='word_1_351' title='bbox 346 3867 426 3920; x_wconf 82' lang='lat' dir='ltr'><strong>reate</strong></span> <span class='ocrx_word' id='word_1_352' title='bbox 450 3771 714 3920; x_wconf 47' lang='lat' dir='ltr'><strong>administranddcm</strong></span> <span class='ocrx_word' id='word_1_353' title='bbox 742 3860 812 3920; x_wconf 83' lang='lat' dir='ltr'><strong>satis</strong></span> <span class='ocrx_word' id='word_1_354' title='bbox 843 3877 921 3936; x_wconf 87' lang='lat' dir='ltr'><strong>esse,</strong></span> <span class='ocrx_word' id='word_1_355' title='bbox 942 3857 1029 3937; x_wconf 81' lang='lat' dir='ltr'><strong>&#39;quod</strong></span> <span class='ocrx_word' id='word_1_356' title='bbox 1059 3859 1194 3918; x_wconf 89' lang='lat' dir='ltr'><strong>minister</strong></span> <span class='ocrx_word' id='word_1_357' title='bbox 1220 3855 1423 3922; x_wconf 82' lang='lat' dir='ltr'><strong>intentionem</strong></span> 
     </span>
     <span class='ocr_line' id='line_1_41' title="bbox 348 3939 1424 4021; baseline 0.006 -22"><span class='ocrx_word' id='word_1_358' title='bbox 348 3939 540 4002; x_wconf 89' lang='lat' dir='ltr'><strong>habeatserio</strong></span> <span class='ocrx_word' id='word_1_359' title='bbox 556 3939 727 4021; x_wconf 78' lang='lat' dir='ltr'><strong>perficiendi</strong></span> <span class='ocrx_word' id='word_1_360' title='bbox 744 3941 836 4002; x_wconf 91' lang='lat' dir='ltr'><strong>ritum</strong></span> <span class='ocrx_word' id='word_1_361' title='bbox 855 3950 1027 4018; x_wconf 80' lang='lat' dir='ltr'><strong>externum,</strong></span> <span class='ocrx_word' id='word_1_362' title='bbox 1038 3941 1093 4018; x_wconf 83' lang='lat' dir='ltr'><strong>qni</strong></span> <span class='ocrx_word' id='word_1_363' title='bbox 1113 3941 1151 4001; x_wconf 86' lang='lat' dir='ltr'><strong>ab</strong></span> <span class='ocrx_word' id='word_1_364' title='bbox 1161 3940 1280 4002; x_wconf 79' lang='lat' dir='ltr'><strong>eeclesia</strong></span> <span class='ocrx_word' id='word_1_365' title='bbox 1292 3941 1424 4004; x_wconf 89' lang='lat' dir='ltr'><strong>adhibe-</strong></span> 
     </span>
     <span class='ocr_line' id='line_1_42' title="bbox 346 4023 1423 4103; baseline 0.005 -22"><span class='ocrx_word' id='word_1_366' title='bbox 346 4029 410 4102; x_wconf 90' lang='lat' dir='ltr'><strong>tur,</strong></span> <span class='ocrx_word' id='word_1_367' title='bbox 435 4041 612 4103; x_wconf 82' lang='lat' dir='ltr'><strong>quamquam</strong></span> <span class='ocrx_word' id='word_1_368' title='bbox 640 4023 764 4086; x_wconf 86' lang='lat' dir='ltr'><strong>interius</strong></span> <span class='ocrx_word' id='word_1_369' title='bbox 788 4023 866 4084; x_wconf 86' lang='lat' dir='ltr'><strong>dieat</strong></span> <span class='ocrx_word' id='word_1_370' title='bbox 892 4042 924 4084; x_wconf 87' lang='lat' dir='ltr'><strong>se</strong></span> <span class='ocrx_word' id='word_1_371' title='bbox 947 4023 1025 4085; x_wconf 87' lang='lat' dir='ltr'><strong>nolle</strong></span> <span class='ocrx_word' id='word_1_372' title='bbox 1052 4023 1147 4084; x_wconf 81' lang='lat' dir='ltr'><strong>iacere</strong></span> <span class='ocrx_word' id='word_1_373' title='bbox 1167 4023 1248 4102; x_wconf 80' lang='lat' dir='ltr'><strong>quad</strong></span> <span class='ocrx_word' id='word_1_374' title='bbox 1271 4025 1341 4086; x_wconf 87' lang='lat' dir='ltr'><strong>laeit</strong></span> <span class='ocrx_word' id='word_1_375' title='bbox 1370 4043 1423 4086; x_wconf 84' lang='lat' dir='ltr'><strong>er-</strong></span> 
     </span>
    </p>
   </div>
   <div class='ocr_carea' id='block_1_10' title="bbox 0 0 1558 5184">
    <p class='ocr_par' dir='ltr' id='par_1_10' title="bbox 0 0 1558 5184">
     <span class='ocr_line' id='line_1_43' title="bbox 0 0 1558 5184; baseline 0 0"><span class='ocrx_word' id='word_1_376' title='bbox 0 0 1558 5184; x_wconf 95' lang='lat' dir='ltr'><strong> </strong></span> 
     </span>
    </p>
   </div>
  </div>
 </body>
</html>
