3122 5178
497 842 696 930 οΑΡυΤ
737 841 790 928 ΙΙ.

398 1037 437 1102 Ite
448 1037 561 1104 Buluie
574 1039 703 1122 {tegimine
719 1047 743 1104 et
758 1039 887 1104 Potcrtrte.

125 1338 177 1390 tu.
185 1337 296 1408 Regimen
305 1339 330 1390 in
337 1338 440 1390 ecclesie
452 1339 623 1392 necessarium.
685 1341 748 1392 xxt.
762 1339 827 1391 ttihit
839 1338 975 1392 currulium
986 1339 1107 1409 penante.

125 1404 189 1454 xt'n.
199 1405 272 1466 Quale
282 1405 329 1456 hoc
339 1405 386 1454 sit?
686 1407 752 1458 xxtt
764 1417 789 1458 ct
800 1405 886 1456 xxttt.
908 1405 980 1467 Quod
1001 1421 1096 1458 summo
1118 1405 1181 1458 Pon·

126 1469 202 1520 tvm.
215 1469 477 1521 Nonbenrocraticum.
786 1471 845 1522 utu
857 1471 947 1522 nubent.

127 1532 183 1585 xlx.
203 1535 283 1603 Neque
305 1535 513 1608 Aristocraticum,
547 1535 591 1588 ted
687 1535 772 1588 XXIV.
794 1535 885 1586 Verum
909 1534 1046 1586 Concilium
1071 1536 1183 1602 generale

217 1601 401 1652 liouarchieum.
804 1611 889 1651 contra
903 1599 1045 1652 Pontificem
1058 1610 1122 1652 utare
1133 1616 1183 1651 uon

128 1661 176 1714 XX.
187 1663 324 1716 Honarcbiae
341 1667 402 1717 nihil
421 1665 527 1718 detrahit
544 1667 608 1735 epit·
805 1675 893 1734 potest.

221 1745 329 1798 troporum
338 1741 455 1801 potestat.

570 1870 601 1972 r.
629 1871 721 1944 xvr.

170 2041 328 2116 Hrorrrus
355 2069 430 2142 qnae
459 2069 532 2116 reru
565 2043 706 2117 ecclesie
746 2059 862 2117 nutura
901 2047 966 2135 sit,
1000 2059 1034 2116 et
1065 2043 1183 2142 quibus

126 2165 156 2209 ot
190 2145 270 2214 notis
316 2145 480 2238 signisque
524 2159 697 2233 noscatur,
737 2144 968 2241 exposuimus;
1011 2169 1102 2214 nuno
1142 2141 1184 2214 de

126 2238 186 2335 ejus
211 2256 371 2336 potestate
399 2239 615 2337 disputemus.
644 2239 761 2339 Neque
791 2245 880 2312 enim
913 2241 1046 2312 societas
1074 2239 1185 2310 homi·

128 2361 215 2426 num,
236 2338 341 2435 qualis
368 2338 502 2410 ecclesia
530 2355 597 2429 est,
632 2353 736 2430 sture,
768 2342 942 2412 consistere
966 2353 1094 2435 potest,
1124 2341 1185 2410 nisi

127 2434 239 2530 imperii
273 2439 469 2508 auctoritate
500 2438 725 2527 contineatur,
760 2453 794 2508 et
824 2439 886 2507 nisi
922 2435 1009 2530 leges
1047 2435 1182 2525 habent,

126 2531 229 2624 quibus
255 2560 292 2605 ee
326 2549 458 2628 regetur
491 2551 525 2605 et
553 2534 671 2630 quibus
704 2559 817 2606 omnes
847 2549 994 2632 pareunt.
1034 2533 1082 2602 Ex
1118 2559 1185 2630 quo

125 2627 325 2725 intelligitur,
352 2657 422 2702 esse
443 2633 479 2702 in
510 2631 642 2704 ecclesia
668 2631 915 2705 condendarum
938 2631 1048 2727 legum
1072 2648 1185 2728 potes-

126 2740 226 2798 tatem.

161 2821 193 2990 ἓ
221 2824 334 2896 xvu.
365 2823 450 2896 Nam
478 2823 625 2898 Christus
649 2852 725 2899 cum
753 2825 902 2900 homines
932 2825 1098 2921 prefecit,
1128 2829 1185 2922 qui

124 2923 170 2990 ris'
193 2921 267 2996 ilem
304 2921 473 2996 ecclesium
513 2923 681 2996 visibiliter
720 2937 891 3020 regerent,
937 2926 973 2992 in
1004 2949 1057 2996 eos
1088 2924 1186 2994 etium

123 3019 247 3090 contulit
287 3023 488 3116 imperium,
526 3047 593 3120 quc
638 3047 747 3094 cerere
790 3046 859 3093 non
899 3036 1007 3117 potest
1041 3023 1185 3118 quisquis

123 3119 250 3188 societati
275 3118 454 3214 praescctus
482 3143 595 3190 curare
621 3118 743 3210 debet,
776 3135 815 3190 ut
844 3145 881 3189 ee
913 3121 1046 3215 optimis
1078 3117 1187 3188 ubun-

124 3211 173 3283 det
192 3213 334 3310 legibus,
368 3231 403 3286 et
434 3218 602 3307 institutis,
637 3232 735 3314 utque
766 3231 804 3287 ut
827 3217 933 3312 poenis
965 3217 1064 3286 etium
1092 3241 1187 3287 cocr-

124 3328 268 3403 ceantur,
297 3315 358 3409 qui
387 3337 457 3384 non
491 3313 723 3410 obtemperant
748 3312 889 3408 legibus,
926 3313 1045 3409 quibus
1075 3314 1188 3409 reipu-

124 3405 206 3480 hlieae
232 3411 322 3482 selus
358 3426 392 3481 et
423 3408 630 3482 incolumitas
663 3413 862 3482 continetur.
899 3409 1066 3505 Regendae
1099 3411 1187 3481 enim

124 3509 270 3578 societatis
295 3533 426 3578 summe
457 3521 523 3578 totu
545 3523 594 3579 est
621 3511 724 3604 posite
752 3511 786 3578 in
828 3508 1012 3604 imperandi
1044 3509 1189 3606 punien-

124 3600 210 3701 dique
244 3619 434 3702 potcrtute;
480 3631 552 3676 eam
580 3603 727 3676 Christus
767 3605 909 3678 ecclcsiae
940 3604 1054 3695 dedit,
1086 3627 1189 3700 euque

127 3723 241 3799 semper
287 3701 429 3798 apostoli
468 3705 633 3800 ceterique
683 3705 846 3800 episcopi,
889 3704 1073 3800 praesertim
1115 3723 1190 3769 vero

128 3793 253 3871 Romani
276 3797 458 3871 Pontifices
481 3801 529 3871 usi
552 3815 630 3871 sunt
654 3799 721 3897 (i).

160 3992 198 4073 [1)
214 3995 323 4057 eonter
340 3993 464 4074 Doujut‚
482 3997 613 4057 Proeuot.
634 4013 758 4072 conon„
777 3992 828 4058 tit.
846 3997 946 4076 irup.
962 3995 996 4069 25
1011 4009 1072 4070 pree
1088 3989 1191 4051 ceteris
