<?xml version="1.0" encoding="UTF-8"?>
<!DOCTYPE html PUBLIC "-//W3C//DTD XHTML 1.0 Transitional//EN"
    "http://www.w3.org/TR/xhtml1/DTD/xhtml1-transitional.dtd">
<html xmlns="http://www.w3.org/1999/xhtml" xml:lang="en" lang="en">
 <head>
  <title>
</title>
<meta http-equiv="Content-Type" content="text/html;charset=utf-8" />
  <meta name='ocr-system' content='tesseract 3.04.00' />
  <meta name='ocr-capabilities' content='ocr_page ocr_carea ocr_par ocr_line ocrx_word'/>
</head>
<body>
  <div class='ocr_page' id='page_1' title='image "./institutionumca00devogoog_0077.png"; bbox 0 0 3122 5178; ppageno 0'>
   <div class='ocr_carea' id='block_1_1' title="bbox 809 381 1004 454">
    <p class='ocr_par' dir='ltr' id='par_1_1' title="bbox 809 381 1004 454">
     <span class='ocr_line' id='line_1_1' title="bbox 809 381 1004 454; baseline -0.015 0"><span class='ocrx_word' id='word_1_1' title='bbox 809 381 1004 454; x_wconf 74' lang='lat' dir='ltr'><strong>-.7e-</strong></span> 
     </span>
    </p>
   </div>
   <div class='ocr_carea' id='block_1_2' title="bbox 370 527 1534 1020">
    <p class='ocr_par' dir='ltr' id='par_1_2' title="bbox 370 521 1534 1020">
     <span class='ocr_line' id='line_1_2' title="bbox 373 527 1442 630; baseline -0.005 -28"><span class='ocrx_word' id='word_1_2' title='bbox 373 549 447 621; x_wconf 83' lang='lat' dir='ltr'><strong>tur,</strong></span> <span class='ocrx_word' id='word_1_3' title='bbox 476 529 533 602; x_wconf 89' lang='lat' dir='ltr'><strong>sed</strong></span> <span class='ocrx_word' id='word_1_4' title='bbox 565 545 603 600; x_wconf 90' lang='lat' dir='ltr'><strong>ut</strong></span> <span class='ocrx_word' id='word_1_5' title='bbox 628 527 740 600; x_wconf 75' lang='lat' dir='ltr'><strong>miritis</strong></span> <span class='ocrx_word' id='word_1_6' title='bbox 780 555 820 600; x_wconf 84' lang='lat' dir='ltr'><strong>ex</strong></span> <span class='ocrx_word' id='word_1_7' title='bbox 857 531 957 600; x_wconf 87' lang='lat' dir='ltr'><strong>causis</strong></span> <span class='ocrx_word' id='word_1_8' title='bbox 990 545 1061 600; x_wconf 91' lang='lat' dir='ltr'><strong>turn</strong></span> <span class='ocrx_word' id='word_1_9' title='bbox 1095 555 1167 620; x_wconf 89' lang='lat' dir='ltr'><strong>eos,</strong></span> <span class='ocrx_word' id='word_1_10' title='bbox 1203 546 1274 601; x_wconf 91' lang='lat' dir='ltr'><strong>tum</strong></span> <span class='ocrx_word' id='word_1_11' title='bbox 1311 529 1442 630; x_wconf 87' lang='lat' dir='ltr'><strong>judiees</strong></span> 
     </span>
     <span class='ocr_line' id='line_1_3' title="bbox 370 625 1534 718; baseline -0.003 -19"><span class='ocrx_word' id='word_1_12' title='bbox 370 629 464 700; x_wconf 88' lang='lat' dir='ltr'><strong>liceat</strong></span> <span class='ocrx_word' id='word_1_13' title='bbox 488 654 645 700; x_wconf 85' lang='lat' dir='ltr'><strong>recusare.</strong></span> <span class='ocrx_word' id='word_1_14' title='bbox 671 625 754 704; x_wconf 88' lang='lat' dir='ltr'><strong>Cum</strong></span> <span class='ocrx_word' id='word_1_15' title='bbox 778 629 853 699; x_wconf 84' lang='lat' dir='ltr'><strong>haee</strong></span> <span class='ocrx_word' id='word_1_16' title='bbox 867 651 999 698; x_wconf 85' lang='lat' dir='ltr'><strong>summa</strong></span> <span class='ocrx_word' id='word_1_17' title='bbox 1021 631 1079 718; x_wconf 89' lang='lat' dir='ltr'><strong>sit,</strong></span> <span class='ocrx_word' id='word_1_18' title='bbox 1106 644 1140 698; x_wconf 90' lang='lat' dir='ltr'><strong>et</strong></span> <span class='ocrx_word' id='word_1_19' title='bbox 1164 629 1217 700; x_wconf 91' lang='lat' dir='ltr'><strong>hio</strong></span> <span class='ocrx_word' id='word_1_20' title='bbox 1233 627 1308 700; x_wconf 88' lang='lat' dir='ltr'><strong>linis</strong></span> <span class='ocrx_word' id='word_1_21' title='bbox 1339 632 1441 700; x_wconf 90' lang='lat' dir='ltr'><strong>totius</strong></span> <span class='ocrx_word' id='word_1_22' title='bbox 1533 693 1534 696; x_wconf 74' lang='grc'>,</span> 
     </span>
     <span class='ocr_line' id='line_1_4' title="bbox 373 721 1534 824; baseline 0.003 -26"><span class='ocrx_word' id='word_1_23' title='bbox 373 726 589 818; x_wconf 89' lang='lat' dir='ltr'><strong>collectionis,</strong></span> <span class='ocrx_word' id='word_1_24' title='bbox 615 729 686 824; x_wconf 90' lang='lat' dir='ltr'><strong>quis</strong></span> <span class='ocrx_word' id='word_1_25' title='bbox 708 750 777 796; x_wconf 91' lang='lat' dir='ltr'><strong>non</strong></span> <span class='ocrx_word' id='word_1_26' title='bbox 796 723 887 797; x_wconf 80' lang='lat' dir='ltr'><strong>facile</strong></span> <span class='ocrx_word' id='word_1_27' title='bbox 910 725 1078 822; x_wconf 79' lang='lat' dir='ltr'><strong>intelligit,</strong></span> <span class='ocrx_word' id='word_1_28' title='bbox 1103 725 1137 796; x_wconf 91' lang='lat' dir='ltr'><strong>id</strong></span> <span class='ocrx_word' id='word_1_29' title='bbox 1164 727 1224 798; x_wconf 88' lang='lat' dir='ltr'><strong>sibi</strong></span> <span class='ocrx_word' id='word_1_30' title='bbox 1248 755 1350 799; x_wconf 93' lang='lat' dir='ltr'><strong>unum</strong></span> <span class='ocrx_word' id='word_1_31' title='bbox 1373 727 1440 797; x_wconf 87' lang='lat' dir='ltr'><strong>fal-</strong></span> <span class='ocrx_word' id='word_1_32' title='bbox 1533 721 1534 802; x_wconf 63' lang='grc' dir='ltr'>ζ</span> 
     </span>
     <span class='ocr_line' id='line_1_5' title="bbox 373 821 1534 922; baseline 0.001 -27"><span class='ocrx_word' id='word_1_33' title='bbox 373 827 416 896; x_wconf 89' lang='lat' dir='ltr'><strong>sis</strong></span> <span class='ocrx_word' id='word_1_34' title='bbox 443 825 506 896; x_wconf 91' lang='lat' dir='ltr'><strong>illis</strong></span> <span class='ocrx_word' id='word_1_35' title='bbox 534 823 695 896; x_wconf 81' lang='lat' dir='ltr'><strong>mercibus</strong></span> <span class='ocrx_word' id='word_1_36' title='bbox 722 823 858 894; x_wconf 85' lang='lat' dir='ltr'><strong>voluisse</strong></span> <span class='ocrx_word' id='word_1_37' title='bbox 881 821 1060 915; x_wconf 88' lang='lat' dir='ltr'><strong>Isidorum,</strong></span> <span class='ocrx_word' id='word_1_38' title='bbox 1083 839 1122 894; x_wconf 93' lang='lat' dir='ltr'><strong>ut</strong></span> <span class='ocrx_word' id='word_1_39' title='bbox 1147 824 1328 898; x_wconf 85' lang='lat' dir='ltr'><strong>consuleret</strong></span> <span class='ocrx_word' id='word_1_40' title='bbox 1351 827 1441 922; x_wconf 91' lang='lat' dir='ltr'><strong>epis-</strong></span> <span class='ocrx_word' id='word_1_41' title='bbox 1533 827 1534 880; x_wconf 67' lang='grc' dir='ltr'>ἐ</span> 
     </span>
     <span class='ocr_line' id='line_1_6' title="bbox 374 921 944 1020; baseline -0.007 -26"><span class='ocrx_word' id='word_1_42' title='bbox 374 925 482 1020; x_wconf 90' lang='lat' dir='ltr'><strong>copis,</strong></span> <span class='ocrx_word' id='word_1_43' title='bbox 514 925 571 1020; x_wconf 90' lang='lat' dir='ltr'><strong>qui</strong></span> <span class='ocrx_word' id='word_1_44' title='bbox 601 921 836 994; x_wconf 81' lang='lat' dir='ltr'><strong>accusabantur</strong></span> <span class='ocrx_word' id='word_1_45' title='bbox 865 921 944 1019; x_wconf 62' lang='lat' dir='ltr'><strong>(lp</strong></span> 
     </span>
    </p>
   </div>
   <div class='ocr_carea' id='block_1_3' title="bbox 414 1182 1439 1266">
    <p class='ocr_par' dir='ltr' id='par_1_3' title="bbox 414 1159 1534 1266">
     <span class='ocr_line' id='line_1_7' title="bbox 414 1182 1439 1266; baseline -0.026 -1"><span class='ocrx_word' id='word_1_46' title='bbox 414 1182 457 1266; x_wconf 57' lang='grc' dir='ltr'><strong>(ἲ)</strong></span> <span class='ocrx_word' id='word_1_47' title='bbox 468 1184 553 1261; x_wconf 76' lang='lat' dir='ltr'><strong>Qu⁰d</strong></span> <span class='ocrx_word' id='word_1_48' title='bbox 566 1185 639 1261; x_wconf 77' lang='lat' dir='ltr'><strong>lale,</strong></span> <span class='ocrx_word' id='word_1_49' title='bbox 656 1201 783 1262; x_wconf 85' lang='lat' dir='ltr'><strong>vereque</strong></span> <span class='ocrx_word' id='word_1_50' title='bbox 796 1183 955 1245; x_wconf 87' lang='lat' dir='ltr'><strong>ostendunt</strong></span> <span class='ocrx_word' id='word_1_51' title='bbox 967 1185 1071 1246; x_wconf 83' lang='lat' dir='ltr'><strong>fratres</strong></span> <span class='ocrx_word' id='word_1_52' title='bbox 1084 1185 1241 1256; x_wconf 87' lang='lat' dir='ltr'><strong>Ballerinii,</strong></span> <span class='ocrx_word' id='word_1_53' title='bbox 1257 1183 1290 1245; x_wconf 80' lang='lat' dir='ltr'><strong>iu</strong></span> <span class='ocrx_word' id='word_1_54' title='bbox 1301 1183 1351 1245; x_wconf 81' lang='lat' dir='ltr'><strong>cit.</strong></span> <span class='ocrx_word' id='word_1_55' title='bbox 1366 1203 1439 1266; x_wconf 87' lang='lat' dir='ltr'><strong>pur.</strong></span> 
     </span>
    </p>
   </div>
   <div class='ocr_carea' id='block_1_4' title="bbox 373 1263 1438 1432">
    <p class='ocr_par' dir='ltr' id='par_1_4' title="bbox 373 1263 1438 1432">
     <span class='ocr_line' id='line_1_8' title="bbox 375 1263 1437 1408; baseline 0 -80"><span class='ocrx_word' id='word_1_56' title='bbox 375 1268 471 1349; x_wconf 71' lang='lat' dir='ltr'><strong>scap.</strong></span> <span class='ocrx_word' id='word_1_57' title='bbox 485 1269 515 1342; x_wconf 83' lang='lat'><strong>6,</strong></span> <span class='ocrx_word' id='word_1_58' title='bbox 527 1264 553 1348; x_wconf 72' lang='lat' dir='ltr'><strong>S.</strong></span> <span class='ocrx_word' id='word_1_59' title='bbox 568 1268 681 1328; x_wconf 73' lang='lat' dir='ltr'><strong>tuum.</strong></span> <span class='ocrx_word' id='word_1_60' title='bbox 696 1269 735 1328; x_wconf 81' lang='lat'><strong>10</strong></span> <span class='ocrx_word' id='word_1_61' title='bbox 745 1285 816 1350; x_wconf 75' lang='lat' dir='ltr'><strong>pay.</strong></span> <span class='ocrx_word' id='word_1_62' title='bbox 831 1268 901 1343; x_wconf 71' lang='lat' dir='ltr'><strong>eto,</strong></span> <span class='ocrx_word' id='word_1_63' title='bbox 914 1274 943 1327; x_wconf 91' lang='lat' dir='ltr'><strong>et</strong></span> <span class='ocrx_word' id='word_1_64' title='bbox 954 1265 1068 1328; x_wconf 88' lang='lat' dir='ltr'><strong>Blnsous</strong></span> <span class='ocrx_word' id='word_1_65' title='bbox 1079 1263 1133 1330; x_wconf 82' lang='lat' dir='ltr'><strong>loe.</strong></span> <span class='ocrx_word' id='word_1_66' title='bbox 1146 1267 1207 1342; x_wconf 77' lang='lat' dir='ltr'><strong>eit,</strong></span> <span class='ocrx_word' id='word_1_67' title='bbox 1221 1283 1286 1348; x_wconf 82' lang='lat' dir='ltr'><strong>cup.</strong></span> <span class='ocrx_word' id='word_1_68' title='bbox 1298 1268 1316 1328; x_wconf 89' lang='grc'><strong>7</strong></span> <span class='ocrx_word' id='word_1_69' title='bbox 1326 1274 1437 1408; x_wconf 66' lang='lat' dir='ltr'><strong>etaep„</strong></span> 
     </span>
     <span class='ocr_line' id='line_1_9' title="bbox 373 1346 1438 1432; baseline -0.001 -23"><span class='ocrx_word' id='word_1_70' title='bbox 373 1367 443 1431; x_wconf 69' lang='lat' dir='ltr'><strong>puy.</strong></span> <span class='ocrx_word' id='word_1_71' title='bbox 460 1351 498 1410; x_wconf 70' lang='lat'><strong>62</strong></span> <span class='ocrx_word' id='word_1_72' title='bbox 513 1358 613 1432; x_wconf 83' lang='lat' dir='ltr'><strong>etseq.</strong></span> <span class='ocrx_word' id='word_1_73' title='bbox 640 1347 721 1410; x_wconf 90' lang='lat' dir='ltr'><strong>ldem</strong></span> <span class='ocrx_word' id='word_1_74' title='bbox 742 1347 829 1408; x_wconf 88' lang='lat' dir='ltr'><strong>etiam</strong></span> <span class='ocrx_word' id='word_1_75' title='bbox 843 1357 911 1409; x_wconf 89' lang='lat' dir='ltr'><strong>ante</strong></span> <span class='ocrx_word' id='word_1_76' title='bbox 929 1349 1008 1428; x_wconf 91' lang='lat' dir='ltr'><strong>ipsos</strong></span> <span class='ocrx_word' id='word_1_77' title='bbox 1016 1349 1217 1410; x_wconf 81' lang='lat' dir='ltr'><strong>observaverat</strong></span> <span class='ocrx_word' id='word_1_78' title='bbox 1231 1349 1372 1428; x_wconf 86' lang='lat' dir='ltr'><strong>Fleuryus</strong></span> <span class='ocrx_word' id='word_1_79' title='bbox 1397 1346 1438 1408; x_wconf 78' lang='lat' dir='ltr'><strong>ab.</strong></span> 
     </span>
    </p>
   </div>
   <div class='ocr_carea' id='block_1_5' title="bbox 363 1425 1534 1574">
    <p class='ocr_par' dir='ltr' id='par_1_5' title="bbox 363 1425 1534 1574">
     <span class='ocr_line' id='line_1_10' title="bbox 363 1425 1534 1574; baseline 0 -82"><span class='ocrx_word' id='word_1_80' title='bbox 363 1431 414 1492; x_wconf 79' lang='lat' dir='ltr'><strong>&#39;tt</strong></span> <span class='ocrx_word' id='word_1_81' title='bbox 428 1450 511 1492; x_wconf 86' lang='lat' dir='ltr'><strong>uum.</strong></span> <span class='ocrx_word' id='word_1_82' title='bbox 529 1425 819 1492; x_wconf 66' lang='lat' dir='ltr'><strong>resarciremus.</strong></span> <span class='ocrx_word' id='word_1_83' title='bbox 836 1431 882 1490; x_wconf 86' lang='lat' dir='ltr'><strong>La</strong></span> <span class='ocrx_word' id='word_1_84' title='bbox 917 1428 1073 1511; x_wconf 77' lang='lat' dir='ltr'><strong>rituipule,</strong></span> <span class='ocrx_word' id='word_1_85' title='bbox 1090 1431 1201 1574; x_wconf 63' lang='lat' dir='ltr'><strong>inspuit,</strong></span> <span class='ocrx_word' id='word_1_86' title='bbox 1212 1430 1332 1492; x_wconf 59' lang='lat' dir='ltr'><strong>mutere</strong></span> <span class='ocrx_word' id='word_1_87' title='bbox 1344 1427 1380 1490; x_wconf 87' lang='lat' dir='ltr'><strong>de</strong></span> <span class='ocrx_word' id='word_1_88' title='bbox 1393 1447 1440 1492; x_wconf 83' lang='lat' dir='ltr'><strong>res</strong></span> <span class='ocrx_word' id='word_1_89' title='bbox 1533 1457 1534 1462; x_wconf 44' lang='lat'>¹</span> 
     </span>
    </p>
   </div>
   <div class='ocr_carea' id='block_1_6' title="bbox 373 1509 1442 1596">
    <p class='ocr_par' dir='ltr' id='par_1_6' title="bbox 373 1509 1442 1596">
     <span class='ocr_line' id='line_1_11' title="bbox 373 1509 1442 1596; baseline 0 -23"><span class='ocrx_word' id='word_1_90' title='bbox 373 1509 530 1574; x_wconf 80' lang='lat' dir='ltr'><strong>decretales</strong></span> <span class='ocrx_word' id='word_1_91' title='bbox 545 1521 612 1574; x_wconf 90' lang='lat' dir='ltr'><strong>sout</strong></span> <span class='ocrx_word' id='word_1_92' title='bbox 625 1509 667 1575; x_wconf 79' lang='lat' dir='ltr'><strong>les</strong></span> <span class='ocrx_word' id='word_1_93' title='bbox 689 1512 872 1575; x_wconf 77' lang='lat' dir='ltr'><strong>ueuuotious</strong></span> <span class='ocrx_word' id='word_1_94' title='bbox 955 1515 1097 1596; x_wconf 79' lang='lat' dir='ltr'><strong>detques:</strong></span> <span class='ocrx_word' id='word_1_95' title='bbox 1119 1513 1132 1574; x_wconf 83' lang='lat' dir='ltr'><strong>i</strong></span> <span class='ocrx_word' id='word_1_96' title='bbox 1157 1511 1209 1596; x_wconf 75' lang='lat' dir='ltr'><strong>u’y</strong></span> <span class='ocrx_word' id='word_1_97' title='bbox 1224 1531 1261 1572; x_wconf 91' lang='lat' dir='ltr'><strong>eu</strong></span> <span class='ocrx_word' id='word_1_98' title='bbox 1283 1531 1303 1572; x_wconf 87' lang='lat' dir='ltr'><strong>a</strong></span> <span class='ocrx_word' id='word_1_99' title='bbox 1312 1529 1442 1594; x_wconf 66' lang='lat' dir='ltr'><strong>meaque</strong></span> 
     </span>
    </p>
   </div>
   <div class='ocr_carea' id='block_1_7' title="bbox 364 1589 1534 2014">
    <p class='ocr_par' dir='ltr' id='par_1_7' title="bbox 364 1589 1534 2014">
     <span class='ocr_line' id='line_1_12' title="bbox 374 1589 1534 1688; baseline -0.001 -34"><span class='ocrx_word' id='word_1_100' title='bbox 374 1613 489 1656; x_wconf 86' lang='lat' dir='ltr'><strong>oueuue</strong></span> <span class='ocrx_word' id='word_1_101' title='bbox 500 1595 554 1678; x_wconf 84' lang='lat' dir='ltr'><strong>qui</strong></span> <span class='ocrx_word' id='word_1_102' title='bbox 566 1593 634 1656; x_wconf 87' lang='lat' dir='ltr'><strong>u’eu</strong></span> <span class='ocrx_word' id='word_1_103' title='bbox 644 1593 743 1676; x_wconf 74' lang='lat' dir='ltr'><strong>parte,</strong></span> <span class='ocrx_word' id='word_1_104' title='bbox 760 1603 788 1654; x_wconf 86' lang='lat' dir='ltr'><strong>et</strong></span> <span class='ocrx_word' id='word_1_105' title='bbox 797 1594 852 1688; x_wconf 78' lang='lat' dir='ltr'><strong>pru&#39;</strong></span> <span class='ocrx_word' id='word_1_106' title='bbox 863 1612 900 1654; x_wconf 89' lang='lat' dir='ltr'><strong>ue</strong></span> <span class='ocrx_word' id='word_1_107' title='bbox 913 1592 1010 1656; x_wconf 79' lang='lat' dir='ltr'><strong>douae</strong></span> <span class='ocrx_word' id='word_1_108' title='bbox 1023 1593 1074 1655; x_wconf 86' lang='lat' dir='ltr'><strong>des</strong></span> <span class='ocrx_word' id='word_1_109' title='bbox 1087 1593 1179 1678; x_wconf 74' lang='lat' dir='ltr'><strong>reples</strong></span> <span class='ocrx_word' id='word_1_110' title='bbox 1231 1613 1269 1654; x_wconf 89' lang='lat' dir='ltr'><strong>ur</strong></span> <span class='ocrx_word' id='word_1_111' title='bbox 1280 1589 1319 1654; x_wconf 80' lang='lat' dir='ltr'><strong>lea</strong></span> <span class='ocrx_word' id='word_1_112' title='bbox 1333 1591 1441 1654; x_wconf 79' lang='lat' dir='ltr'><strong>rendre</strong></span> <span class='ocrx_word' id='word_1_113' title='bbox 1533 1619 1534 1676; x_wconf 72' lang='lat'>3</span> 
     </span>
     <span class='ocr_line' id='line_1_13' title="bbox 364 1672 1534 1759; baseline 0.003 -23"><span class='ocrx_word' id='word_1_114' title='bbox 364 1673 518 1757; x_wconf 79' lang='lat' dir='ltr'><strong>difficiles.</strong></span> <span class='ocrx_word' id='word_1_115' title='bbox 532 1675 622 1738; x_wconf 72' lang='lat' dir='ltr'><strong>aussi</strong></span> <span class='ocrx_word' id='word_1_116' title='bbox 633 1679 745 1739; x_wconf 85' lang='lat' dir='ltr'><strong>Isidore</strong></span> <span class='ocrx_word' id='word_1_117' title='bbox 754 1673 815 1758; x_wconf 78' lang='lat' dir='ltr'><strong>[ort</strong></span> <span class='ocrx_word' id='word_1_118' title='bbox 826 1693 908 1737; x_wconf 77' lang='lat' dir='ltr'><strong>assez</strong></span> <span class='ocrx_word' id='word_1_119' title='bbox 921 1676 986 1736; x_wconf 82' lang='lat' dir='ltr'><strong>vair</strong></span> <span class='ocrx_word' id='word_1_120' title='bbox 999 1674 1075 1736; x_wconf 85' lang='lat' dir='ltr'><strong>dous</strong></span> <span class='ocrx_word' id='word_1_121' title='bbox 1089 1674 1120 1736; x_wconf 86' lang='lat' dir='ltr'><strong>lu</strong></span> <span class='ocrx_word' id='word_1_122' title='bbox 1130 1678 1183 1757; x_wconf 77' lang='lat' dir='ltr'><strong>pre</strong></span> <span class='ocrx_word' id='word_1_123' title='bbox 1199 1694 1257 1753; x_wconf 85' lang='lat' dir='ltr'><strong>ore,</strong></span> <span class='ocrx_word' id='word_1_124' title='bbox 1273 1672 1348 1759; x_wconf 82' lang='lat' dir='ltr'><strong>qu’il</strong></span> <span class='ocrx_word' id='word_1_125' title='bbox 1360 1675 1443 1736; x_wconf 81' lang='lat' dir='ltr'><strong>ooor‘t</strong></span> <span class='ocrx_word' id='word_1_126' title='bbox 1533 1691 1534 1740; x_wconf 72' lang='lat' dir='ltr'><strong>t</strong></span> 
     </span>
     <span class='ocr_line' id='line_1_14' title="bbox 373 1754 1534 1840; baseline 0 -22"><span class='ocrx_word' id='word_1_127' title='bbox 373 1765 443 1818; x_wconf 84' lang='lat' dir='ltr'><strong>cette</strong></span> <span class='ocrx_word' id='word_1_128' title='bbox 456 1757 577 1818; x_wconf 63' lang='lat' dir='ltr'><strong>amatre</strong></span> <span class='ocrx_word' id='word_1_129' title='bbox 589 1754 653 1838; x_wconf 82' lang='lat' dir='ltr'><strong>fort</strong></span> <span class='ocrx_word' id='word_1_130' title='bbox 671 1763 690 1820; x_wconf 82' lang='lat' dir='ltr'><strong>d</strong></span> <span class='ocrx_word' id='word_1_131' title='bbox 707 1776 801 1832; x_wconf 59' lang='lat' dir='ltr'><strong>aarum</strong></span> <span class='ocrx_word' id='word_1_132' title='bbox 815 1765 845 1816; x_wconf 89' lang='lat' dir='ltr'><strong>et</strong></span> <span class='ocrx_word' id='word_1_133' title='bbox 859 1756 937 1817; x_wconf 89' lang='lat' dir='ltr'><strong>idem</strong></span> <span class='ocrx_word' id='word_1_134' title='bbox 949 1757 1084 1818; x_wconf 91' lang='lat' dir='ltr'><strong>similiter</strong></span> <span class='ocrx_word' id='word_1_135' title='bbox 1096 1776 1153 1818; x_wconf 87' lang='lat' dir='ltr'><strong>van</strong></span> <span class='ocrx_word' id='word_1_136' title='bbox 1169 1762 1262 1837; x_wconf 87' lang='lat' dir='ltr'><strong>Espen</strong></span> <span class='ocrx_word' id='word_1_137' title='bbox 1278 1760 1438 1840; x_wconf 82' lang='lat' dir='ltr'><strong>Comuteut.</strong></span> <span class='ocrx_word' id='word_1_138' title='bbox 1533 1763 1534 1834; x_wconf 80' lang='lat' dir='ltr'>j</span> 
     </span>
     <span class='ocr_line' id='line_1_15' title="bbox 373 1837 1534 1917; baseline 0.001 -18"><span class='ocrx_word' id='word_1_139' title='bbox 373 1839 407 1899; x_wconf 81' lang='lat' dir='ltr'><strong>iu</strong></span> <span class='ocrx_word' id='word_1_140' title='bbox 458 1847 521 1900; x_wconf 85' lang='lat' dir='ltr'><strong>oest.</strong></span> <span class='ocrx_word' id='word_1_141' title='bbox 537 1839 554 1897; x_wconf 89' lang='lat'><em>7</em></span> <span class='ocrx_word' id='word_1_142' title='bbox 569 1857 651 1899; x_wconf 83' lang='lat' dir='ltr'><strong>caus.</strong></span> <span class='ocrx_word' id='word_1_143' title='bbox 665 1843 696 1917; x_wconf 77' lang='lat'><strong>2,</strong></span> <span class='ocrx_word' id='word_1_144' title='bbox 711 1839 762 1899; x_wconf 92' lang='lat' dir='ltr'><strong>ubi</strong></span> <span class='ocrx_word' id='word_1_145' title='bbox 774 1837 812 1898; x_wconf 93' lang='lat' dir='ltr'><strong>de</strong></span> <span class='ocrx_word' id='word_1_146' title='bbox 826 1838 964 1899; x_wconf 87' lang='lat' dir='ltr'><strong>Gratiano</strong></span> <span class='ocrx_word' id='word_1_147' title='bbox 978 1837 1124 1898; x_wconf 85' lang='lat' dir='ltr'><strong>disserens</strong></span> <span class='ocrx_word' id='word_1_148' title='bbox 1137 1839 1253 1917; x_wconf 85' lang='lat' dir='ltr'><strong>inquit:</strong></span> <span class='ocrx_word' id='word_1_149' title='bbox 1267 1839 1322 1900; x_wconf 81' lang='lat' dir='ltr'><strong>llic</strong></span> <span class='ocrx_word' id='word_1_150' title='bbox 1332 1857 1440 1900; x_wconf 83' lang='lat' dir='ltr'><strong>rursus</strong></span> <span class='ocrx_word' id='word_1_151' title='bbox 1533 1905 1534 1908; x_wconf 46' lang='lat'><strong>,</strong></span> 
     </span>
     <span class='ocr_line' id='line_1_16' title="bbox 374 1917 1534 2014; baseline 0.001 -34"><span class='ocrx_word' id='word_1_152' title='bbox 374 1917 415 1981; x_wconf 85' lang='lat' dir='ltr'><strong>od</strong></span> <span class='ocrx_word' id='word_1_153' title='bbox 437 1921 498 1980; x_wconf 77' lang='lat' dir='ltr'><strong>urit</strong></span> <span class='ocrx_word' id='word_1_154' title='bbox 508 1917 777 2014; x_wconf 73' lang='lat' dir='ltr'><strong>oariosruputeutu</strong></span> <span class='ocrx_word' id='word_1_155' title='bbox 789 1917 932 2014; x_wconf 74' lang='lat' dir='ltr'><strong>fictorum</strong></span> <span class='ocrx_word' id='word_1_156' title='bbox 946 1917 1147 1997; x_wconf 78' lang='lat' dir='ltr'><strong>decretalium,</strong></span> <span class='ocrx_word' id='word_1_157' title='bbox 1162 1940 1228 2004; x_wconf 77' lang='lat' dir='ltr'><strong>quoe</strong></span> <span class='ocrx_word' id='word_1_158' title='bbox 1240 1921 1386 2004; x_wconf 73' lang='lat' dir='ltr'><strong>precipue</strong></span> <span class='ocrx_word' id='word_1_159' title='bbox 1399 1919 1441 1981; x_wconf 82' lang='lat' dir='ltr'><strong>od</strong></span> <span class='ocrx_word' id='word_1_160' title='bbox 1533 1931 1534 1940; x_wconf 67' lang='lat'><em>²</em></span> 
     </span>
    </p>
   </div>
   <div class='ocr_carea' id='block_1_8' title="bbox 374 1998 1439 2164">
    <p class='ocr_par' dir='ltr' id='par_1_8' title="bbox 374 1998 1439 2164">
     <span class='ocr_line' id='line_1_17' title="bbox 374 1998 1437 2086; baseline -0.001 -23"><span class='ocrx_word' id='word_1_161' title='bbox 374 1999 542 2063; x_wconf 80' lang='lat' dir='ltr'><strong>eeirueudos</strong></span> <span class='ocrx_word' id='word_1_162' title='bbox 557 2019 704 2086; x_wconf 79' lang='lat' dir='ltr'><strong>eptsoopos</strong></span> <span class='ocrx_word' id='word_1_163' title='bbox 717 1999 839 2062; x_wconf 82' lang='lat' dir='ltr'><strong>uberum</strong></span> <span class='ocrx_word' id='word_1_164' title='bbox 848 1998 999 2062; x_wconf 79' lang='lat' dir='ltr'><strong>criminali</strong></span> <span class='ocrx_word' id='word_1_165' title='bbox 998 2000 1271 2084; x_wconf 80' lang='lat' dir='ltr'><strong>judieioudoruatu</strong></span> <span class='ocrx_word' id='word_1_166' title='bbox 1281 2011 1437 2084; x_wconf 85' lang='lat' dir='ltr'><strong>apparent.</strong></span> 
     </span>
     <span class='ocr_line' id='line_1_18' title="bbox 374 2082 1439 2164; baseline -0.002 -18"><span class='ocrx_word' id='word_1_167' title='bbox 374 2082 432 2146; x_wconf 88' lang='lat' dir='ltr'><strong>Sed</strong></span> <span class='ocrx_word' id='word_1_168' title='bbox 445 2083 513 2143; x_wconf 86' lang='lat' dir='ltr'><strong>vide</strong></span> <span class='ocrx_word' id='word_1_169' title='bbox 527 2083 616 2144; x_wconf 82' lang='lat' dir='ltr'><strong>iidem</strong></span> <span class='ocrx_word' id='word_1_170' title='bbox 632 2095 662 2146; x_wconf 89' lang='lat' dir='ltr'><strong>et</strong></span> <span class='ocrx_word' id='word_1_171' title='bbox 681 2085 904 2146; x_wconf 84' lang='lat' dir='ltr'><strong>inconstantiam</strong></span> <span class='ocrx_word' id='word_1_172' title='bbox 918 2082 1061 2160; x_wconf 87' lang='lat' dir='ltr'><strong>hominis,</strong></span> <span class='ocrx_word' id='word_1_173' title='bbox 1085 2102 1173 2162; x_wconf 86' lang='lat' dir='ltr'><strong>quem</strong></span> <span class='ocrx_word' id='word_1_174' title='bbox 1195 2085 1271 2164; x_wconf 90' lang='lat' dir='ltr'><strong>rapit</strong></span> <span class='ocrx_word' id='word_1_175' title='bbox 1290 2085 1322 2144; x_wconf 91' lang='lat' dir='ltr'><strong>in</strong></span> <span class='ocrx_word' id='word_1_176' title='bbox 1339 2083 1439 2144; x_wconf 90' lang='lat' dir='ltr'><strong>sedem</strong></span> 
     </span>
    </p>
   </div>
   <div class='ocr_carea' id='block_1_9' title="bbox 373 2165 1534 2338">
    <p class='ocr_par' dir='ltr' id='par_1_9' title="bbox 373 2165 1534 2338">
     <span class='ocr_line' id='line_1_19' title="bbox 373 2165 1534 2245; baseline -0.003 -18"><span class='ocrx_word' id='word_1_177' title='bbox 373 2166 567 2245; x_wconf 82' lang='lat' dir='ltr'><strong>Apostolicam</strong></span> <span class='ocrx_word' id='word_1_178' title='bbox 580 2165 661 2228; x_wconf 87' lang='lat' dir='ltr'><strong>virus</strong></span> <span class='ocrx_word' id='word_1_179' title='bbox 674 2165 840 2226; x_wconf 84' lang='lat' dir='ltr'><strong>acerbitatis</strong></span> <span class='ocrx_word' id='word_1_180' title='bbox 859 2183 940 2226; x_wconf 75' lang='lat' dir='ltr'><strong>suae:</strong></span> <span class='ocrx_word' id='word_1_181' title='bbox 966 2165 1104 2227; x_wconf 88' lang='lat' dir='ltr'><strong>adversus</strong></span> <span class='ocrx_word' id='word_1_182' title='bbox 1122 2165 1211 2242; x_wconf 89' lang='lat' dir='ltr'><strong>banc,</strong></span> <span class='ocrx_word' id='word_1_183' title='bbox 1227 2185 1312 2244; x_wconf 88' lang='lat' dir='ltr'><strong>quam</strong></span> <span class='ocrx_word' id='word_1_184' title='bbox 1328 2165 1436 2243; x_wconf 88' lang='lat' dir='ltr'><strong>noscit,</strong></span> <span class='ocrx_word' id='word_1_185' title='bbox 1533 2213 1534 2238; x_wconf 62' lang='lat'><strong>,</strong></span> 
     </span>
     <span class='ocr_line' id='line_1_20' title="bbox 373 2243 1534 2338; baseline 0 -31"><span class='ocrx_word' id='word_1_186' title='bbox 373 2249 542 2323; x_wconf 84' lang='lat' dir='ltr'><strong>veritatem,</strong></span> <span class='ocrx_word' id='word_1_187' title='bbox 557 2249 654 2325; x_wconf 89' lang='lat' dir='ltr'><strong>inquit</strong></span> <span class='ocrx_word' id='word_1_188' title='bbox 667 2249 700 2309; x_wconf 84' lang='lat' dir='ltr'><strong>r&#39;u</strong></span> <span class='ocrx_word' id='word_1_189' title='bbox 712 2251 782 2308; x_wconf 82' lang='lat' dir='ltr'><strong>Juu.</strong></span> <span class='ocrx_word' id='word_1_190' title='bbox 796 2243 893 2309; x_wconf 72' lang='lat' dir='ltr'><strong>eodm.</strong></span> <span class='ocrx_word' id='word_1_191' title='bbox 906 2245 1054 2326; x_wconf 74' lang='lat' dir='ltr'><strong>univers,</strong></span> <span class='ocrx_word' id='word_1_192' title='bbox 1066 2266 1135 2328; x_wconf 85' lang='lat' dir='ltr'><strong>pur.</strong></span> <span class='ocrx_word' id='word_1_193' title='bbox 1153 2247 1228 2308; x_wconf 68' lang='lat' dir='ltr'><strong>deit.</strong></span> <span class='ocrx_word' id='word_1_194' title='bbox 1246 2250 1264 2308; x_wconf 79' lang='lat'>5</span> <span class='ocrx_word' id='word_1_195' title='bbox 1279 2267 1303 2308; x_wconf 86' lang='lat' dir='ltr'><strong>o.</strong></span> <span class='ocrx_word' id='word_1_196' title='bbox 1319 2249 1339 2307; x_wconf 77' lang='lat' dir='ltr'><strong>i</strong></span> <span class='ocrx_word' id='word_1_197' title='bbox 1352 2265 1436 2308; x_wconf 86' lang='lat' dir='ltr'><strong>uum.</strong></span> <span class='ocrx_word' id='word_1_198' title='bbox 1533 2319 1534 2338; x_wconf 58' lang='lat'><strong>,</strong></span> 
     </span>
    </p>
   </div>
   <div class='ocr_carea' id='block_1_10' title="bbox 375 2325 1441 2411">
    <p class='ocr_par' dir='ltr' id='par_1_10' title="bbox 375 2325 1441 2411">
     <span class='ocr_line' id='line_1_21' title="bbox 375 2325 1441 2411; baseline -0.001 -21"><span class='ocrx_word' id='word_1_199' title='bbox 375 2331 426 2404; x_wconf 83' lang='lat' dir='ltr'><strong>lb,</strong></span> <span class='ocrx_word' id='word_1_200' title='bbox 440 2329 628 2389; x_wconf 86' lang='lat' dir='ltr'><strong>isidorianam</strong></span> <span class='ocrx_word' id='word_1_201' title='bbox 641 2329 839 2391; x_wconf 87' lang='lat' dir='ltr'><strong>collectionem</strong></span> <span class='ocrx_word' id='word_1_202' title='bbox 843 2328 1188 2411; x_wconf 79' lang='lat' dir='ltr'><strong>pertinerepreeer&#39;pueod</strong></span> <span class='ocrx_word' id='word_1_203' title='bbox 1197 2325 1441 2411; x_wconf 77' lang='lat' dir='ltr'><strong>amplificandam</strong></span> 
     </span>
    </p>
   </div>
   <div class='ocr_carea' id='block_1_11' title="bbox 372 2407 1534 4046">
    <p class='ocr_par' dir='ltr' id='par_1_11' title="bbox 372 2407 1534 4046">
     <span class='ocr_line' id='line_1_22' title="bbox 373 2407 1534 2492; baseline -0.002 -20"><span class='ocrx_word' id='word_1_204' title='bbox 373 2409 451 2472; x_wconf 83' lang='lat' dir='ltr'><strong>sadis</strong></span> <span class='ocrx_word' id='word_1_205' title='bbox 465 2407 641 2492; x_wconf 67' lang='lat' dir='ltr'><strong>apostolicae</strong></span> <span class='ocrx_word' id='word_1_206' title='bbox 655 2410 873 2474; x_wconf 82' lang='lat' dir='ltr'><strong>auctoritatem.</strong></span> <span class='ocrx_word' id='word_1_207' title='bbox 890 2410 1055 2473; x_wconf 79' lang='lat' dir='ltr'><strong>Falsitatem</strong></span> <span class='ocrx_word' id='word_1_208' title='bbox 1076 2421 1349 2486; x_wconf 88' lang='lat' dir='ltr'><strong>monumentorum,</strong></span> <span class='ocrx_word' id='word_1_209' title='bbox 1373 2429 1440 2489; x_wconf 78' lang='lat' dir='ltr'><strong>quae</strong></span> <span class='ocrx_word' id='word_1_210' title='bbox 1533 2409 1534 2432; x_wconf 72' lang='lat'>³</span> 
     </span>
     <span class='ocr_line' id='line_1_23' title="bbox 374 2491 1534 2572; baseline -0.001 -19"><span class='ocrx_word' id='word_1_211' title='bbox 374 2491 533 2553; x_wconf 87' lang='lat' dir='ltr'><strong>isidoriana</strong></span> <span class='ocrx_word' id='word_1_212' title='bbox 548 2493 677 2554; x_wconf 86' lang='lat' dir='ltr'><strong>collectio</strong></span> <span class='ocrx_word' id='word_1_213' title='bbox 691 2491 908 2571; x_wconf 86' lang='lat' dir='ltr'><strong>complectitur,</strong></span> <span class='ocrx_word' id='word_1_214' title='bbox 924 2501 1032 2572; x_wconf 83' lang='lat' dir='ltr'><strong>praeter</strong></span> <span class='ocrx_word' id='word_1_215' title='bbox 1048 2493 1255 2569; x_wconf 88' lang='lat' dir='ltr'><strong>llincmarum,</strong></span> <span class='ocrx_word' id='word_1_216' title='bbox 1271 2501 1440 2570; x_wconf 86' lang='lat' dir='ltr'><strong>ceterosque</strong></span> <span class='ocrx_word' id='word_1_217' title='bbox 1533 2541 1534 2544; x_wconf 63' lang='lat'><strong>,</strong></span> 
     </span>
     <span class='ocr_line' id='line_1_24' title="bbox 374 2573 1534 2656; baseline 0.002 -23"><span class='ocrx_word' id='word_1_218' title='bbox 374 2574 568 2652; x_wconf 85' lang='lat' dir='ltr'><strong>antiquiores,</strong></span> <span class='ocrx_word' id='word_1_219' title='bbox 595 2581 778 2656; x_wconf 79' lang='lat' dir='ltr'><strong>agnoverunt</strong></span> <span class='ocrx_word' id='word_1_220' title='bbox 803 2576 891 2635; x_wconf 88' lang='lat' dir='ltr'><strong>etiam</strong></span> <span class='ocrx_word' id='word_1_221' title='bbox 917 2582 1005 2654; x_wconf 86' lang='lat' dir='ltr'><strong>atque</strong></span> <span class='ocrx_word' id='word_1_222' title='bbox 1036 2574 1204 2636; x_wconf 88' lang='lat' dir='ltr'><strong>indicarunt</strong></span> <span class='ocrx_word' id='word_1_223' title='bbox 1227 2593 1264 2635; x_wconf 87' lang='lat' dir='ltr'><strong>ex</strong></span> <span class='ocrx_word' id='word_1_224' title='bbox 1293 2573 1440 2635; x_wconf 83' lang='lat' dir='ltr'><strong>catholicis</strong></span> <span class='ocrx_word' id='word_1_225' title='bbox 1533 2605 1534 2652; x_wconf 81' lang='lat'>1</span> 
     </span>
     <span class='ocr_line' id='line_1_25' title="bbox 373 2656 1437 2737; baseline 0.005 -21"><span class='ocrx_word' id='word_1_226' title='bbox 373 2656 516 2718; x_wconf 82' lang='lat' dir='ltr'><strong>Antonius</strong></span> <span class='ocrx_word' id='word_1_227' title='bbox 530 2659 667 2735; x_wconf 89' lang='lat' dir='ltr'><strong>Contius,</strong></span> <span class='ocrx_word' id='word_1_228' title='bbox 683 2657 828 2720; x_wconf 81' lang='lat' dir='ltr'><strong>Antonius</strong></span> <span class='ocrx_word' id='word_1_229' title='bbox 841 2657 1036 2737; x_wconf 76' lang='lat' dir='ltr'><strong>Augustinus,</strong></span> <span class='ocrx_word' id='word_1_230' title='bbox 1052 2657 1262 2730; x_wconf 86' lang='lat' dir='ltr'><strong>Bellarminus,</strong></span> <span class='ocrx_word' id='word_1_231' title='bbox 1278 2657 1437 2732; x_wconf 72' lang='lat' dir='ltr'><strong>limenius,</strong></span> 
     </span>
     <span class='ocr_line' id='line_1_26' title="bbox 373 2737 1534 2817; baseline -0.001 -19"><span class='ocrx_word' id='word_1_232' title='bbox 373 2739 546 2814; x_wconf 89' lang='lat' dir='ltr'><strong>Perronins‚</strong></span> <span class='ocrx_word' id='word_1_233' title='bbox 567 2743 670 2800; x_wconf 88' lang='lat' dir='ltr'><strong>Petrus</strong></span> <span class='ocrx_word' id='word_1_234' title='bbox 691 2739 729 2800; x_wconf 90' lang='lat' dir='ltr'><strong>de</strong></span> <span class='ocrx_word' id='word_1_235' title='bbox 760 2741 871 2816; x_wconf 83' lang='lat' dir='ltr'><strong>Marce,</strong></span> <span class='ocrx_word' id='word_1_236' title='bbox 891 2737 1058 2817; x_wconf 79' lang='lat' dir='ltr'><strong>cajetanus,</strong></span> <span class='ocrx_word' id='word_1_237' title='bbox 1081 2739 1207 2800; x_wconf 81' lang='lat' dir='ltr'><strong>cennius</strong></span> <span class='ocrx_word' id='word_1_238' title='bbox 1231 2739 1339 2816; x_wconf 80' lang='lat' dir='ltr'><strong>aliique</strong></span> <span class='ocrx_word' id='word_1_239' title='bbox 1361 2755 1439 2798; x_wconf 90' lang='lat' dir='ltr'><strong>eom-</strong></span> <span class='ocrx_word' id='word_1_240' title='bbox 1533 2797 1534 2806; x_wconf 65' lang='grc'>,</span> 
     </span>
     <span class='ocr_line' id='line_1_27' title="bbox 373 2819 1534 2902; baseline -0.003 -23"><span class='ocrx_word' id='word_1_241' title='bbox 373 2820 482 2900; x_wconf 89' lang='lat' dir='ltr'><strong>plures.</strong></span> <span class='ocrx_word' id='word_1_242' title='bbox 507 2823 630 2902; x_wconf 78' lang='lat' dir='ltr'><strong>Egregie</strong></span> <span class='ocrx_word' id='word_1_243' title='bbox 652 2839 716 2882; x_wconf 91' lang='lat' dir='ltr'><strong>rem</strong></span> <span class='ocrx_word' id='word_1_244' title='bbox 737 2819 814 2881; x_wconf 88' lang='lat' dir='ltr'><strong>hane</strong></span> <span class='ocrx_word' id='word_1_245' title='bbox 833 2820 1000 2881; x_wconf 88' lang='lat' dir='ltr'><strong>universam</strong></span> <span class='ocrx_word' id='word_1_246' title='bbox 1015 2828 1231 2899; x_wconf 86' lang='lat' dir='ltr'><strong>persequuntur</strong></span> <span class='ocrx_word' id='word_1_247' title='bbox 1247 2822 1351 2882; x_wconf 82' lang='lat' dir='ltr'><strong>fratres</strong></span> <span class='ocrx_word' id='word_1_248' title='bbox 1372 2819 1440 2880; x_wconf 90' lang='lat' dir='ltr'><strong>Bal·</strong></span> <span class='ocrx_word' id='word_1_249' title='bbox 1533 2831 1534 2876; x_wconf 77' lang='lat' dir='ltr'><strong>l</strong></span> 
     </span>
     <span class='ocr_line' id='line_1_28' title="bbox 372 2899 1534 2978; baseline 0 -18"><span class='ocrx_word' id='word_1_250' title='bbox 372 2902 486 2977; x_wconf 90' lang='lat' dir='ltr'><strong>lerinii,</strong></span> <span class='ocrx_word' id='word_1_251' title='bbox 502 2903 617 2963; x_wconf 89' lang='lat' dir='ltr'><strong>Blaseus</strong></span> <span class='ocrx_word' id='word_1_252' title='bbox 640 2899 694 2963; x_wconf 79' lang='lat' dir='ltr'><strong>loo.</strong></span> <span class='ocrx_word' id='word_1_253' title='bbox 719 2903 780 2978; x_wconf 77' lang='lat' dir='ltr'><strong>eit,</strong></span> <span class='ocrx_word' id='word_1_254' title='bbox 800 2907 830 2961; x_wconf 87' lang='lat' dir='ltr'><strong>et</strong></span> <span class='ocrx_word' id='word_1_255' title='bbox 853 2902 1022 2963; x_wconf 86' lang='lat' dir='ltr'><strong>Franciseus</strong></span> <span class='ocrx_word' id='word_1_256' title='bbox 1036 2903 1178 2964; x_wconf 76' lang='lat' dir='ltr'><strong>Antonius</strong></span> <span class='ocrx_word' id='word_1_257' title='bbox 1198 2902 1329 2962; x_wconf 86' lang='lat' dir='ltr'><strong>Zaccarie</strong></span> <span class='ocrx_word' id='word_1_258' title='bbox 1353 2899 1439 2961; x_wconf 75' lang='lat' dir='ltr'><strong>riuti·</strong></span> <span class='ocrx_word' id='word_1_259' title='bbox 1533 2911 1534 2936; x_wconf 65' lang='lat'>¹</span> 
     </span>
     <span class='ocr_line' id='line_1_29' title="bbox 374 2979 1534 3062; baseline 0 -18"><span class='ocrx_word' id='word_1_260' title='bbox 374 2979 510 3058; x_wconf 71' lang='lat' dir='ltr'><strong>Febrem,</strong></span> <span class='ocrx_word' id='word_1_261' title='bbox 534 2991 605 3044; x_wconf 85' lang='lat' dir='ltr'><strong>tom.</strong></span> <span class='ocrx_word' id='word_1_262' title='bbox 622 2985 641 3043; x_wconf 70' lang='lat'><strong>2</strong></span> <span class='ocrx_word' id='word_1_263' title='bbox 658 2982 775 3044; x_wconf 71' lang='lat' dir='ltr'><strong>desecet.</strong></span> <span class='ocrx_word' id='word_1_264' title='bbox 789 2984 819 3044; x_wconf 76' lang='lat'><strong>5.</strong></span> <span class='ocrx_word' id='word_1_265' title='bbox 836 2986 989 3060; x_wconf 84' lang='lat' dir='ltr'><strong>Ceterum,</strong></span> <span class='ocrx_word' id='word_1_266' title='bbox 1005 2990 1039 3044; x_wconf 88' lang='lat' dir='ltr'><strong>ut</strong></span> <span class='ocrx_word' id='word_1_267' title='bbox 1053 2983 1114 3062; x_wconf 87' lang='lat' dir='ltr'><strong>ipse</strong></span> <span class='ocrx_word' id='word_1_268' title='bbox 1127 2984 1235 3044; x_wconf 88' lang='lat' dir='ltr'><strong>latetur</strong></span> <span class='ocrx_word' id='word_1_269' title='bbox 1246 2983 1339 3045; x_wconf 89' lang='lat' dir='ltr'><strong>David</strong></span> <span class='ocrx_word' id='word_1_270' title='bbox 1353 2983 1440 3045; x_wconf 79' lang='lat' dir='ltr'><strong>lilon-</strong></span> <span class='ocrx_word' id='word_1_271' title='bbox 1533 2983 1534 2992; x_wconf 77' lang='grc'>’</span> 
     </span>
     <span class='ocr_line' id='line_1_30' title="bbox 374 3063 1534 3142; baseline 0.001 -18"><span class='ocrx_word' id='word_1_272' title='bbox 374 3063 485 3140; x_wconf 90' lang='lat' dir='ltr'><strong>dcllus,</strong></span> <span class='ocrx_word' id='word_1_273' title='bbox 503 3063 550 3125; x_wconf 92' lang='lat' dir='ltr'><strong>his</strong></span> <span class='ocrx_word' id='word_1_274' title='bbox 564 3064 757 3126; x_wconf 86' lang='lat' dir='ltr'><strong>decretalibus</strong></span> <span class='ocrx_word' id='word_1_275' title='bbox 771 3065 998 3142; x_wconf 83' lang='lat' dir='ltr'><strong>infensissimus,</strong></span> <span class='ocrx_word' id='word_1_276' title='bbox 1011 3084 1112 3127; x_wconf 90' lang='lat' dir='ltr'><strong>omnes</strong></span> <span class='ocrx_word' id='word_1_277' title='bbox 1133 3067 1195 3127; x_wconf 88' lang='lat' dir='ltr'><strong>lere</strong></span> <span class='ocrx_word' id='word_1_278' title='bbox 1211 3083 1246 3126; x_wconf 87' lang='lat' dir='ltr'><strong>ex</strong></span> <span class='ocrx_word' id='word_1_279' title='bbox 1264 3085 1317 3126; x_wconf 72' lang='lat' dir='ltr'><strong>teu</strong></span> <span class='ocrx_word' id='word_1_280' title='bbox 1337 3083 1438 3126; x_wconf 87' lang='lat' dir='ltr'><strong>eorum</strong></span> <span class='ocrx_word' id='word_1_281' title='bbox 1533 3087 1534 3134; x_wconf 66' lang='lat'><em>3</em></span> 
     </span>
     <span class='ocr_line' id='line_1_31' title="bbox 373 3147 1534 3227; baseline 0.004 -22"><span class='ocrx_word' id='word_1_282' title='bbox 373 3153 555 3225; x_wconf 91' lang='lat' dir='ltr'><strong>temporum,</strong></span> <span class='ocrx_word' id='word_1_283' title='bbox 580 3155 666 3225; x_wconf 87' lang='lat' dir='ltr'><strong>atque</strong></span> <span class='ocrx_word' id='word_1_284' title='bbox 685 3165 721 3208; x_wconf 82' lang='lat' dir='ltr'><strong>ex</strong></span> <span class='ocrx_word' id='word_1_285' title='bbox 738 3148 814 3207; x_wconf 83' lang='lat' dir='ltr'><strong>reris</strong></span> <span class='ocrx_word' id='word_1_286' title='bbox 836 3148 1031 3227; x_wconf 86' lang='lat' dir='ltr'><strong>posteriorum</strong></span> <span class='ocrx_word' id='word_1_287' title='bbox 1059 3147 1241 3226; x_wconf 91' lang='lat' dir='ltr'><strong>aliorumque</strong></span> <span class='ocrx_word' id='word_1_288' title='bbox 1264 3152 1439 3226; x_wconf 89' lang='lat' dir='ltr'><strong>scriptorum</strong></span> <span class='ocrx_word' id='word_1_289' title='bbox 1533 3193 1534 3210; x_wconf 44' lang='lat' dir='ltr'><strong>i</strong></span> 
     </span>
     <span class='ocr_line' id='line_1_32' title="bbox 374 3227 1534 3307; baseline 0.001 -19"><span class='ocrx_word' id='word_1_290' title='bbox 374 3227 511 3307; x_wconf 90' lang='lat' dir='ltr'><strong>operibus</strong></span> <span class='ocrx_word' id='word_1_291' title='bbox 526 3237 659 3307; x_wconf 86' lang='lat' dir='ltr'><strong>excerpta</strong></span> <span class='ocrx_word' id='word_1_292' title='bbox 674 3237 762 3306; x_wconf 87' lang='lat' dir='ltr'><strong>sunt,</strong></span> <span class='ocrx_word' id='word_1_293' title='bbox 776 3237 863 3307; x_wconf 80' lang='lat' dir='ltr'><strong>atque</strong></span> <span class='ocrx_word' id='word_1_294' title='bbox 876 3231 908 3290; x_wconf 91' lang='lat' dir='ltr'><strong>in</strong></span> <span class='ocrx_word' id='word_1_295' title='bbox 928 3247 962 3289; x_wconf 91' lang='lat' dir='ltr'><strong>eo</strong></span> <span class='ocrx_word' id='word_1_296' title='bbox 983 3229 1039 3290; x_wconf 85' lang='lat' dir='ltr'><strong>fuit</strong></span> <span class='ocrx_word' id='word_1_297' title='bbox 1053 3230 1131 3290; x_wconf 86' lang='lat' dir='ltr'><strong>lraus</strong></span> <span class='ocrx_word' id='word_1_298' title='bbox 1145 3229 1262 3306; x_wconf 92' lang='lat' dir='ltr'><strong>lsidori,</strong></span> <span class='ocrx_word' id='word_1_299' title='bbox 1278 3229 1357 3307; x_wconf 87' lang='lat' dir='ltr'><strong>quod</strong></span> <span class='ocrx_word' id='word_1_300' title='bbox 1377 3229 1439 3306; x_wconf 90' lang='lat' dir='ltr'><strong>ipse</strong></span> <span class='ocrx_word' id='word_1_301' title='bbox 1533 3229 1534 3302; x_wconf 68' lang='lat' dir='ltr'><strong>i</strong></span> 
     </span>
     <span class='ocr_line' id='line_1_33' title="bbox 373 3310 1534 3398; baseline 0.001 -28"><span class='ocrx_word' id='word_1_302' title='bbox 373 3328 421 3371; x_wconf 87' lang='lat' dir='ltr'><strong>eas</strong></span> <span class='ocrx_word' id='word_1_303' title='bbox 441 3311 598 3370; x_wconf 89' lang='lat' dir='ltr'><strong>sententias</strong></span> <span class='ocrx_word' id='word_1_304' title='bbox 619 3311 654 3370; x_wconf 91' lang='lat' dir='ltr'><strong>iis</strong></span> <span class='ocrx_word' id='word_1_305' title='bbox 665 3310 831 3371; x_wconf 88' lang='lat' dir='ltr'><strong>auctoribus</strong></span> <span class='ocrx_word' id='word_1_306' title='bbox 846 3311 1017 3390; x_wconf 87' lang='lat' dir='ltr'><strong>adscripsit,</strong></span> <span class='ocrx_word' id='word_1_307' title='bbox 1031 3329 1157 3389; x_wconf 89' lang='lat' dir='ltr'><strong>quorum</strong></span> <span class='ocrx_word' id='word_1_308' title='bbox 1170 3329 1271 3372; x_wconf 78' lang='lat' dir='ltr'><strong>revera</strong></span> <span class='ocrx_word' id='word_1_309' title='bbox 1282 3327 1341 3372; x_wconf 90' lang='lat' dir='ltr'><strong>non</strong></span> <span class='ocrx_word' id='word_1_310' title='bbox 1353 3317 1437 3388; x_wconf 85' lang='lat' dir='ltr'><strong>sunt,</strong></span> <span class='ocrx_word' id='word_1_311' title='bbox 1533 3373 1534 3398; x_wconf 22' lang='grc'>1</span> 
     </span>
     <span class='ocr_line' id='line_1_34' title="bbox 374 3391 1534 3471; baseline 0.007 -21"><span class='ocrx_word' id='word_1_312' title='bbox 374 3401 403 3451; x_wconf 90' lang='lat' dir='ltr'><strong>et</strong></span> <span class='ocrx_word' id='word_1_313' title='bbox 422 3392 614 3452; x_wconf 85' lang='lat' dir='ltr'><strong>recentiorem</strong></span> <span class='ocrx_word' id='word_1_314' title='bbox 636 3391 819 3470; x_wconf 89' lang='lat' dir='ltr'><strong>disciplinam</strong></span> <span class='ocrx_word' id='word_1_315' title='bbox 832 3395 959 3471; x_wconf 87' lang='lat' dir='ltr'><strong>antiquis</strong></span> <span class='ocrx_word' id='word_1_316' title='bbox 974 3392 1110 3453; x_wconf 89' lang='lat' dir='ltr'><strong>Patribus</strong></span> <span class='ocrx_word' id='word_1_317' title='bbox 1123 3393 1272 3471; x_wconf 88' lang='lat' dir='ltr'><strong>attribuit,</strong></span> <span class='ocrx_word' id='word_1_318' title='bbox 1293 3393 1375 3471; x_wconf 90' lang='lat' dir='ltr'><strong>quasi</strong></span> <span class='ocrx_word' id='word_1_319' title='bbox 1389 3409 1440 3452; x_wconf 85' lang='lat' dir='ltr'><strong>ee-</strong></span> <span class='ocrx_word' id='word_1_320' title='bbox 1533 3399 1534 3458; x_wconf 50' lang='lat' dir='ltr'><strong>i</strong></span> 
     </span>
     <span class='ocr_line' id='line_1_35' title="bbox 374 3461 1534 3554; baseline 0.002 -21"><span class='ocrx_word' id='word_1_321' title='bbox 374 3473 441 3533; x_wconf 90' lang='lat' dir='ltr'><strong>dem</strong></span> <span class='ocrx_word' id='word_1_322' title='bbox 457 3473 544 3534; x_wconf 86' lang='lat' dir='ltr'><strong>etiam</strong></span> <span class='ocrx_word' id='word_1_323' title='bbox 565 3481 651 3534; x_wconf 86' lang='lat' dir='ltr'><strong>antea</strong></span> <span class='ocrx_word' id='word_1_324' title='bbox 671 3474 825 3554; x_wconf 80' lang='lat' dir='ltr'><strong>viguisset3</strong></span> <span class='ocrx_word' id='word_1_325' title='bbox 850 3474 929 3552; x_wconf 90' lang='lat' dir='ltr'><strong>quod</strong></span> <span class='ocrx_word' id='word_1_326' title='bbox 954 3483 1034 3534; x_wconf 89' lang='lat' dir='ltr'><strong>recte</strong></span> <span class='ocrx_word' id='word_1_327' title='bbox 1059 3475 1146 3534; x_wconf 88' lang='lat' dir='ltr'><strong>etism</strong></span> <span class='ocrx_word' id='word_1_328' title='bbox 1173 3475 1328 3536; x_wconf 87' lang='lat' dir='ltr'><strong>observant</strong></span> <span class='ocrx_word' id='word_1_329' title='bbox 1351 3481 1440 3551; x_wconf 80' lang='lat' dir='ltr'><strong>atque</strong></span> <span class='ocrx_word' id='word_1_330' title='bbox 1533 3461 1534 3522; x_wconf 48' lang='lat' dir='ltr'><strong>i</strong></span> 
     </span>
     <span class='ocr_line' id='line_1_36' title="bbox 374 3553 1534 3639; baseline 0.002 -25"><span class='ocrx_word' id='word_1_331' title='bbox 374 3555 575 3616; x_wconf 89' lang='lat' dir='ltr'><strong>demonstrant</strong></span> <span class='ocrx_word' id='word_1_332' title='bbox 595 3557 700 3616; x_wconf 87' lang='lat' dir='ltr'><strong>fratres</strong></span> <span class='ocrx_word' id='word_1_333' title='bbox 713 3555 862 3617; x_wconf 89' lang='lat' dir='ltr'><strong>Ballerinii</strong></span> <span class='ocrx_word' id='word_1_334' title='bbox 885 3553 938 3618; x_wconf 82' lang='lat' dir='ltr'><strong>loo.</strong></span> <span class='ocrx_word' id='word_1_335' title='bbox 954 3555 1014 3634; x_wconf 77' lang='lat' dir='ltr'><strong>cit,</strong></span> <span class='ocrx_word' id='word_1_336' title='bbox 1033 3553 1060 3637; x_wconf 87' lang='lat'><strong>§.</strong></span> <span class='ocrx_word' id='word_1_337' title='bbox 1082 3559 1200 3618; x_wconf 72' lang='lat' dir='ltr'><strong>duum.</strong></span> <span class='ocrx_word' id='word_1_338' title='bbox 1217 3559 1252 3618; x_wconf 86' lang='lat' dir='ltr'><strong>ll</strong></span> <span class='ocrx_word' id='word_1_339' title='bbox 1275 3574 1346 3639; x_wconf 73' lang='lat' dir='ltr'><strong>paq.</strong></span> <span class='ocrx_word' id='word_1_340' title='bbox 1359 3556 1436 3632; x_wconf 66' lang='lat'><strong>221,</strong></span> <span class='ocrx_word' id='word_1_341' title='bbox 1533 3555 1534 3560; x_wconf 73' lang='grc'>’</span> 
     </span>
     <span class='ocr_line' id='line_1_37' title="bbox 374 3633 1534 3722; baseline 0.002 -24"><span class='ocrx_word' id='word_1_342' title='bbox 374 3634 448 3698; x_wconf 87' lang='lat' dir='ltr'><strong>etde</strong></span> <span class='ocrx_word' id='word_1_343' title='bbox 459 3644 563 3718; x_wconf 86' lang='lat' dir='ltr'><strong>potest.</strong></span> <span class='ocrx_word' id='word_1_344' title='bbox 576 3633 674 3698; x_wconf 82' lang='lat' dir='ltr'><strong>eccles.</strong></span> <span class='ocrx_word' id='word_1_345' title='bbox 689 3655 834 3698; x_wconf 84' lang='lat' dir='ltr'><strong>sumator.</strong></span> <span class='ocrx_word' id='word_1_346' title='bbox 857 3637 994 3720; x_wconf 84' lang='lat' dir='ltr'><strong>Poutific.</strong></span> <span class='ocrx_word' id='word_1_347' title='bbox 1009 3647 1037 3698; x_wconf 90' lang='lat' dir='ltr'><strong>et</strong></span> <span class='ocrx_word' id='word_1_348' title='bbox 1056 3635 1157 3700; x_wconf 79' lang='lat' dir='ltr'><strong>mucii.</strong></span> <span class='ocrx_word' id='word_1_349' title='bbox 1167 3657 1267 3722; x_wconf 71' lang='lat' dir='ltr'><strong>peuer.</strong></span> <span class='ocrx_word' id='word_1_350' title='bbox 1282 3638 1315 3699; x_wconf 84' lang='lat' dir='ltr'><strong>r&#39;u</strong></span> <span class='ocrx_word' id='word_1_351' title='bbox 1327 3635 1437 3699; x_wconf 77' lang='lat' dir='ltr'><strong>oiudio.</strong></span> <span class='ocrx_word' id='word_1_352' title='bbox 1533 3643 1534 3700; x_wconf 83' lang='lat' dir='ltr'>J</span> 
     </span>
     <span class='ocr_line' id='line_1_38' title="bbox 374 3717 1534 3815; baseline 0 -37"><span class='ocrx_word' id='word_1_353' title='bbox 374 3725 488 3780; x_wconf 85' lang='lat' dir='ltr'><strong>auctor.</strong></span> <span class='ocrx_word' id='word_1_354' title='bbox 505 3717 652 3801; x_wconf 67' lang='lat' dir='ltr'><strong>Poutifie,</strong></span> <span class='ocrx_word' id='word_1_355' title='bbox 669 3736 735 3800; x_wconf 87' lang='lat' dir='ltr'><strong>rap.</strong></span> <span class='ocrx_word' id='word_1_356' title='bbox 761 3717 818 3800; x_wconf 62' lang='grc' dir='ltr'><strong>ὃς.</strong></span> <span class='ocrx_word' id='word_1_357' title='bbox 836 3721 938 3801; x_wconf 68' lang='lat' dir='ltr'><strong>lpop.</strong></span> <span class='ocrx_word' id='word_1_358' title='bbox 963 3721 1021 3781; x_wconf 80' lang='lat' dir='ltr'><strong>let</strong></span> <span class='ocrx_word' id='word_1_359' title='bbox 1044 3727 1072 3780; x_wconf 90' lang='lat' dir='ltr'><strong>et</strong></span> <span class='ocrx_word' id='word_1_360' title='bbox 1093 3739 1165 3815; x_wconf 68' lang='lat' dir='ltr'><strong>sep,</strong></span> <span class='ocrx_word' id='word_1_361' title='bbox 1186 3717 1256 3782; x_wconf 83' lang='lat' dir='ltr'><strong>adit.</strong></span> <span class='ocrx_word' id='word_1_362' title='bbox 1271 3721 1348 3803; x_wconf 74' lang='lat' dir='ltr'><strong>Asty.</strong></span> <span class='ocrx_word' id='word_1_363' title='bbox 1368 3719 1439 3782; x_wconf 87' lang='lat' dir='ltr'><strong>Vr&#39;u-</strong></span> <span class='ocrx_word' id='word_1_364' title='bbox 1533 3753 1534 3802; x_wconf 51' lang='lat' dir='ltr'><strong>p</strong></span> 
     </span>
     <span class='ocr_line' id='line_1_39' title="bbox 374 3797 1439 3881; baseline 0 -21"><span class='ocrx_word' id='word_1_365' title='bbox 374 3797 458 3862; x_wconf 82' lang='lat' dir='ltr'><strong>delio.</strong></span> <span class='ocrx_word' id='word_1_366' title='bbox 477 3801 566 3860; x_wconf 72' lang='lat'><strong>1770.</strong></span> <span class='ocrx_word' id='word_1_367' title='bbox 585 3805 627 3861; x_wconf 79' lang='lat' dir='ltr'><strong>lix</strong></span> <span class='ocrx_word' id='word_1_368' title='bbox 644 3801 752 3879; x_wconf 91' lang='lat' dir='ltr'><strong>quibus</strong></span> <span class='ocrx_word' id='word_1_369' title='bbox 765 3800 954 3881; x_wconf 79' lang='lat' dir='ltr'><strong>intelligitur,</strong></span> <span class='ocrx_word' id='word_1_370' title='bbox 982 3819 1069 3879; x_wconf 88' lang='lat' dir='ltr'><strong>quam</strong></span> <span class='ocrx_word' id='word_1_371' title='bbox 1087 3803 1202 3880; x_wconf 83' lang='lat' dir='ltr'><strong>inJustee</strong></span> <span class='ocrx_word' id='word_1_372' title='bbox 1223 3819 1363 3881; x_wconf 77' lang='lat' dir='ltr'><strong>vaneque</strong></span> <span class='ocrx_word' id='word_1_373' title='bbox 1380 3801 1439 3876; x_wconf 86' lang='lat' dir='ltr'><strong>sint</strong></span> 
     </span>
     <span class='ocr_line' id='line_1_40' title="bbox 375 3881 1534 3966; baseline 0.001 -24"><span class='ocrx_word' id='word_1_374' title='bbox 375 3883 568 3960; x_wconf 77' lang='lat' dir='ltr'><strong>querimoniae</strong></span> <span class='ocrx_word' id='word_1_375' title='bbox 605 3881 737 3962; x_wconf 74' lang='lat' dir='ltr'><strong>aspecti,</strong></span> <span class='ocrx_word' id='word_1_376' title='bbox 773 3882 927 3958; x_wconf 85' lang='lat' dir='ltr'><strong>Febronii‚</strong></span> <span class='ocrx_word' id='word_1_377' title='bbox 965 3883 1081 3962; x_wconf 84' lang='lat' dir='ltr'><strong>Eybeli,</strong></span> <span class='ocrx_word' id='word_1_378' title='bbox 1123 3891 1287 3944; x_wconf 88' lang='lat' dir='ltr'><strong>ceterorum</strong></span> <span class='ocrx_word' id='word_1_379' title='bbox 1324 3883 1439 3964; x_wconf 78' lang='lat' dir='ltr'><strong>generis</strong></span> <span class='ocrx_word' id='word_1_380' title='bbox 1533 3907 1534 3966; x_wconf 32' lang='grc' dir='ltr'>ᾗ</span> 
     </span>
     <span class='ocr_line' id='line_1_41' title="bbox 376 3963 1534 4046; baseline 0.007 -24"><span class='ocrx_word' id='word_1_381' title='bbox 376 3963 517 4043; x_wconf 86' lang='lat' dir='ltr'><strong>ejusdem,</strong></span> <span class='ocrx_word' id='word_1_382' title='bbox 532 3964 582 4045; x_wconf 84' lang='lat' dir='ltr'><strong>qui</strong></span> <span class='ocrx_word' id='word_1_383' title='bbox 604 3983 657 4044; x_wconf 88' lang='lat' dir='ltr'><strong>per</strong></span> <span class='ocrx_word' id='word_1_384' title='bbox 671 3963 845 4028; x_wconf 80' lang='lat' dir='ltr'><strong>isidorianas</strong></span> <span class='ocrx_word' id='word_1_385' title='bbox 866 3963 1024 4028; x_wconf 84' lang='lat' dir='ltr'><strong>decretales</strong></span> <span class='ocrx_word' id='word_1_386' title='bbox 1043 3965 1149 4028; x_wconf 78' lang='lat' dir='ltr'><strong>fractos</strong></span> <span class='ocrx_word' id='word_1_387' title='bbox 1169 3973 1275 4046; x_wconf 86' lang='lat' dir='ltr'><strong>putant</strong></span> <span class='ocrx_word' id='word_1_388' title='bbox 1296 3965 1439 4028; x_wconf 86' lang='lat' dir='ltr'><strong>eeclesias·</strong></span> <span class='ocrx_word' id='word_1_389' title='bbox 1533 3977 1534 4030; x_wconf 74' lang='grc' dir='ltr'>ξ</span> 
     </span>
    </p>
   </div>
   <div class='ocr_carea' id='block_1_12' title="bbox 0 0 1567 5178">
    <p class='ocr_par' dir='ltr' id='par_1_12' title="bbox 0 0 1567 5178">
     <span class='ocr_line' id='line_1_42' title="bbox 0 0 1567 5178; baseline 0 0"><span class='ocrx_word' id='word_1_390' title='bbox 0 0 1567 5178; x_wconf 95' lang='lat' dir='ltr'><strong> </strong></span> 
     </span>
    </p>
   </div>
  </div>
 </body>
</html>
