3140 5168
824 443 870 456 —
899 403 1045 474 504-

396 577 489 624 oausa
516 552 696 650 perlectum
715 567 749 622 et
777 567 1039 624 consummatum
1066 549 1196 622 dicitur.
1222 547 1306 620 Nam
1333 563 1456 644 propter

396 665 647 740 sacramentum,
683 647 772 747 quod
801 653 937 746 gratiam
966 649 1111 738 confert,
1136 652 1280 745 itemque
1307 645 1350 718 ob
1376 645 1456 718 civile

398 749 584 843 negotium,
605 750 702 818 etiam
722 764 831 820 ratum
855 748 1037 847 perfectum
1055 763 1219 820 consetur.

444 892 475 995 §.
512 895 598 968 cvl.
633 896 690 968 Est
711 899 789 969 item
820 899 1067 970 matrimonium
1111 921 1246 984 rerum,
1290 919 1456 992 praesump

398 1009 489 1084 tum,
519 997 716 1092 putativum.
746 995 870 1067 Verum
904 995 1043 1085 dicitur,
1087 993 1178 1093 quod
1217 995 1280 1063 rite
1311 1008 1347 1063 et
1381 1007 1455 1062 recte

400 1107 603 1164 contractum
626 1111 675 1164 est
689 1097 775 1166 inter
801 1097 904 1166 tirum
930 1110 964 1166 et
981 1093 1175 1176 mulierem,
1210 1115 1357 1188 quorum
1385 1105 1457 1158 uter-

425 1216 465 1261 ue
489 1191 527 1260 ad
555 1191 735 1289 nuptialem
759 1196 1028 1265 consociationem
1063 1207 1158 1290 aptus
1186 1207 1220 1261 et
1242 1188 1379 1260 idoneus
1404 1202 1454 1257 est.

399 1217 642 1387 iraesumptum
675 1290 873 1362 educebatur
909 1290 987 1364 olim
1018 1317 1056 1362 ex
1078 1291 1165 1384 juris
1193 1289 1455 1388 praesumptione:¹

402 1403 482 1484 puta
519 1391 545 1458 si
587 1405 661 1486 post
697 1415 890 1460 consensum
927 1387 969 1462 de
999 1389 1111 1462 futuro
1142 1385 1287 1458 ineundo
1322 1385 1457 1485 conjugio

402 1487 452 1556 vir
478 1511 552 1557 cum
585 1487 721 1560 muliere
746 1488 971 1560 concubuisset
996 1487 1064 1586 (1).
1096 1483 1162 1558 Sed
1185 1487 1262 1584 jure
1289 1509 1374 1556 novo
1397 1506 1458 1554 con·

403 1581 468 1654 cilii
491 1583 588 1656 Trid.
616 1585 742 1656 nullum
769 1585 831 1658 hoc
852 1589 1097 1658 matrimonium
1124 1600 1174 1654 est
1195 1582 1263 1679 (ἢ).
1287 1581 1456 1653 Putatirum

405 1707 574 1774 vocamus2
616 1683 706 1781 quod
733 1711 768 1756 re
810 1684 944 1782 quidem
974 1701 1023 1756 est
1053 1685 1182 1754 irritum
1207 1681 1249 1752 ob
1282 1682 1384 1752 latens
1411 1681 1458 1750 im·

406 1779 650 1876 pedimentum‚
693 1783 748 1853 sed
794 1786 900 1882 specie
939 1784 1042 1871 ralet3
1088 1784 1165 1878 quia
1204 1805 1314 1851 coram
1346 1779 1457 1850 ecelesia

405 1894 609 1950 contractum
645 1897 713 1972 est.,
759 1899 793 1954 et
833 1880 1106 1980 impedimentum
1146 1875 1198 1950 rel
1230 1895 1386 1974 uterque,
1419 1874 1458 1945 rel

404 1973 485 2045 alter
534 1980 710 2073 conjugum
750 1983 919 2078 ignoravit.
967 1979 1040 2050 Filii
1073 2003 1113 2048 ex
1158 1976 1219 2048 boc
1270 1976 1458 2049 matrimonio

405 2077 543 2170 suscepti
566 2075 704 2172 legitimi
725 2078 894 2154 habentur
918 2079 991 2177 (5),
1019 2093 1053 2149 et
1091 2075 1150 2148 dos
1171 2077 1236 2147 suis
1262 2073 1378 2174 gaudet
1404 2075 1458 2170 pri-

408 2171 542 2267 vilegiiS.

449 2337 490 2419 (1)
514 2339 1235 2424 Cop.lbct50despoot.etlilotr.5et6de
1258 2337 1458 2418 Condoppot.

409 2420 442 2480 iu
464 2419 599 2503 despotia.
623 2427 661 2484 tt
685 2423 781 2484 inanis
801 2433 921 2486 conatus
942 2423 980 2486 ad
999 2425 1131 2504 copulam
1146 2431 1350 2502 presumptum
1365 2419 1459 2480 matri-

408 2504 542 2564 monium
552 2523 611 2565 non
625 2505 769 2567 efficiebat
781 2525 849 2588 cop.
863 2509 902 2570 52
915 2503 973 2568 ult.
989 2505 1024 2568 dc
1040 2509 1063 2568 S
1100 2503 1178 2568 naal.

452 2584 492 2668 (2)
515 2589 601 2648 Cone.
618 2587 703 2650 Trid.
719 2607 790 2651 saca.
806 2591 846 2651 nt
859 2609 926 2671 cop.
944 2587 1009 2650 5818
1023 2607 1055 2650 re
1072 2607 1147 2650 orm.
1162 2583 1300 2648 matrim.

451 2669 493 2748 (5)
518 2671 590 2750 Gap.
609 2671 642 2730 11
662 2667 946 2754 9881111818118911.

459 2797 490 2900 §.
534 2797 651 2871 cvlll.
701 2799 769 2872 Nec
807 2801 1075 2898 praetereundum
1119 2801 1365 2872 matrimonium
1399 2821 1460 2866 cou-

412 2900 572 2990 scientia,
613 2897 703 2996 quod
734 2923 842 2970 coram
883 2899 1014 2972 ecclesia
1047 2899 1267 2987 contrabitur,
1314 2923 1351 2968 ea
1384 2894 1458 2990 lege,

413 3011 448 3067 ut
482 3022 609 3093 semper
643 2997 804 3068 occultum
850 3015 992 3068 maneat.
1042 2996 1289 3068 Matrimonium
1328 2994 1400 3082 boc,
1433 3007 1461 3062 ut

392 3111 520 3185 ,cetera
555 3095 803 3166 christianorum
831 3098 1038 3168 matrimonia
1074 3095 1183 3193 palam
1218 3119 1256 3166 ac
1289 3095 1350 3166 rite
1379 3093 1459 3176 inita,

414 3219 528 3264 verum
571 3209 618 3266 est
657 3211 892 3266 sacramentum
943 3193 1077 3292 (1),81
1116 3194 1329 3291 conjungitur
1372 3213 1461 3264 coram

414 3290 575 3388 parochoa
606 3317 643 3362 ac
673 3291 802 3366 duobus
831 3292 985 3382 testibus,
1014 3296 1070 3389 qui
1094 3317 1207 3364 omnes
1233 3294 1342 3362 arcani
1363 3287 1462 3360 silentii

412 3387 484 3484 lege
518 3387 767 3485 obstringuntur
803 3389 877 3485 (2);
912 3390 970 3462 sed
1021 3416 1040 3460 a
1077 3390 1208 3486 reliquis
1249 3387 1374 3480 differt,
1402 3387 1463 3482 quia

413 3485 616 3561 contrabitur
648 3491 770 3561 omissis
796 3489 901 3562 tribus
927 3487 1228 3562 denuntiationibus
1267 3487 1341 3585 (5),
1374 3507 1464 3580 neque

416 3601 618 3658 contractum
647 3586 839 3660 describitur
878 3591 913 3658 in
954 3587 1059 3678 libro,
1103 3612 1170 3685 quo
1219 3585 1376 3685 parochus
1410 3607 1465 3654 on·

415 3687 507 3758 nium
536 3688 743 3758 matrimonia
782 3685 933 3760 describit
976 3687 1044 3782 (4)
1081 3685 1157 3763 Non
1178 3709 1292 3762 omnes
1318 3686 1396 3756 inire
1419 3701 1464 3750 suo

415 3783 521 3856 lubitu
560 3801 696 3880 possunt
730 3783 795 3857 boc
833 3786 1080 3858 matrimonium
1114 3782 1223 3881 quod,
1269 3809 1345 3856 cum
1378 3775 1465 3852 octul-

417 3899 489 3952 tum
520 3885 579 3972 sit,
609 3885 716 3978 gratia
743 3882 826 3954 mala
846 3887 1022 3980 importare
1052 3897 1174 3980 potest,
1195 3881 1253 3953 sed
1271 3881 1313 3954 ab
1335 3881 1465 3978 episcopo

416 4005 457 4049 ex
483 3982 572 4078 justa
606 3984 759 4080 gravique
787 4007 881 4056 causa
905 3983 1106 4079 permittitur
1132 3979 1201 4077 (5).
1236 3979 1340 4079 Hujus
1376 3971 1465 4050 simite
