3134 5144
725 486 872 558 -228
900 529 949 542 —

301 645 409 719 potest.
427 637 565 698 latissime
580 635 722 713 ostendit,
739 637 778 697 te
793 636 950 716 discipulos
969 635 1048 696 haud
1065 635 1156 698 luisse
1174 636 1339 699 sacerdotes
1357 657 1376 698 a

304 721 420 781 Christo
437 721 624 795 constitutos,
644 718 733 799 idque
752 737 788 779 ex
802 737 837 780 eo
854 720 1016 798 praesertim
1030 718 1166 794 conticit,
1183 721 1262 797 quod
1281 721 1323 780 illi
1337 722 1378 782 ab

302 803 438 881 apostolis
454 802 567 864 diaconi
582 802 708 862 ordinati
723 801 844 862 sumunt
859 800 899 864 ab.
926 810 985 862 art.
1003 803 1033 862 5.
1056 802 1150 862 Facile
1171 819 1208 862 ex
1229 801 1275 862 bis
1289 804 1375 863 intel·

303 883 423 965 ligitur,
442 903 529 963 quam
547 884 611 944 leve
626 892 656 944 et
679 882 831 944 infirmum
858 886 896 946 sit
922 883 1168 959 fundamentum,
1194 901 1253 962 quo
1270 885 1378 944 nititur

304 968 403 1046 opinio
421 985 540 1044 corum,
560 968 611 1046 qui
628 966 813 1047 presbyteros
831 985 864 1026 ae
881 966 1043 1047 praesertim
1062 965 1204 1045 parochos
1221 967 1261 1028 72
1282 967 1377 1028 Disci-

304 1049 441 1128 pulorum
460 1049 555 1110 locum
572 1057 672 1108 tenere
694 1049 876 1125 existimant,
896 1047 975 1109 unde
991 1055 1130 1126 repetunt
1148 1049 1215 1127 jura
1232 1049 1377 1126 parocho-

302 1149 390 1207 rum,
413 1151 486 1210 quos
508 1149 582 1211 pene
602 1133 743 1210 episcopis
763 1147 847 1210 pares
864 1131 985 1192 iaciunt.
1004 1133 1074 1192 bate
1094 1129 1150 1190 boe
1169 1139 1377 1212 argumentum

304 1215 492 1294 persequitur
508 1215 650 1295 Corgnius
667 1213 806 1293 peculiari
827 1212 1045 1289 dissertatione,
1071 1231 1159 1292 quam
1177 1212 1332 1292 descripsit
1350 1218 1377 1276 ll

305 1305 385 1356 torno
399 1297 508 1375 operis,
528 1315 586 1375 quo
599 1295 666 1374 jura
681 1295 814 1356 defendit
831 1296 927 1374 episco
966 1313 1051 1370 rum3
1072 1303 1101 1354 et
1114 1293 1182 1354 aide
1200 1296 1287 1356 etiam
1309 1297 1378 1357 Bol-

305 1379 440 1459 genium,
468 1397 564 1439 esame
589 1374 670 1438 della
692 1396 764 1438 aero
787 1373 855 1438 ideo
876 1374 924 1438 del
936 1397 956 1437 o
973 1379 1006 1438 S.
1028 1375 1102 1438 Sede
1118 1394 1194 1471 paq.
1220 1379 1238 1438 7
1256 1386 1284 1438 et
1300 1397 1375 1462 seq,

305 1470 394 1539 atque
411 1469 559 1521 auctorem
574 1461 671 1540 operis
685 1457 721 1522 de
736 1457 887 1522 l’eutoritd
901 1457 952 1521 dea
970 1457 1049 1520 deun
1066 1477 1243 1541 wascones
1266 1467 1336 1521 mm.
1358 1463 1378 1522 2

303 1561 376 1626 por.
393 1544 493 1685 Scap.
513 1546 527 1604 1
546 1562 615 1626 por.
633 1545 664 1604 5.
682 1543 729 1604 Ad
754 1541 817 1604 baec
838 1549 952 1618 autem,
981 1560 1047 1620 qtae
1071 1541 1151 1616 dixi,
1176 1540 1290 1602 adverti
1310 1542 1381 1604 dili·

326 1632 409 1685 enter
424 1643 460 1686 vo
472 1645 505 1702 o,
526 1636 559 1686 ut
573 1625 709 1687 omnibus
720 1633 832 1708 pateat,
849 1643 915 1704 que
927 1641 997 1686 vera
1011 1625 1049 1685 sit
1062 1621 1151 1683 animi
1164 1625 1223 1684 mei
1234 1626 1380 1687 sententia

306 1645 1378 1868 lebtttlttttotttt‘tttttt‘tdattnltttttlt

649 1834 657 1864 ‚
1368 1834 1378 1851 .

306 1874 380 1934 Nam
403 1873 559 1952 scriptores
570 1871 720 1931 annalium
737 1871 996 1932 ecelesiasticorum
1013 1870 1184 1944 Florentiae,
1197 1871 1275 1950 quod
1288 1889 1377 1950 supe·

305 1953 378 2014 riori
409 1953 471 2015 loco
497 1953 617 2032 scripsi,
668 1951 735 2013 reeb
756 1961 834 2014 teros
859 1951 1009 2013 interdum
1041 1952 1178 2031 appellari
1213 1952 1377 2014 sacerdotes

306 2033 450 2097 secundos
473 2043 524 2095 aut
544 1973 668 2096 κακῶς
689 1971 821 2113 ordinis,
851 2044 885 2096 ut
911 2035 1129 2116 distinguantur
1156 2034 1193 2094 ab
1220 2036 1373 2116 episcopis,

308 2118 359 2196 qui
378 2115 491 2178 sumna
511 2115 677 2179 sacerdotes
700 2123 751 2178 aut
776 2114 942 2179 sacerdotes
965 2117 1061 2200 priam
1086 2115 1202 2178 ordinis
1222 2117 1375 2195 dicuntur,

308 2199 414 2260 exinde
432 2197 574 2260 conticere
592 2217 623 2260 se
640 2217 723 2280 posse
741 2207 933 2276 censuerunt,
952 2199 1118 2259 mcseetari
1142 2199 1243 2260 salsam
1261 2209 1380 2262 senmu-

269 2277 275 2285 '
308 2281 379 2342 tiam
395 2281 527 2358 illorum,
546 2282 597 2360 qui
612 2300 629 2342 a
643 2282 759 2343 Christo
776 2289 914 2362 repetunt
927 2281 1120 2360 parochorum
1132 2280 1379 2360 jurisdictionem.

310 2367 370 2444 Ego
385 2381 454 2423 vero
470 2381 518 2423 mc
535 2363 572 2423 ab
591 2363 644 2424 bae
661 2365 805 2425 sententia
818 2383 906 2444 quam
921 2364 1090 2445 longissime
1103 2363 1203 2424 abesse
1217 2364 1378 2442 profiteor,

309 2445 399 2523 idque
419 2445 488 2505 sotis
509 2464 557 2505 me
582 2445 758 2527 significasse
784 2445 913 2508 arbitror
927 2447 1107 2526 argumentis
1125 2446 1199 2522 illis,
1224 2465 1291 2525 quae
1313 2465 1381 2508 mox

309 2526 394 2587 attuli
413 2536 441 2587 et
461 2528 667 2606 scriptoribus,
684 2547 757 2607 quos
777 2547 815 2588 ne
835 2537 943 2607 preter
956 2529 1125 2589 institutum
1147 2546 1246 2589 meum
1265 2528 1383 2610 longior

309 2627 420 2684 eoseum
446 2609 582 2671 indicavi.
606 2611 796 2690 Presbyteros
821 2613 920 2672 vocatu
943 2607 1109 2671 secerdotes
1131 2609 1290 2688 secundos,
1321 2630 1382 2673 non

309 2691 388 2770 quod
404 2693 435 2752 iu
452 2693 486 2752 iis
503 2693 629 2771 aliquam
654 2710 841 2774 agnoscerem
859 2692 1093 2772 jurisdictionem
1112 2693 1149 2754 ab
1169 2693 1303 2772 episcopo
1321 2713 1382 2754 uon

309 2773 484 2854 delegatam,
501 2775 553 2836 sed
570 2783 685 2836 tantum
713 2783 747 2836 ut
773 2793 823 2835 cos
849 2775 1060 2856 distinguerem
1085 2774 1123 2834 ab
1144 2776 1305 2854 episcopis,
1329 2777 1384 2854 qui

310 2865 379 2916 sunt
396 2855 559 2918 secerdotes
577 2857 703 2936 summi,
722 2865 752 2916 et
769 2875 894 2934 quorum
907 2866 951 2918 est
964 2857 995 2917 in
1006 2875 1058 2917 sua
1072 2857 1190 2917 ecclesia
1201 2857 1383 2936 jurisdictio.

310 2942 405 3015 Atque
424 2937 479 2996 boe
494 2956 580 2998 sensu
597 2941 700 3000 Patres
714 2935 879 3000 aecanos
895 2937 1040 3001 secundos
1061 2941 1248 3020 presbyteros
1264 2950 1383 3002 vocant.

351 3019 393 3098 (Ξ)
415 3023 490 3079 Sane
504 3019 534 3079 in
560 3019 688 3097 epistolia
706 3021 812 3099 Ignatii
836 3040 870 3082 ac
890 3022 1047 3102 Cypriani,
1065 3023 1097 3082 in
1112 3021 1232 3102 epistola
1248 3023 1385 3102 Dionysii

311 3099 531 3165 Corinthiorum
550 3101 676 3182 episcopi
697 3101 735 3164 ad
755 3105 887 3164 Soterem
916 3109 949 3166 P.
974 3103 1053 3184 apud
1075 3103 1249 3181 Eusebium,
1274 3101 1384 3166 histor.

311 3181 410 3245 eccles.
435 3179 483 3242 tit.
508 3185 528 3242 1
556 3201 622 3264 cop.
646 3185 686 3246 25
704 3202 777 3266 pop.
800 3187 859 3246 tte
883 3185 953 3248 edit.
982 3185 1280 3262 retriutorem
1306 3189 1387 3266 epis-

310 3266 384 3340 tola,
409 3283 496 3342 quam
519 3265 669 3328 Cornelius
695 3269 727 3328 P.
753 3265 795 3328 ad
814 3265 942 3330 Fabium
967 3265 1181 3330 Aattbcltenum
1200 3266 1283 3328 dedit
1303 3269 1386 3348 apud

312 3345 513 3411 Constantium
529 3343 585 3407 eol.
609 3351 683 3428 116,
710 3351 840 3428 itemque
861 3351 891 3410 in
917 3351 1076 3411 canonibus
1096 3351 1292 3429 apostolorum
1315 3360 1387 3412 tan-

311 3441 375 3492 tum
391 3429 583 3489 maximarum
602 3430 722 3492 urbium
736 3431 863 3492 eeclesia
879 3441 1090 3494 memorantur.
1108 3433 1138 3494 Si
1157 3432 1274 3511 quando
1289 3451 1385 3514 puro-

312 3511 386 3575 elu'te
399 3529 454 3571 vox
471 3513 617 3589 occurrit,
640 3532 673 3574 ea
693 3513 823 3575 diocesis
843 3516 978 3576 universa
1003 3513 1279 3593 comprehenditur3
1306 3533 1385 3593 quo-

312 3597 392 3656 niam
430 3593 591 3670 antiquitus
616 3619 739 3660 aeream
758 3605 788 3657 et
811 3603 941 3670 διεικησις
970 3596 1102 3656 eumdem
1141 3595 1386 3676 significationem

313 3676 475 3750 habebant,
495 3675 636 3735 Eusebius
660 3671 765 3738 tiator.
783 3676 882 3740 coclea.
904 3675 955 3740 lib.
976 3681 995 3740 E
1014 3697 1079 3760 cop.
1098 3679 1138 3740 24
1153 3697 1226 3760 pap.
1247 3679 1286 3740 75
1308 3677 1386 3742 edit.

314 3759 441 3821 Tauria.
459 3759 556 3834 taem
581 3755 745 3819 Alexander
768 3761 852 3842 epist.
879 3777 931 3822 ene
953 3758 989 3822 cl.
1009 3759 1088 3840 apud
1113 3764 1260 3823 Socratem
1277 3759 1389 3826 beator.

311 3839 409 3936 eccles.
435 3837 484 3900 lib.
512 3843 523 3900 l
554 3841 702 3932 cap36p
744 3885 752 3901 .
782 3845 800 3903 a
825 3841 895 3905 edit.
923 3783 1049 3904 doctrin.
1078 3844 1174 3921 1616,
1204 3843 1393 3938 Epiphanius

312 3921 1393 4086 191ἧῖωῇιῖἶιζοΐιὶεῑιιιῑᾝῗιῆῗὲαέἷῖᾍ’ἷζῗῗεξῖῗιὴόιίαῗὴὲἕὲλξῖ

313 4083 364 4146 cil.
390 4093 459 4146 torn.
490 4087 504 4145 1
532 4085 587 4148 col.
612 4088 707 4170 1191,
733 4071 803 4152 edit.
835 4091 948 4170 venet,
975 4099 1005 4151 et
1028 4089 1242 4153 antiochenum
1270 4095 1390 4154 cun.9

316 4165 355 4228 ab.
372 4173 442 4228 tom.
458 4169 477 4228 ἓ
491 4166 544 4230 col.
560 4171 630 4232 590.
