3134 5144
780 441 1001 514 -210-

401 589 431 704 §.
460 587 580 660 LXlV.
615 587 792 683 Eligendus
820 605 868 659 ost
897 589 1031 660 vicarius
1055 614 1091 660 eu
1116 588 1238 660 ituleris
1267 613 1305 658 ex
1332 613 1431 660 cuno-

353 692 451 776 nicrs,
493 691 518 758 si
561 689 619 784 qui
665 689 752 757 inter
786 711 841 758 eos
884 685 1050 776 doctores,
1091 615 1248 758 licentiati
1277 687 1432 783 jurisque

354 785 493 856 consulti
515 786 724 881 reperiuntur
749 783 815 879 (l).
842 783 944 856 Recte
965 787 1064 855 etism
1090 784 1221 881 eligitur
1246 797 1431 879 postremus

354 881 500 953 defuncti
533 883 673 978 episcopi
701 883 852 970 vicarius,
879 879 930 952 vel
957 899 1145 972 extraneus,
1173 907 1249 952 cum
1265 905 1363 952 nemo
1379 897 1432 951 est

354 1005 393 1050 cr
422 983 605 1069 cononicis⁷
637 980 695 1074 qui
725 978 766 1048 ed
801 977 863 1050 hoc
898 1003 1018 1049 munus
1057 979 1238 1074 gerendum
1276 993 1371 1073 aptus
1394 994 1432 1049 et

354 1076 492 1148 idoneus
532 1077 701 1148 habeatur.
740 1075 815 1147 Rite
845 1077 1039 1147 constitutus
1070 1101 1108 1146 ex
1134 1075 1242 1148 officio
1270 1073 1432 1146 dimoveri

355 1199 424 1246 non
440 1189 560 1272 potest,
589 1175 650 1244 nisi
667 1175 755 1272 justu
779 1188 813 1244 et
839 1197 902 1244 sec.
930 1175 1172 1268 congregationi
1201 1173 1432 1268 episcoporum

354 1297 392 1341 ec
421 1272 618 1366 regularium
647 1269 783 1366 probuti
809 1295 903 1341 cause
930 1273 971 1342 sit
998 1271 1074 1367 (2);
1106 1286 1275 1366 totumque
1311 1271 1432 1364 accipit

348 1367 629 1465 jurisdictionem,
665 1369 757 1465 cujus
784 1367 909 1438 nullum
935 1371 1071 1440 omnino
1090 1385 1218 1466 partem
1246 1366 1306 1436 sibi
1337 1369 1433 1464 cepi-

355 1465 463 1536 tulum
476 1491 637 1538 reservare
648 1479 755 1562 potest
769 1465 836 1562 (5).

392 1601 435 1685 (l)
459 1604 592 1666 Vicurius
609 1602 790 1698 mpitulnris3
819 1603 916 1681 inquit
935 1601 1065 1698 synodus
1093 1603 1265 1698 Tridentino
1290 1619 1362 1663 sess.
1387 1602 1433 1696 24

352 1682 707 1842 {luttssltltt
721 1681 1268 1862 ltttlllitllttlctllff
1287 1701 1434 1826 ttllt?

356 1856 416 1907 tem
439 1847 545 1925 uliquis
563 1847 641 1906 inter
653 1847 806 1907 mnonieos
827 1853 912 1924 aptus
930 1855 960 1907 et
983 1847 1107 1908 idoneus
1129 1857 1173 1908 cst
1191 1847 1228 1908 ud
1243 1846 1344 1906 ricerii
1362 1845 1435 1907 offi-

356 1929 434 1989 cium
464 1927 679 1997 exercendum,
704 1926 796 2004 hunc,
833 1945 893 1987 non
928 1936 1116 2005 extraneum,
1155 1927 1322 2009 eligendum
1349 1945 1433 2004 esse,

355 2009 508 2104 respondit
521 2027 580 2069 suc.
606 2009 792 2089 congregatio
814 2009 944 2087 concilii,
960 2011 1003 2072 uti
1026 2017 1151 2071 testetur
1172 2009 1349 2071 Gaudentius
1369 2005 1431 2069 loe.

357 2091 778 2251 essiqgucngffllegssenefficmm
798 2173 868 2234 XIV
893 2168 929 2232 de
942 2171 1051 2256 synod.
1073 2172 1186 2235 diemo.
1203 2168 1253 2232 lib.
1281 2173 1386 2252 dcun.
1412 2173 1434 2231 9

357 2271 444 2414 nug).
459 2255 527 2395 llis
543 2333 615 2394 olim
636 2288 797 2395 multorum
814 2332 929 2412 opinio,
956 2334 1036 2414 quod
1055 2333 1156 2396 liceret
1175 2333 1302 2413 capitulo
1319 2341 1434 2395 arctnre

357 2423 387 2476 et
400 2415 600 2494 constringere
612 2415 712 2476 vicarii
723 2413 975 2494 jurisdictionn,
995 2415 1116 2495 ejusque
1129 2423 1243 2497 partem
1257 2415 1314 2477 sibi
1334 2433 1434 2476 reser-

357 2513 441 2570 vsre3
464 2494 517 2556 sed
538 2514 618 2555 nunc
640 2497 804 2558 communis
824 2498 956 2560 omnium
976 2499 1120 2558 sententie
1144 2505 1203 2575 est,
1228 2515 1318 2574 quem
1342 2497 1435 2559 etium
1556 2525 1557 2528 ¹

359 2575 462 2656 probet
481 2575 656 2638 Benedictus
672 2581 742 2640 XIV
757 2575 793 2640 de
814 2577 922 2660 synod.
946 2576 1162 2642 sinendos
1184 2598 1211 2640 c.
1232 2581 1251 2638 8
1269 2597 1355 2642 num.
1376 2581 1431 2654 10,

357 2665 387 2718 et
411 2657 547 2721 Giruldus
565 2658 690 2740 exposit.
719 2659 792 2720 Jur.
818 2657 958 2800 Pnoups.
973 2679 1043 2744 pur.
1060 2661 1079 2720 ἓ
1094 2662 1197 2722 tom
1217 2679 1289 2742 pag.
1306 2661 1382 2738 962,
1400 2659 1435 2720 id

356 2738 422 2800 fieri
445 2757 504 2800 non
530 2757 624 2818 posse.
642 2741 720 2816 Quin
741 2741 831 2800 etiam
853 2741 940 2802 muti
964 2743 1110 2819 sentiunt,
1133 2742 1275 2802 vicurium
1295 2741 1436 2821 capitulu-

356 2839 436 2896 rem,
459 2829 579 2900 propter
601 2820 717 2882 affixum
741 2839 794 2883 suo
819 2821 914 2883 officio
939 2831 1128 2900 potestatem,
1154 2841 1187 2884 eu
1213 2841 1331 2902 quoque
1352 2831 1435 2884 recte

356 2902 506 2980 expedire,
521 2919 575 2980 pro
588 2903 696 2980 quibus
712 2903 838 2964 vicarius
857 2903 1001 2984 generalis
1014 2905 1148 2986 episcopo
1163 2905 1280 2984 speciali
1293 2903 1435 2966 mundato

355 3000 428 3061 opus
442 2981 541 3042 hebet.
557 2983 634 3044 Vide
648 2985 838 3046 Benedictum
850 2987 921 3048 XlV
935 2981 990 3046 loc.
1006 2987 1055 3048 cit.
1073 2984 1125 3050 ld.
1139 2989 1158 3050 2
1173 3007 1240 3070 cup.
1257 2987 1275 3046 9
1292 3004 1379 3048 uum.
1399 2989 1432 3048 d.

428 3163 435 3179 .
464 3109 568 3181 LXV.
602 3111 707 3182 Mults
739 3129 850 3185 tumen
882 3131 980 3206 sunt,
1015 3141 1109 3214 quae,
1148 3117 1227 3188 dum
1257 3142 1356 3188 vacus
1383 3133 1436 3188 est

426 3209 502 3295 esis,
532 3208 712 3305 capitulum
736 3213 873 3310 ejusque
898 3215 1032 3284 vicarius
1058 3239 1125 3286 non
1156 3214 1249 3304 fecit,
1269 3213 1320 3284 vel
1340 3214 1435 3312 quod

357 3327 426 3374 non
458 3303 557 3374 habet
585 3320 799 3402 potestatem,
825 3309 875 3380 vel
912 3309 1002 3406 quod
1031 3314 1060 3382 ei
1084 3313 1162 3382 sueri
1197 3335 1336 3382 canones
1363 3335 1435 3384 mo-

358 3399 438 3470 dum
461 3404 713 3475 constituerunt.
739 3407 815 3478 Non
840 3406 937 3495 lecit,
967 3433 1043 3505 quae
1071 3425 1148 3479 sunt
1169 3408 1293 3479 ordinis
1311 3412 1435 3505 episco-

358 3497 461 3592 palis,
487 3523 687 3596 quemquam
708 3501 750 3572 nd
777 3528 814 3574 es
844 3504 986 3598 gerenda
1008 3519 1095 3576 reete
1117 3521 1243 3577 exteros
1266 3509 1436 3602 episcopos

358 3593 511 3680 advocet3
537 3621 598 3667 neo
620 3623 719 3694 porro
740 3599 829 3688 lucit,
847 3626 923 3697 quae
945 3627 984 3672 ex
1004 3600 1226 3696 delegatione,
1256 3617 1312 3672 eut
1334 3601 1437 3674 bene·

357 3689 432 3763 ficio
457 3695 577 3762 summi
605 3693 773 3778 Pontificis
803 3699 861 3768 uni
885 3723 903 3769 e
928 3699 1036 3795 iscopo
1069 3724 1218 3773 concesso
1249 3715 1327 3770 sunt
1358 3699 1434 3797 (l).

358 3787 450 3859 Nihil
479 3814 611 3886 quoque
633 3793 835 3888 capitulum,
864 3725 940 3866 sede
962 3811 1117 3888 vacante,
1142 3813 1248 3896 potest
1277 3800 1441 3869 innovare

357 3911 393 3956 ec
424 3886 466 3958 de
491 3887 622 3984 juribus
657 3889 893 3988 episcopalibus
927 3891 1111 3966 diminuere
1142 3895 1218 3991 (ἦς
1242 3893 1333 3991 quod
1359 3920 1441 3992 pro-

357 3985 467 4076 prium
487 4001 536 4056 est
559 3987 728 4076 omnium,
756 3992 813 4085 qui
839 4015 909 4062 rem
933 3989 1138 4087 gubernent,
1164 4017 1239 4088 quae
1261 3991 1303 4064 ed
1334 3993 1440 4064 inter·
1553 3993 1554 3996 '
