3122 5178
830 399 1024 470 -78-

389 549 430 616 tis
456 545 651 642 quibusdam
675 548 769 636 viris,
803 572 884 643 quos
920 548 1097 621 Romanor
1129 557 1332 619 oorrootorea
1357 570 1457 617 roca-

390 661 485 733 m'us‚
530 643 652 714 decreti
690 642 951 716 emendationem
991 645 1242 734 omniserunt,
1280 669 1355 742 quae
1391 643 1456 716 de·

390 767 482 812 mum
509 740 663 836 Gregorio
700 742 779 812 llllt
816 741 977 815 Pontihce
1007 743 1069 813 luit
1101 741 1258 814 absoluta.
1294 745 1457 814 Antonius

389 841 487 908 etiam
518 841 718 938 Augustinus
740 840 985 913 Tarraconensis
1005 840 1261 937 archiepiscopus
1288 841 1454 912 eruditum

314 933 319 942 ’
391 937 531 1031 vulgavit
541 962 621 1034 epm
637 937 680 1009 de
695 936 841 1009 Gratiani
857 938 1084 1012 emendatione
1100 938 1170 1034 (l).

430 1123 472 1206 (l)
493 1125 578 1200 Quod
610 1125 868 1205 comprehenditur
902 1124 1016 1188 duobus
1049 1124 1230 1205 dialogorum
1265 1124 1363 1200 libris,
1403 1125 1457 1202 qui

391 1213 503 1287 exstant
519 1214 589 1267 tom.
606 1209 625 1268 2
640 1207 703 1292 ejus
717 1226 854 1290 opernm,
871 1205 941 1268 edit.
957 1209 1028 1270 Lus.
1047 1209 1134 1268 1767.
1151 1207 1311 1269 Novissime
1325 1207 1363 1267 de
1381 1208 1458 1268 Gra-

390 1289 461 1348 tiani
486 1289 689 1350 emendatione
709 1309 822 1350 summo
845 1291 941 1350 studio
964 1309 998 1350 ae
1017 1289 1166 1372 diligentia
1191 1287 1331 1348 laboravit
1351 1288 1459 1350 Sebas-

392 1371 486 1430 tianus
507 1372 666 1447 Berardus,
690 1373 741 1449 qui
761 1389 824 1431 rem
841 1379 931 1432 totam
949 1371 1071 1431 absolvit
1090 1380 1217 1449 quatuor
1240 1369 1456 1443 voluminibus,

297 1499 299 1504 .
391 1469 516 1530 quorum
540 1461 584 1514 est
607 1453 730 1514 titulus:
761 1453 903 1515 Gratiani
922 1471 1047 1516 oenones
1070 1452 1195 1536 genuini
1219 1449 1255 1514 oh
1280 1471 1299 1514 o
1381 1447 1459 1546 pitis

390 1531 523 1610 disereti,
531 1553 618 1596 eorru
641 1533 666 1596 ti
677 1532 719 1596 od
732 1533 967 1598 emendatiorum
978 1533 1111 1596 codicum
1121 1533 1214 1617 fidem
1227 1469 1460 1616 exmfflffl·

390 1613 477 1676 liores
490 1635 553 1677 eom
623 1637 643 1676 a
660 1617 898 1698 interpretatione
914 1613 1068 1680 alimonii.
1085 1621 1174 1679 Suam
1194 1635 1310 1694 quoque
1330 1617 1361 1676 iu
1382 1619 1459 1678 Gra·

390 1697 461 1757 tiani
477 1697 594 1760 decreto
614 1698 812 1774 emendando,
828 1706 878 1759 aut
894 1699 1063 1778 explicando
1084 1717 1202 1778 operam
1231 1707 1260 1758 et
1282 1696 1459 1758 industriam

390 1787 551 1856 posuerunt
572 1777 715 1855 Pithoeus,
736 1783 801 1841 Van
819 1783 929 1858 Rapsa,
956 1779 1112 1843 Diomedes
1133 1784 1241 1855 liram,
1261 1779 1457 1854 Boehmerua‚

392 1859 514 1936 Paulus,
541 1867 571 1919 et
595 1863 618 1921 l.
647 1863 682 1922 l.
707 1859 745 1920 de
770 1862 906 1942 Riegger.
933 1863 1034 1924 Paucis
1056 1862 1093 1922 ah
1126 1861 1196 1922 hine
1219 1861 1303 1922 annis
1332 1865 1368 1922 he
1394 1861 1460 1922 Plat

392 1941 587 2020 disputatione
609 1941 727 2003 lovanii
755 1943 849 2019 edita,
870 1943 957 2023 plane
983 1944 1195 2005 eommentitios
1208 1961 1241 2004 aa
1260 1943 1367 2004 nullius
1388 1961 1460 2004 aue·

392 2021 518 2084 totitatis
540 2041 602 2084 esse
620 2022 717 2100 inquit
729 2042 868 2100 oenones,
885 2044 958 2104 quos
975 2027 1129 2090 Gratianus
1143 2043 1178 2086 ex
1191 2025 1312 2086 eoneilio
1334 2024 1460 2086 Cartha-

392 2103 506 2184 moenai
522 2107 561 2166 tv
587 2105 750 2184 descripsit.
776 2109 861 2168 Certe
884 2107 972 2186 hujus
995 2107 1108 2170 ooneilii
1134 2107 1214 2168 nulla
1232 2107 1342 2166 mentio
1361 2115 1405 2167 est
1426 2107 1460 2167 in

393 2185 499 2247 Codice
515 2204 658 2247 canonum
677 2187 803 2248 ecclesie
816 2189 974 2267 Africanae,
991 2189 1071 2250 nulla
1088 2189 1158 2250 item
1180 2187 1257 2268 apud
1277 2187 1461 2249 Ferrandum

394 2267 564 2346 diaconum,
592 2268 764 2347 Dionysium
793 2271 937 2351 Exiguum
969 2279 1137 2350 oeteroaque
1162 2271 1297 2348 antiquos
1325 2269 1462 2331 eolleato-

394 2350 544 2411 resilias
564 2349 702 2414 Justellus
719 2350 753 2412 irs
762 2350 886 2434 prefot.
910 2351 951 2413 ud
969 2351 1040 2415 cod.
1059 2349 1157 2414 arelas.
1172 2350 1325 2434 Africam,
1349 2358 1419 2412 tom.
1441 2355 1456 2413 l

385 2428 537 2502 ,Biblioth
562 2435 633 2494 Jur.
662 2450 744 2508 eoo„
767 2451 840 2514 pop.
868 2435 942 2511 tlt,
972 2435 1126 2496 eonsilium
1152 2433 1208 2494 hoe
1231 2432 1463 2514 carthaginense

396 2515 436 2574 tv
456 2512 672 2592 repudiandum
695 2521 788 2592 putat.
808 2519 918 2576 Verum
942 2516 1027 2578 multi
1042 2535 1078 2578 ex
1101 2533 1136 2576 eo
1154 2533 1276 2580 aanones
1301 2513 1464 2576 laudantur

395 2593 433 2654 ah
447 2593 574 2675 Egherto
589 2594 778 2673 Ehoraoensi,
798 2599 965 2678 Reginam,
983 2597 1167 2674 Burehardo,
1186 2597 1322 2660 Anselmo
1338 2599 1464 2672 lunensi

396 2683 484 2755 atque
500 2677 580 2755 aliis;
599 2685 629 2738 et
644 2677 733 2755 ritus,
749 2679 799 2756 qui
813 2679 850 2740 ad
863 2678 1061 2742 ordinationes
1076 2680 1238 2760 pertinent,
1254 2678 1376 2740 totidem
1390 2697 1464 2740 rer-

396 2756 442 2818 his
456 2758 574 2824 mhihet
587 2761 842 2822 sacramentarium
864 2763 1043 2837 Romanum,
1057 2759 1136 2841 quod
1150 2779 1186 2822 ex
1204 2760 1381 2823 Bibliotheca
1399 2763 1463 2822 Re-

396 2839 473 2920 ginae
487 2841 642 2903 christine
657 2841 752 2902 edidit
766 2842 939 2904 Thomasius
952 2843 1003 2922 qui
1024 2843 1097 2906 illud
1119 2843 1150 2903 in
1172 2843 1263 2906 Gellia
1284 2843 1388 2904 seculo
1404 2846 1464 2906 Vll

398 2923 539 3000 seriptum
561 2931 655 3002 putat·
680 2925 850 2986 Emmanuel
869 2925 1088 3002 schelstratius,
1109 2923 1228 2986 dissert.
1252 2923 1325 2988 hdr
1344 2921 1462 2988 saetas.

398 3001 546 3084 Afis‘ears„
562 3005 674 3083 priores
684 3022 808 3065 canones
819 3006 857 3066 de
870 3008 930 3066 ritu
943 3006 1161 3069 ordinationum
1172 3014 1290 3088 agentes
1303 3007 1334 3066 in
1348 3006 1464 3086 synodo

399 3084 618 3180 Carthaginensi
638 3103 686 3144 an.
704 3086 763 3145 598
784 3087 955 3149 constitutos
974 3098 1072 3167 putat3
1093 3095 1203 3149 eeteros
1218 3097 1316 3150 autem
1337 3106 1467 3150 oenones

399 3165 1467 3326 tttttttirtitmtltmmtttthltttttttt'tt

400 3329 570 3390 arbitratur.
593 3328 796 3392 Tillemontius
810 3341 869 3394 ort.
893 3335 952 3394 lid
967 3342 996 3394 et
1011 3342 1073 3395 not.
1096 3333 1135 3394 29
1156 3333 1189 3394 iu
1201 3335 1250 3396 ,lu
1270 3333 1365 3396 reatini
1387 3332 1462 3411 vit„

402 3419 472 3470 tom.
496 3413 534 3471 65
551 3429 623 3493 pop.
641 3412 696 3472 tit
716 3421 744 3472 et
758 3415 832 3490 982,
849 3413 918 3475 edit.
938 3417 1037 3476 Variet.
1055 3417 1144 3476 itta.
1158 3419 1236 3494 Syno
1259 3433 1309 3475 um
1322 3413 1468 3476 hunede-

401 3490 521 3552 lendere
550 3501 637 3570 atque
657 3493 778 3574 ohjeatis
801 3495 1021 3557 difficultatibus
1042 3497 1205 3558 satislaoere
1228 3505 1358 3557 conatur.
1388 3497 1466 3558 Late

401 3573 489 3634 etiam
514 3581 544 3634 et
568 3575 695 3654 graviter
718 3577 756 3636 de
775 3576 863 3657 hujus
886 3579 989 3640 cnm
1014 3579 1121 3640 'nensis
1145 3577 1256 3638 aoncilii
1289 3577 1468 3640 auctoritate

402 3655 531 3734 disputat
541 3655 691 3719 Ceillierus
701 3657 832 3720 Histoire
841 3661 940 3741 gener.
954 3659 1031 3722 aissa
1049 3667 1137 3722 terrra
1148 3678 1226 3722 soar.
1240 3669 1267 3720 et
1280 3657 1378 3721 ecclia.
1390 3667 1466 3738 eto,

402 3746 471 3798 tom.
491 3739 528 3806 to
538 3756 611 3820 pop.
628 3739 687 3798 686
701 3748 728 3800 et
741 3742 812 3801 687.
829 3743 886 3804 Sed
901 3751 933 3802 ut
947 3760 1014 3802 tera
1028 3741 1039 3802 l
1058 3742 1170 3802 rheatur
1183 3743 1326 3802 sententia
1340 3759 1466 3816 eorum,

401 3819 452 3898 qui
467 3817 505 3879 ad
520 3818 914 3902 mneilium.Carthaginense
929 3825 969 3885 tv
985 3843 1033 3883 au.
1053 3825 1112 3884 598
1127 3825 1273 3902 pertinere
1287 3829 1393 3904 negant
1414 3841 1470 3884 ea-

402 3919 492 3962 nones
504 3901 568 3962 illos
584 3903 657 3978 tot,
674 3903 723 3981 qui
738 3904 834 3964 eidem
849 3906 970 3966 concilio
992 3905 1212 3978 adscribentem
1228 3905 1363 3982 equidem
1377 3905 1470 3966 valde

401 3983 540 4046 dissentio
552 3983 590 4046 ah
607 3984 658 4066 iia,
676 3986 726 4066 qui
741 3985 858 4048 eosdem
876 4004 998 4048 mnones
1013 3987 1097 4067 plane
1118 3985 1314 4066 repudiandos
1338 4005 1371 4047 ae
1394 3985 1470 4049 des—
