3140 5168
580 505 865 584 -.-561-.

142 653 293 718 Thomam
309 653 438 734 aliosque
462 653 540 733 apud
563 657 651 716 Corn.
672 653 814 732 alapide
831 653 864 714 in
879 673 924 736 ep.
952 655 972 716 ἢ
991 653 1032 716 od
1048 656 1113 717 Cor.
1138 675 1162 717 c.
1181 659 1219 736 ἢ,

143 737 201 814 qui
215 735 311 797 cuncti
323 737 451 797 illumde
461 736 644 818 indulgentia
652 736 782 815 plenaria
790 736 1032 816 interpretantur.
1044 739 1221 801 Praeclarum

144 818 225 879 illud
238 817 430 897 indulgentiae
443 821 610 898 *exemplum
625 819 745 896 reliquit
755 820 882 881 loannes
895 827 1002 898 apost,
1016 820 1067 898 qui
1079 819 1222 898 juvenem

144 900 294 961 latronem
311 900 341 961 et
356 900 531 961 homicidam
544 901 671 962 ecclesiae
684 899 829 975 restituit,
849 899 893 960 uti
906 910 1008 962 narrat
1022 903 1129 964 Euseb.
1148 899 1220 965 bist.

145 979 251 1043 eccles
276 979 326 1043 lib.
347 985 446 1064 drop.
468 985 507 1043 25
519 1001 593 1066 pop.
613 984 651 1042 99
665 979 712 1042 ad.
740 981 867 1042 Tauria.
889 984 981 1043 lttt.
1005 984 1112 1045 Confer
1133 986 1222 1046 etiam

146 1065 259 1206 Juendip
280 1059 334 1126 loc.
359 1065 410 1126 cit.
433 1083 500 1148 cap.
525 1067 559 1144 tl,
580 1066 630 1144 qui
656 1065 740 1125 illum
764 1063 845 1126 Pauli
870 1064 967 1126 locum
992 1065 1150 1148 diligenter
1169 1085 1224 1128 ex·

151 1163 212 1224 pen
237 1147 269 1206 ἰ.

174 1323 232 1441 §.
261 1325 303 1397 ll.
333 1327 539 1442 indulgentia
572 1324 622 1399 rel
650 1327 811 1440 integram
835 1325 956 1400 relaxat
988 1352 1140 1442 poenam,
1170 1329 1222 1401 rel

151 1451 222 1594 ii?
238 1423 1224 1622 ,titadinlttlilittle'isti‘tltsstl

152 1620 229 1691 tolis
264 1646 444 1719 eorumque
481 1621 733 1711 successoribus,
771 1621 890 1718 quibus
928 1637 1070 1718 potestas
1100 1621 1223 1717 ligandi

154 1733 189 1790 ct
212 1718 440 1834 solvendi,·in
462 1747 525 1818 qua
550 1719 633 1790 illud
662 1721 869 1808 continetur,
894 1743 1040 1790 concana
1067 1735 1127 1790 cst.
1156 1719 1223 1790 Sed

152 1843 306 1914 quomam
340 1843 565 1916 episcoporum
596 1817 1221 2016 pptepntrpsdusplbeppnsltlippirpnffi§opptpg

152 1917 228 2006 fici,
260 1917 317 2012 qui
344 1915 429 1988 illius
459 1943 595 1988 exercen

154 2038 213 2084 suo
241 2012 420 2088 Pontifices
449 2013 600 2104 Maximi,
630 2039 691 2112 pro
723 2039 874 2110 suprema
902 2029 1062 2110 potestate
1094 2013 1155 2084 sibi
1188 2017 1223 2086 in

153 2111 285 2182 ecclesia
324 2115 471 2184 universa
515 2113 651 2204 tradita,
691 2110 751 2182 sibi
795 2111 955 2209 plenarias
1002 2110 1222 2208 indulgentias

155 2226 375 2300 reservarunt,
423 2237 459 2282 ac
499 2227 628 2281 tantum
669 2208 818 2309 partiales
866 2211 1021 2307 episcopis
1061 2213 1222 2304 permise-

157 2325 237 2377 runt
269 2310 335 2403 (ᾖ).
367 2307 478 2392 Quare
499 2335 583 2379 unus
615 2309 780 2380 Romanus
811 2307 962 2380 Pontifex
987 2307 1146 2404 plenarias
1174 2312 1224 2380 in·

155 2403 337 2504 dulgentias
370 2406 504 2496 tribuit,
538 2409 679 2506 episcopi
712 2421 844 2478 tantum
877 2405 1047 2502 partiales,
1085 2421 1119 2476 et
1145 2431 1222 2478 vero

154 2503 196 2574 ab
227 2507 303 2602 ipsis
337 2507 372 2576 in
398 2505 541 2578 ecclesia
568 2505 771 2576 dedicatione
801 2506 899 2574 unius
927 2505 1024 2593 anni,
1051 2505 1086 2574 in
1107 2507 1221 2576 ceteris

154 2627 229 2674 aero
269 2603 471 2699 temporibus
508 2603 721 2701 quadraginta
761 2601 890 2674 dierum
925 2601 1128 2697 indulgentia
1158 2605 1223 2672 tri·

154 2698 266 2772 buitur
294 2701 360 2797 (ὅ).
386 2701 466 2773 Jure
489 2701 741 2773 extraordinario
770 2716 804 2771 et
834 2699 980 2795 delegato
1007 2701 1105 2770 etiam
1133 2725 1223 2798 pres-

153 2797 282 2898 byteri,
306 2801 372 2870 imo
402 2816 436 2870 et
466 2801 633 2871 inferiores
663 2797 770 2870 clerici
805 2796 1022 2893 indulgentias
1055 2797 1222 2894 elargiun-

154 2912 230 2984 tur,
266 2899 348 2994 quin
385 2901 482 2969 etiam
524 2897 690 2968 interdum
729 2921 875 2967 summus
912 2894 1064 2968 Pontifex
1099 2897 1224 2968 vicariis

154 2993 334 3092 apostolicis
366 2994 525 3094 plenarias
552 2995 770 3091 indulgentias
798 2996 960 3092 permittit
985 2993 1051 3091 (4).

192 3193 235 3276 (l)
255 3195 361 3255 Confer
374 3213 440 3273 qua
458 3195 558 3274 scripsi
572 3194 605 3254 in
620 3189 840 3276 Prolcpomenis
853 3212 921 3276 cop.
944 3194 963 3255 2
985 3191 1012 3275 S.
1028 3195 1067 3254 20
1078 3212 1152 3276 pop.
1164 3195 1220 3272 at,

152 3284 180 3336 et
204 3275 320 3348 confer,
342 3295 430 3355 quem
455 3295 489 3338 eo
513 3277 576 3338 loco
598 3276 729 3352 laudari,
755 3279 876 3337 Petrum
898 3275 1098 3337 Ballerinium.
1126 3283 1241 3356 Atque'

151 3355 212 3418 bno
231 3359 319 3418 etiam
337 3359 463 3420 redeunt
484 3377 533 3430 ea,
552 3377 617 3436 que
636 3357 797 3437 supradixi
816 3358 854 3420 de
876 3358 983 3418 summi
1004 3357 1154 3419 Pontiflois
1167 3377 1221 3437 po-

155 3447 259 3500 testate
277 3441 308 3500 in
326 3441 443 3501 ecclesia
474 3442 608 3502 universa
632 3441 728 3518 deque
748 3439 833 3519 jure,
863 3440 943 3518 qnod
962 3439 1066 3517 habet,
1093 3439 1223 3500 arctandi

155 3522 345 3600 episcopalem
362 3521 609 3601 jurisdictionem.
629 3525 669 3582 lix
692 3521 738 3582 bis
760 3531 859 3584 autem
880 3531 968 3600 atque
991 3540 1027 3582 ex
1051 3520 1154 3582 ceteris
1175 3520 1225 3581 ba·

154 3621 221 3663 rum
247 3605 468 3666 institutionum
490 3605 561 3665 loeis
581 3605 650 3665 satis
668 3613 768 3683 patere
785 3604 930 3681 arbitror,
952 3603 1024 3683 quid
1048 3621 1101 3683 ego
1121 3620 1223 3664 revera

154 3687 277 3746 sentiam
297 3685 335 3746 de
353 3689 480 3766 primatu
499 3687 606 3746 summi
630 3687 738 3748 Pontii.
761 3687 857 3766 deque
877 3687 940 3764 ejus
962 3687 993 3745 in
1024 3692 1084 3744 tota
1106 3684 1224 3746 ecclesia

151 3775 304 3846 potestate.
322 3769 379 3830 Sed
394 3776 549 3848 scriptores
566 3769 713 3830 annalium
729 3769 985 3830 ecclesiasticorum
1000 3765 1153 3826 Florentia
1164 3768 1223 3845 pri·

152 3867 235 3909 mum
249 3869 297 3911 me
311 3850 458 3912 immerito
468 3849 706 3930 reprehendunt,
717 3851 796 3929 quod
809 3851 897 3912 nimis
907 3850 965 3908 late
978 3847 1065 3925 hujus
1079 3847 1222 3926 primatus

152 3932 219 4011 jura
233 3931 454 4012 explicaverim
468 3931 576 3994 deinde
589 3933 674 3993 aliam
693 3931 767 3992 mibi
780 3931 955 3994 sententiam
975 3929 1145 3990 adscribunt
1162 3947 1225 3990 rne-

153 4033 212 4091 que
232 4014 378 4075 immerito
392 4015 528 4076 similiter
544 4015 680 4090 laudant,
695 4015 777 4091 quasi
793 4015 898 4074 harum
916 4013 1011 4072 instit.
1035 4009 1084 4072 tit.
1108 4015 1122 4072 l
1142 4011 1222 4073 tue

153 4105 223 4158 sect.
243 4099 256 4158 l
276 4096 369 4178 prim.
392 4095 481 4177 edit,
501 4098 644 4178 primatus
658 4095 725 4174 jura
745 4095 1033 4184 arctarelvoluerim.
1057 4097 1223 4156 prasertim

252 4203 328 4249 τοι.
358 4203 382 4250 1.
1060 4174 1122 4246 24.
