3122 5170
536 468 760 540 -715-
874 505 877 510 ·

114 619 211 680 nicum
225 597 372 680 celebrare
395 623 425 678 tc
438 597 549 694 cledis,
571 597 638 698 duae
652 618 808 680 corbonam
828 621 947 704 omnino
969 638 1028 681 non
1042 600 1182 702 respicis5
1243 641 1245 647 ’

112 720 178 778 qua
192 701 222 760 in
240 701 426 762 Dominicum
450 700 513 760 aine
528 700 669 772 sacrificio
693 701 790 776 venis3
816 699 1021 780 quoepairtem'
1037 703 1075 763 de
1092 702 1182 763 sacri-

112 781 193 852 ficio,
209 783 287 860 quad
301 799 412 862 pauper
432 781 555 858 obtulit,
571 777 701 842 sumiso‘
714 785 835 863 Basuag.
852 801 946 845 exarc.
974 779 1044 846 bist.
1058 784 1125 846 crit.
1140 779 1190 844 od

113 883 165 924 on.
178 865 218 925 ll
232 883 316 924 num.
343 865 396 938 ot,
418 863 554 924 corbonae
577 864 695 924 nominc
717 883 776 926 non
790 883 886 925 arcam
899 866 1113 943 pecuniariam,
1130 866 1182 926 sed

113 947 210 1024 potius
221 945 296 1024 ipsas
308 945 468 1006 oblationes
485 945 632 1026 designari
652 945 827 1024 arbitratur,
842 949 980 1026 quoniam
1002 948 1178 1010 Hebraicum

113 1025 170 1087 boc
187 1027 359 1087 vocabulum
381 1027 491 1088 donum
513 1027 668 1108 significat.
694 1031 806 1088 Verum
824 1029 963 1108 etipsum
987 1028 1099 1091 Gorbon
1122 1033 1182 1091 lle·

113 1108 257 1182 braiaum,
270 1109 365 1170 locum
377 1108 536 1170 condendae
548 1111 678 1189 pecunie
692 1109 868 1172 destinatum
878 1119 959 1171 notat
973 1115 1054 1173 blatt.
1071 1115 1182 1174 XXVII

116 1209 144 1250 u.
166 1193 258 1250 finon
277 1188 343 1253 licat
361 1209 409 1252 coa
430 1200 581 1272 argenteos
599 1191 716 1256 mittere
735 1193 769 1254 in
790 1190 959 1253 corbonam.
981 1192 1081 1269 adde,
1103 1193 1210 1272 quod:

113 1271 274 1332 verisimile
286 1292 344 1334 nou
356 1281 416 1347 est,
436 1273 616 1354 cyprianum
638 1274 728 1335 latine
749 1274 925 1335 scribentem
938 1273 1040 1346 aliter,
1055 1293 1089 1334 ac
1099 1275 1183 1335 latini
1313 1335 1315 1341 ,
1418 1279 1421 1286 “

115 1353 313 1433 explicabant,
336 1355 510 1416 intellexisse
527 1374 644 1431 vocem,
664 1374 730 1435 quae
748 1356 830 1416 latini
848 1355 924 1434 juris
948 1375 981 1416 ac
994 1345 1183 1437 significatio-

116 1435 162 1496 nis
183 1437 284 1496 evasit.
312 1436 388 1497 Vide
408 1437 496 1497 etiam
514 1438 662 1500 lustinum
683 1441 737 1513 bl.,
762 1447 791 1498 et
813 1438 937 1500 Tertull.
966 1435 1021 1500 loc.
1049 1435 1111 1514 cia,
1134 1437 1184 1516 qui

115 1527 280 1578 memorant
305 1517 381 1580 hanc
398 1519 503 1597 stipem
520 1538 536 1579 a
556 1518 692 1581 fidelibus
713 1520 744 1580 iu
767 1519 885 1580 ecclesia
903 1520 1081 1600 depositam,
1101 1529 1184 1580 utcu

117 1600 294 1678 pauperibus
307 1601 448 1662 auxilium
461 1601 653 1680 preberetur.

158 1681 200 1762 (⁸2)
215 1683 328 1761 Duplex
349 1682 590 1764 Gazophylacium
603 1691 680 1760 erat,
692 1683 816 1745 alterum
832 1684 950 1746 intract
964 1685 1089 1745 alterum
1104 1690 1185 1742 extra

116 1763 283 1841 ecclcsiam3
309 1773 467 1844 utrumque
487 1765 627 1826 describit
648 1764 801 1846 Bingbam.
829 1767 913 1849 θήρ.
940 1763 1009 1828 cccl.
1039 1766 1184 1844 Scapti

116 1842 142 1924 §-
160 1847 200 1906 22
215 1854 286 1908 tom.
304 1849 321 1908 5
341 1866 413 1930 pop.
437 1849 497 1920 eta
509 1845 555 1908 cd.
570 1845 658 1910 Halae
674 1845 779 1930 Mapd.
796 1849 887 1910 1758.
909 1851 942 1910 ln
957 1845 1182 1926 Gazophylucio,

117 1925 272 2004 quoderat
296 1928 373 1990 intra
396 1929 563 1996 ecclesium.
585 1929 776 1991 servabantur
796 1930 908 2009 priores
930 1929 1183 2004 inculcationes,

117 2027 243 2085 quarum
256 2019 340 2072 antea
365 2011 502 2088 memini3
526 2009 564 2071 ad
581 2010 842 2092 Gazophylacium,
861 2011 941 2091 quod
959 2020 1022 2074 erat
1042 2017 1124 2072 extra
1137 2027 1186 2070 ec-

118 2089 248 2169 clesiam,
265 2092 384 2154 alterius
396 2093 511 2174 generis
524 2093 684 2158 oblationes
698 2092 916 2156 deferebantur.

168 2295 200 2398 §.
223 2297 285 2370 VI.
323 2299 473 2398 Denique
506 2299 578 2371 aliae
611 2317 706 2372 erant
742 2299 938 2390 oblationes,
978 2323 1058 2396 quas
1087 2297 1185 2370 cbris-

120 2400 198 2468 ciani
231 2422 291 2494 pro
324 2422 380 2469 sua
394 2399 529 2494 pietate
560 2397 704 2490 dabant,
737 2423 813 2469 cum
849 2400 932 2470 'usta
963 2395 1087 2470 funeris
1118 2394 1187 2466 aol-

118 2493 296 2584 vehantur,
351 2523 426 2568 cum
472 2511 668 2567 sacramenta
711 2425 949 2592 suscipiebant,
993 2521 1068 2566 cum
1127 2493 1186 2564 alia

119 2619 206 2666 sacra
241 2591 348 2664 officia
399 2593 624 2690 eragebantur.
656 2593 743 2666 Sane
777 2606 894 2691 quarto
922 2592 1040 2666 saeculc
1064 2591 1187 2692 aliquid

119 2695 154 2763 in
172 2691 331 2788 baptismo
359 2620 429 2764 oiri
459 2691 581 2764 solebat
612 2691 678 2789 (1).
706 2691 766 2764 Hac
801 2691 980 2764 oblationes
1015 2692 1108 2762 initio
1136 2715 1187 2762 vo-

119 2789 271 2862 luntariae
300 2805 411 2881 erant,
440 2789 498 2863 sed
530 2791 686 2886 temporis
715 2815 812 2861 cursu
840 2791 875 2861 in
899 2787 1076 2860 laudabiles
1105 2814 1188 2860 con-

120 2886 308 2960 suetudines
338 2885 508 2973 abierunt3
548 2905 581 2959 et
623 2912 696 2960 vcro
729 2886 865 2959 concilio
893 2885 1101 2958 Lateranensi
1141 2883 1187 2954 lv

120 2989 279 3058 sancitum
310 3000 379 3076 est,
421 3003 459 3056 nt
501 2985 603 3057 libere
638 3000 857 3076 sacramenta,
896 3000 1067 3082 ceteraque
1100 3008 1188 3054 sacra

120 3085 227 3156 officia
258 3081 544 3175 administrentur,
573 3079 631 3154 sed
662 3100 700 3154 ut
725 3081 839 3156 fideles
873 3081 1058 3154 oblationes
1084 3105 1187 3180 praes-

122 3198 213 3272 tent,
246 3207 324 3278 quas
357 3197 512 3278 praestare
547 3197 785 3253 consueverunt
815 3195 848 3251 et
877 3196 1072 3252 recusantes¹
1090 3181 1188 3252 etiam

121 3281 193 3376 cogi
228 3279 269 3350 ab
298 3281 448 3378 episcopo
479 3281 602 3378 possint
625 3277 691 3376 (Ξ).
727 3279 803 3352 Non
831 3280 919 3348 enim
952 3275 1074 3350 matur
1101 3294 1189 3348 tam·

121 3403 222 3476 mam
252 3380 395 3475 pretium
432 3403 543 3450 rerum
578 3401 761 3467 sacrarum,
799 3375 857 3448 scd
893 3391 1061 3473 tamquam
1097 3400 1188 3472 prae-

122 3479 228 3547 mium
262 3475 380 3547 laboris
410 3492 445 3547 et
486 3491 654 3574 tamquam
683 3473 856 3566 alimenta,
896 3499 971 3573 quae
1003 3473 1061 3544 Jus
1094 3473 1188 3544 Divi-

122 3599 205 3644 num
233 3573 373 3646 ecclesiae
405 3575 559 3646 ministris
587 3571 687 3644 tribui
715 3571 831 3644 voluit.
868 3571 977 3670 Atque
1007 3570 1079 3643 haec
1111 3587 1188 3642 sunt

116 3675 213 3771 jura,
257 3695 331 3768 quae
372 3669 412 3742 ad
445 3671 623 3770 parocbum
660 3673 847 3768 pertinent,
888 3670 961 3741 ideo
996 3667 1187 3768 parochialia

124 3771 302 3842 dicuntur.¹

165 3967 207 4050 (l)
218 3973 305 4050 Greg.
322 3969 456 4032 Nazianz.
468 3975 544 4031 orat.
561 3970 602 4029 ld
621 3965 656 4029 de
673 3965 752 4052 bapt.
766 3985 799 4049 p.
815 3967 873 4030 om
887 3969 936 4028 t.l
955 3963 1000 4027 cd.
1017 3961 1077 4027 Col.
1097 3965 1187 4026 locu.

166 4051 208 4134 (ἢ)
224 4054 295 4133 Cep.
310 4054 349 4114 tu
362 4049 397 4114 de
410 4051 523 4114 Simon.
