3140 5168
566 424 787 496 -547-

139 573 204 634 sule
218 571 418 650 Tourneiyum
434 568 526 632 Praei.
553 567 637 632 tomi}
660 569 838 634 deonorum.
851 573 985 636 matrim.
1001 593 1032 658 q.
1051 575 1070 635 i
1093 581 1154 636 nrt.
1174 569 1210 646 i,

140 663 172 716 et
185 655 294 718 Juenin
308 652 344 714 de
358 657 493 716 Sacram.
506 652 580 714 da'aa.¹
596 656 633 714 t0
667 655 966 736 n.7cap.ttort.2.
1167 693 1172 700 ·

182 737 225 818 (5)
239 739 308 798 Late
328 754 361 796 ea
385 735 423 796 de
446 753 480 794 re
492 737 552 816 agit
571 673 682 796 Benad.
708 739 776 798 xiv
792 735 826 795 in
838 739 935 800 conat.
962 736 1160 802 Matrimonia
1175 740 1215 799 55

141 829 214 880 tom.
230 821 243 880 t
261 814 371 879 beliar.
383 835 454 900 paq.
474 819 528 894 55,
545 824 573 877 et
588 817 620 878 in
634 819 734 879 Cenat.
752 819 867 900 Magna
883 821 917 880 51
947 828 1017 882 torn.
1036 823 1055 882 2
1069 838 1140 902 paq.
1156 821 1216 882 ttt

141 897 302 1042 addiebat„
319 901 370 961 ubi
385 899 473 961 mam
485 899 664 978 antiquiores
677 903 791 963 Summ.
808 899 981 964 Pontificum
993 903 1216 966 constitutiones

143 984 176 1043 in
199 983 324 1044 icantur.
628 1003 631 1010 ·
1022 995 1027 1006 ·
1059 985 1086 1024 ·'

192 1211 222 1313 ς.
266 1209 405 1286 CXLII.
454 1211 560 1310 Caput
600 1212 740 1284 alterum
787 1209 1119 1310 impedimentorum,
1168 1217 1214 1286 uti

143 1337 243 1408 supra
289 1309 448 1402 diximus,
492 1337 583 1384 error
611 1327 671 1382 eat.
723 1309 800 1385 Non
832 1314 938 1382 omnia
964 1325 1073 1402 error,
1100 1315 1157 1410 qui
1182 1316 1219 1384 in

144 1412 334 1507 nuptiarum
371 1427 574 1482 contractum
625 1407 760 1502 incidit,
803 1433 855 1480 eas
899 1411 1003 1480 irritas
1041 1409 1137 1500 iacit,
1162 1411 1220 1482 sed

143 1507 220 1596 ilie,
255 1511 312 1604 qui
328 1535 487 1607 personae
511 1508 648 1598 dicitur,
673 1533 748 1578 enm
789 1505 936 1579 videlieet
965 1509 1011 1597 is,
1043 1533 1121 1579 eum
1153 1533 1219 1604 quo

144 1605 366 1698 contrabitur,
395 1607 475 1677 alius
501 1633 611 1678 revera
643 1620 692 1676 est
732 1606 774 1676 ab
798 1631 856 1695 en,
888 1606 947 1703 qui
975 1605 1117 1678 creditur
1147 1605 1216 1772 (ip

146 1701 246 1786 Quod
274 1705 413 1775 naturali
445 1707 563 1776 rationi
590 1719 843 1778 consentaneum
890 1720 957 1793 eat,
986 1729 1062 1774 eum
1087 1707 1124 1774 iu
1161 1705 1172 1772 i
1204 1754 1214 1790 ,

147 1801 239 1898 quod
272 1805 412 1898 ignorat,
444 1807 625 1876 eonsentire
660 1827 758 1874 nemo
787 1804 903 1898 possit.
930 1803 1048 1892 Error,
1087 1802 1143 1899 qui
1171 1799 1219 1870 di·

146 1903 233 1970 citur
256 1902 412 1996 fortuma
456 1917 513 1973 aut
542 1903 747 1998 qualitatis,
784 1897 865 1971 nihii
901 1899 1022 1989 officit,
1049 1924 1123 1970 eum
1154 1923 1221 1970 non

146 2001 310 2094 pertinent
340 1998 381 2068 ad
415 2001 479 2070 vim
523 2001 691 2088 intimam,
736 2001 801 2070 sive
841 1997 884 2068 ad
906 1999 1119 2071 substantiam
1146 2021 1223 2068 eon·

151 2111 270 2168 tractus
295 2097 371 2194 (2),
409 2099 470 2168 nisi
514 2123 604 2170 error
630 2094 795 2196 qualitatis
825 2099 861 2168 in
902 2122 1072 2196 personam
1103 2093 1222 2166 redun-

151 2193 210 2266 det
233 2194 300 2291 (5).
328 2195 442 2294 ltaque
458 2195 567 2268 valent
589 2197 734 2293 nuptiae,
763 2221 842 2268 eum
873 2199 945 2296 quia
968 2219 1103 2268 uxorem
1128 2219 1222 2266 aene·

148 2294 200 2389 pit
236 2295 388 2391 inopem,
430 2293 625 2390 ignobilem,
665 2293 903 2392 inelegantem,
930 2319 1028 2394 quem
1066 2292 1219 2380 divitem,

150 2389 318 2484 nobilem,
335 2391 520 2490 elegantem
533 2391 682 2494 putabat.

195 2638 237 2721 (1)
251 2643 315 2702 Tot.
329 2658 411 2704 anua.
427 2643 466 2703 29
482 2661 519 2726 q:
529 2643 559 2703 1.

194 2723 236 2804 (t)
251 2725 326 2806 Oop.
342 2725 381 2785 26
395 2721 430 2786 de
442 2741 542 2806 apaan.
558 2723 749 2794 anniam,
773 2725 844 2806 leq.
863 2723 882 2784 9
929 2720 989 2784 ,ἀι
1012 2730 1106 2785 emtr.
1132 2727 1223 2804 empt.

195 2803 237 2884 (5)
251 2805 368 2867 Confer.
385 2809 415 2869 S.
433 2808 491 2868 Tb.
507 2805 574 2868 iai
589 2804 806 2868 statuente
826 2811 856 2868 et
934 2825 964 2889 q.
983 2806 997 2866 1
1013 2813 1072 2866 ort.
1089 2805 1108 2866 2
1132 2801 1174 2865 ad
1194 2806 1223 2866 5.

205 3009 235 3110 §.
280 3007 434 3086 CXLIII.
476 3010 542 3083 Sed
573 3027 608 3084 et
633 3015 779 3108 ignorata
835 3037 944 3110 noque
969 3009 1090 3084 servilis
1108 3009 1227 3084 eondi-

158 3113 203 3181 tio
235 3112 357 3206 nuptiis
384 3109 619 3206 impedimento
640 3125 708 3198 eat3
738 3126 772 3182 et
801 3039 875 3182 ideo
903 3135 972 3182 non
1003 3108 1087 3180 valet
1113 3112 1229 3180 matri-

157 3209 306 3278 monium
355 3207 395 3278 ab
425 3207 557 3280 homine
597 3207 701 3280 libero
740 3223 945 3280 contractum
987 3233 1063 3278 eum
1094 3207 1227 3298 aneilla,

158 3330 233 3404 quae
257 3301 357 3377 libera
383 3305 564 3378 habebatur
592 3305 658 3405 (1).
684 3305 800 3379 Civiles
825 3305 911 3403 leges
934 3303 1038 3376 nullas
1062 3329 1229 3377 servorum

160 3405 314 3500 nuptias,
354 3403 410 3476 ned
447 3418 576 3476 tantum
607 3405 820 3478 oontubernin
864 3419 1065 3500 agnoverunt
1098 3399 1175 3500 (2);
1197 3417 1231 3473 et

159 3527 298 3574 eanonea
338 3504 431 3575 initio
460 3502 655 3576 desiderante
691 3503 847 3576 ridentur
883 3527 1076 3576 eonsensum
1122 3499 1232 3572 domi-

160 3625 300 3690 norum,
329 3615 368 3671 ut
405 3603 529 3696 nuptiae
555 3601 620 3674 illm
663 3616 742 3674 ratae
780 3599 886 3674 firmae
924 3599 1124 3671 haberentur
1159 3595 1227 3692 (ὅ)

105 3759 108 3764 ,
160 3697 226 3770 Sed
251 3725 340 3770 nune
378 3699 486 3770 valent
528 3702 735 3772 matrimonia
778 3724 966 3790 servorum,
1003 3699 1099 3769 etiam
1123 3696 1231 3766 inritis

161 3794 323 3886 dominis,
359 3813 522 3869 eontracta
551 3797 625 3895 (i),
661 3815 695 3870 et
724 3797 809 3870 vaiet
857 3799 953 3868 etiam
985 3795 1231 3866 matrimonium

160 3893 253 3966 liberi
285 3893 425 3967 hominis
455 3921 532 3966 eum
571 3895 708 3988 aneilla,
738 3895 839 3970 modo
876 3897 946 3994 ipae
979 3895 1049 3993 ejus
1087 3892 1229 3963 servitu·

162 4007 229 4064 tem
246 4017 314 4066 nen
333 3995 528 4090 ignoraverit
548 3993 615 4092 (5).
