3102 5184
620 487 840 558 -587-

231 630 276 712 (ὅ)
296 637 385 695 Cone.
404 634 488 698 Trid.
508 653 580 697 sess.
599 637 617 696 6
633 633 668 696 de
686 634 794 718 166111.
810 655 877 718 cop.
894 639 979 711 las.
1002 637 1105 700 Ambr.
1118 639 1153 698 in
1175 641 1259 702 Orat.

185 711 227 774 (16
251 713 331 777 attia
356 715 507 778 Valentia.
526 719 607 797 Imp.
626 736 711 778 rium.
733 720 768 778 bl
797 715 852 778 661.
873 721 932 779 165
955 729 1025 781 torn.
1049 723 1069 780 1
1090 719 1137 781 ed.
1162 723 1261 782 Vertat.

186 798 290 872 atam
311 803 340 860 S.
363 807 439 882 hug.
462 800 497 862 de
515 797 651 880 baptism.
671 808 764 859 contr.
783 801 936 862 Donatist.
955 799 1004 862 lib.
1023 804 1042 863 1
1060 822 1127 884 cop.
1148 803 1261 864 11661.

187 880 252 938 159
274 884 394 956 16619,
415 884 536 944 Basilius
554 880 590 942 de
611 881 728 964 Spiritu
750 883 782 943 S.
804 900 870 964 cop.
893 886 907 943 1
923 901 996 966 pop.
1014 887 1054 944 50
1069 895 1138 945 tom.
1157 885 1262 946 aedit.

187 961 314 1037 Paris.5
330 967 360 1025 S.
377 965 539 1044 Cyprianus
559 962 595 1024 de
612 961 739 1025 Exhort.
758 973 889 1046 martyr.
909 983 981 1047 pop.
999 969 1071 1045 118,
1094 965 1141 1028 ed.
1165 971 1260 1030 Ami.

188 1044 294 1118 1700,·
309 1049 340 1106 S.
357 1047 464 1108 Thom.
478 1065 550 1128 por.
570 1049 588 1106 5
603 1065 633 1129 q.
650 1049 689 1106 66
704 1055 764 1106 ort.
783 1049 832 1106 11.

245 1125 277 1200 1)
297 1129 496 1189 catechismus
510 1133 657 1190 Romanus
671 1125 724 1188 loe.
741 1129 791 1190 cit.
809 1125 836 1209 S.
852 1130 901 1190 10.

246 1209 277 1288 b)
297 1210 342 1270 ld.
359 1211 477 1272 Catech.
491 1209 529 1272 ib.
542 1209 569 1292 S.
587 1212 617 1270 7.
638 1211 761 1287 Quodsi
778 1214 904 1273 loannes
919 1213 1046 1290 Baptista
1063 1214 1141 1292 apud
1156 1216 1260 1278 hlatth.

185 1291 233 1349 111
260 1309 289 1350 u.
318 1295 351 1353 ll
380 1293 488 1356 Christi
519 1293 696 1371 baptismum
723 1293 833 1372 Spiritu
858 1297 963 1355 Sancto
988 1304 1017 1355 61
1040 1295 1109 1375 igne
1132 1308 1264 1359 constare

186 1373 344 1450 praedixit,
360 1374 392 1435 id
406 1395 464 1435 non
479 1375 516 1435 de
530 1376 651 1436 materia
671 1374 759 1454 hujus
772 1377 945 1436 sacramenti
960 1377 1183 1457 intelligendum
1200 1389 1261 1456 est,

187 1454 245 1512 sed
274 1480 286 1508 a
302 1457 357 1519 Vel
372 1456 410 1517 ad
424 1456 562 1518 intimum
580 1458 707 1535 Spiritus
726 1459 824 1520 Sancti
841 1457 992 1530 effectum,
1017 1467 1051 1519 ut
1070 1461 1166 1536 inquit
1184 1461 1263 1523 idem

188 1537 391 1600 catechismus
408 1535 463 1600 loe.
490 1539 538 1600 cit.
565 1537 591 1620 §.
613 1541 646 1615 8,
668 1539 713 1600 vel
732 1547 811 1600 certe
829 1539 866 1600 ad
886 1541 1061 1601 miraculum
1084 1543 1189 1602 reterri
1212 1543 1266 1604 de-

188 1620 259 1698 bet,
273 1621 350 1698 quod
366 1623 414 1682 die
427 1625 611 1682 pentecostes
623 1624 772 1700 apparuit,
788 1641 856 1684 cum
877 1623 1003 1700 Spiritus
1023 1625 1145 1684 Sanetus
1162 1643 1178 1683 e
1194 1627 1265 1685 eoelo

188 1705 224 1764 in
237 1703 380 1781 apostolos
395 1705 470 1784 ignis
487 1704 581 1782 specie
597 1703 731 1780 delapsus
751 1712 805 1764 est.
825 1730 838 1758 a
867 1705 978 1783 Synod.
1004 1705 1137 1766 Trident.
1157 1723 1229 1768 sess.
1247 1709 1265 1767 7

189 1783 230 1844 de
252 1785 407 1866 Baptismo
421 1805 488 1847 cari.
507 1789 525 1846 a
555 1811 567 1839 ιι
589 1787 620 1848 Si
639 1787 705 1864 quis
723 1785 844 1862 dixerit,
868 1787 980 1863 inquit,
1000 1805 1105 1865 aquam
1124 1805 1222 1848 veram
1237 1798 1266 1849 61

192 1868 355 1927 naturalem
379 1887 438 1928 non
457 1887 519 1928 esse
543 1867 580 1928 de
605 1867 775 1928 necessitate
799 1867 954 1946 Baptismi‚
977 1875 1064 1946 atque
1087 1869 1153 1929 ideo
1177 1871 1265 1931 verba

193 1948 246 2010 illa
271 1949 387 2011 Domini
411 1951 508 2013 Nostri
536 1953 605 2012 lesu
630 1950 754 2024 Christi,
791 1951 846 2010 nisi
870 1951 936 2027 quis
967 1959 1086 2012 renatus
1113 1951 1203 2012 luerit
1230 1973 1265 2014 ex

191 2049 268 2108 aqua
282 2039 310 2090 et
326 2031 436 2110 Spiritu
457 2035 577 2106 Sancto,
595 2032 632 2092 ad
647 2031 848 2110 metaphoram
863 2032 990 2110 aliquam
1007 2033 1177 2108 detorserit,
1196 2054 1266 2095 ana·

193 2113 294 2174 thema
311 2115 359 2174 sit.
377 2139 390 2166 a
412 2115 525 2190 Quibus
539 2114 635 2174 verbis
660 2114 789 2194 synodus
804 2123 956 2174 execratur
970 2115 1138 2190 Calvinum,
1162 2119 1212 2193 qui
1227 2119 1266 2178 ad

189 2195 395 2275 metaphoram
417 2195 609 2274 detorquebat
630 2215 678 2272 ca,
704 2196 831 2274 quaeda
860 2215 933 2274 aqua
958 2198 1084 2257 naturali
1107 2217 1123 2257 a
1148 2197 1264 2260 Christo

189 2278 381 2352 dictasunt,
409 2297 442 2338 ac
467 2277 646 2346 Lutherum‚
674 2279 725 2357 qui
751 2279 853 2338 vinum
881 2280 969 2339 etiam
994 2281 1138 2358 baptismo
1163 2289 1264 2358 aptum

188 2359 325 2439 putabat.
344 2362 445 2438 Neque
461 2361 519 2420 ulla
534 2360 668 2420 habenda
683 2361 757 2420 ratio
778 2369 822 2420 est
840 2361 989 2438 eujusdam
1014 2363 1163 2440 rescripti,
1184 2365 1264 2440 quod

188 2441 306 2504 editum
325 2441 425 2502 ferunt
441 2461 457 2502 a
478 2442 626 2521 Stephano
640 2445 680 2503 lll
699 2446 733 2503 P.
750 2441 828 2520 apud
849 2443 1038 2504 Sirmondum
1057 2463 1136 2506 como.
1159 2442 1264 2508 Gatttae

189 2535 264 2586 toni.
286 2527 305 2584 2
324 2543 396 2606 pop.
418 2527 456 2586 15
477 2523 524 2586 ed.
548 2525 651 2586 Poris.
677 2526 772 2600 1619,
799 2531 829 2584 61
846 2543 904 2603 quo
922 2525 1064 2604 probatur
1086 2525 1261 2603 baptismus,
1348 2547 1350 2549 ·

187 2607 243 2686 qui
267 2606 298 2666 in
322 2607 390 2666 vino
416 2607 617 2670 datusfuerat
637 2625 745 2684 puero,
766 2608 816 2684 qui
838 2606 869 2666 iu
892 2607 960 2666 vitoe
978 2605 1147 2666 discrimine
1165 2625 1263 2668 versa-

188 2689 379 2750 batur.·Nam
396 2689 501 2748 falsum
520 2689 576 2750 hoc
596 2690 771 2767 rescriptum
790 2706 853 2748 esse
870 2707 971 2748 omnes
992 2697 1118 2762 norunt,
1133 2688 1263 2768 primum

187 2769 272 2850 quod
289 2771 386 2830 nullus
401 2774 520 2831 Patrum
540 2771 602 2850 ejus
619 2772 751 2848 rescripti
769 2771 915 2845 meminit,
939 2770 1046 2831 deinde
1068 2771 1136 2848 quia
1158 2771 1264 2832 verisi-

186 2853 262 2913 mile
283 2861 415 2927 nonest,
431 2872 578 2913 summum
600 2857 684 2914 Pont.
707 2853 737 2912 in
753 2871 786 2912 re
806 2853 929 2931 protrita
946 2861 1005 2912 tam
1023 2854 1151 2934 graviter
1164 2871 1264 2914 errare

185 2935 335 3014 potuisse,
359 2943 507 3012 postremo
530 2935 655 3014 quiade
674 2935 737 3014 ejus
758 2935 891 3013 rescripti
914 2943 1032 2995 auctore
1050 2953 1108 2995 non
1131 2943 1260 3008 constat,

185 3026 280 3094 atque
294 3015 368 3077 illud
383 3015 443 3077 duo
459 3021 528 3078 hlss.
545 3017 664 3079 Codices
681 3016 829 3095 Stephano
848 3019 893 3092 ll,
913 3017 1017 3077 tertius
1031 3017 1135 3080 Sirioio
1151 3017 1263 3078 adscri-

186 3100 246 3161 bit.
263 3099 387 3160 Consule
402 3101 470 3160 Ant.
492 3098 687 3180 Augustinum
705 3097 740 3158 de
757 3097 872 3160 emend.
891 3099 1030 3160 Gratiam
1047 3097 1097 3161 iib.
1115 3102 1128 3159 l
1147 3097 1259 3182 diabop.

189 3183 232 3243 18
250 3189 320 3241 tom.
339 3181 357 3239 5
373 3199 446 3262 pop.
467 3182 507 3240 90
529 3179 576 3242 ed.
597 3181 685 3244 Lirem
705 3183 800 3257 1767,
825 3181 925 3258 ibique
941 3181 1090 3242 Baluaium
1112 3181 1145 3241 ia
1166 3183 1260 3258 motis,

174 3273 222 3324 ‘et
237 3263 370 3404 Natalerq
382 3263 465 3323 Alex.
482 3260 562 3324 Hist.
578 3259 679 3324 eseias.
703 3281 770 3324 soee.
794 3265 812 3322 8
827 3281 892 3344 cap.
911 3266 924 3324 1
944 3271 1004 3323 ort.
1022 3266 1040 3324 6
1061 3283 1135 3346 pap.
1153 3265 1170 3324 7
1186 3262 1260 3327 edit.

190 3347 295 3407 Venet.
313 3347 350 3405 17
373 3346 403 3404 6.

237 3474 269 3576 1.
298 3474 425 3546 ΧΧΙΙΙ.
460 3475 586 3572 Aquam
615 3475 763 3547 benedici
800 3493 892 3548 vetus
923 3475 1063 3550 ecelesiae
1092 3477 1259 3576 disciplina

184 3590 239 3646 est
253 3574 322 3670 (l);
345 3590 444 3670 atque
466 3572 535 3644 haee
557 3573 691 3670 quidem
714 3592 761 3646 est
789 3574 994 3666 benedictio,
1023 3602 1122 3674 quam
1147 3577 1260 3647 Patres

183 3699 283 3768 aquae
314 3669 628 3767 sanctificationem
658 3689 690 3742 et
727 3680 1017 3746 consecrationem
1053 3701 1093 3770 ap
1119 3673 1260 3744 ellarunt

185 3769 258 3866 (2).
291 3770 425 3842 Duobus
450 3769 564 3840 diebus
587 3797 605 3839 a
625 3771 752 3862 latinis,
781 3799 899 3869 nempe
927 3771 1065 3842 sabbatis
1091 3701 1210 3842 banaio
1226 3789 1260 3842 61

185 3869 397 3940 pentecostes
430 3868 502 3964 (5),
541 3895 558 3938 a
591 3872 702 3962 graecis
734 3887 842 3941 autem
870 3873 904 3940 in
933 3871 1065 3964 singulis
1093 3869 1259 3962 baptismis

183 3991 285 4062 aquae
307 3965 561 4037 benedicuntur.
585 3965 763 4061 Signantur
783 3971 873 4063 signo
895 3971 997 4039 crocis
1014 3967 1090 4061 (1),
1109 3981 1142 4036 61
1161 3984 1258 4038 certae

184 4065 395 4152 abllcclesia
419 4066 576 4137 institutae
598 4091 708 4161 preces
727 4069 760 4135 in
787 4093 824 4138 ea
848 4065 1074 4138 benedictione
1097 4062 1259 4136 adhiben-
