<?xml version="1.0" encoding="UTF-8"?>
<!DOCTYPE html PUBLIC "-//W3C//DTD XHTML 1.0 Transitional//EN"
    "http://www.w3.org/TR/xhtml1/DTD/xhtml1-transitional.dtd">
<html xmlns="http://www.w3.org/1999/xhtml" xml:lang="en" lang="en">
 <head>
  <title>
</title>
<meta http-equiv="Content-Type" content="text/html;charset=utf-8" />
  <meta name='ocr-system' content='tesseract 3.04.00' />
  <meta name='ocr-capabilities' content='ocr_page ocr_carea ocr_par ocr_line ocrx_word'/>
</head>
<body>
  <div class='ocr_page' id='page_1' title='image "./institutionumca00devogoog_0091.png"; bbox 0 0 3100 5182; ppageno 0'>
   <div class='ocr_carea' id='block_1_1' title="bbox 721 831 1052 920">
    <p class='ocr_par' dir='ltr' id='par_1_1' title="bbox 721 831 1052 920">
     <span class='ocr_line' id='line_1_1' title="bbox 721 831 1052 920; baseline -0.012 1"><span class='ocrx_word' id='word_1_1' title='bbox 721 832 919 920; x_wconf 70' lang='lat' dir='ltr'><strong>orout</strong></span> <span class='ocrx_word' id='word_1_2' title='bbox 949 831 1052 918; x_wconf 82' lang='lat' dir='ltr'><strong>vn.</strong></span> 
     </span>
    </p>
   </div>
   <div class='ocr_carea' id='block_1_2' title="bbox 759 1030 1018 1096">
    <p class='ocr_par' dir='ltr' id='par_1_2' title="bbox 759 1030 1018 1096">
     <span class='ocr_line' id='line_1_2' title="bbox 759 1030 1018 1096; baseline 0 -2"><span class='ocrx_word' id='word_1_3' title='bbox 759 1030 795 1094; x_wconf 75' lang='lat' dir='ltr'><strong>Ile</strong></span> <span class='ocrx_word' id='word_1_4' title='bbox 808 1031 867 1096; x_wconf 77' lang='lat' dir='ltr'><strong>Iure</strong></span> <span class='ocrx_word' id='word_1_5' title='bbox 880 1031 1018 1096; x_wconf 80' lang='lat' dir='ltr'><strong>novissimo.</strong></span> 
     </span>
    </p>
   </div>
   <div class='ocr_carea' id='block_1_3' title="bbox 355 1323 1414 1384">
    <p class='ocr_par' dir='ltr' id='par_1_3' title="bbox 355 1323 1414 1384">
     <span class='ocr_line' id='line_1_3' title="bbox 355 1323 1414 1384; baseline -0.002 -4"><span class='ocrx_word' id='word_1_6' title='bbox 355 1329 427 1381; x_wconf 82' lang='lat' dir='ltr'><strong>xcu.</strong></span> <span class='ocrx_word' id='word_1_7' title='bbox 460 1329 677 1382; x_wconf 78' lang='lat' dir='ltr'><strong>Jusnorissimum.</strong></span> <span class='ocrx_word' id='word_1_8' title='bbox 919 1323 1414 1384; x_wconf 63' lang='lat' dir='ltr'><strong>xcvruoxcrxuamucottoeuonoe.</strong></span> 
     </span>
    </p>
   </div>
   <div class='ocr_carea' id='block_1_4' title="bbox 354 1392 1273 1514">
    <p class='ocr_par' dir='ltr' id='par_1_4' title="bbox 354 1392 1273 1514">
     <span class='ocr_line' id='line_1_4' title="bbox 354 1392 1273 1465; baseline -0.003 -19"><span class='ocrx_word' id='word_1_9' title='bbox 354 1396 428 1448; x_wconf 84' lang='lat' dir='ltr'><strong>xcrn</strong></span> <span class='ocrx_word' id='word_1_10' title='bbox 455 1406 479 1448; x_wconf 89' lang='lat' dir='ltr'><strong>et</strong></span> <span class='ocrx_word' id='word_1_11' title='bbox 492 1395 572 1448; x_wconf 74' lang='lat' dir='ltr'><strong>xciv.</strong></span> <span class='ocrx_word' id='word_1_12' title='bbox 595 1397 718 1465; x_wconf 75' lang='lat' dir='ltr'><strong>Sepdmus</strong></span> <span class='ocrx_word' id='word_1_13' title='bbox 734 1395 843 1449; x_wconf 70' lang='lat' dir='ltr'><strong>decretu-</strong></span> <span class='ocrx_word' id='word_1_14' title='bbox 921 1398 949 1448; x_wconf 87' lang='lat' dir='ltr'><strong>G.</strong></span> <span class='ocrx_word' id='word_1_15' title='bbox 999 1395 1098 1464; x_wconf 57' lang='lat' dir='ltr'><strong>Regula</strong></span> <span class='ocrx_word' id='word_1_16' title='bbox 1107 1392 1273 1444; x_wconf 73' lang='lat' dir='ltr'><strong>Grncelian&#39;ae.</strong></span> 
     </span>
     <span class='ocr_line' id='line_1_5' title="bbox 485 1458 1243 1514; baseline -0.005 -3"><span class='ocrx_word' id='word_1_17' title='bbox 485 1461 553 1512; x_wconf 84' lang='lat' dir='ltr'><strong>lium.</strong></span> <span class='ocrx_word' id='word_1_18' title='bbox 920 1463 960 1514; x_wconf 88' lang='lat' dir='ltr'><strong>ct.</strong></span> <span class='ocrx_word' id='word_1_19' title='bbox 1002 1458 1243 1512; x_wconf 77' lang='lat' dir='ltr'><strong>Errumauctoritss.</strong></span> 
     </span>
    </p>
   </div>
   <div class='ocr_carea' id='block_1_5' title="bbox 354 1523 1329 1579">
    <p class='ocr_par' dir='ltr' id='par_1_5' title="bbox 354 1523 1329 1579">
     <span class='ocr_line' id='line_1_6' title="bbox 354 1523 1329 1579; baseline -0.003 -4"><span class='ocrx_word' id='word_1_20' title='bbox 354 1525 424 1577; x_wconf 81' lang='lat' dir='ltr'>XCV.</span> <span class='ocrx_word' id='word_1_21' title='bbox 458 1525 542 1577; x_wconf 69' lang='lat' dir='ltr'><strong>Bulla.</strong></span> <span class='ocrx_word' id='word_1_22' title='bbox 920 1528 971 1579; x_wconf 85' lang='lat' dir='ltr'><strong>CII.</strong></span> <span class='ocrx_word' id='word_1_23' title='bbox 1004 1525 1139 1578; x_wconf 80' lang='lat' dir='ltr'><strong>Concilium</strong></span> <span class='ocrx_word' id='word_1_24' title='bbox 1150 1523 1329 1576; x_wconf 83' lang='lat' dir='ltr'><strong>Tridentinum.</strong></span> 
     </span>
    </p>
   </div>
   <div class='ocr_carea' id='block_1_6' title="bbox 353 1589 1415 1727">
    <p class='ocr_par' dir='ltr' id='par_1_6' title="bbox 353 1589 1415 1727">
     <span class='ocr_line' id='line_1_7' title="bbox 354 1589 1415 1660; baseline -0.003 -19"><span class='ocrx_word' id='word_1_25' title='bbox 354 1591 434 1642; x_wconf 74' lang='lat' dir='ltr'><strong>xcvi.</strong></span> <span class='ocrx_word' id='word_1_26' title='bbox 462 1592 664 1660; x_wconf 77' lang='lat' dir='ltr'><strong>Earumspccies.</strong></span> <span class='ocrx_word' id='word_1_27' title='bbox 921 1593 983 1646; x_wconf 82' lang='lat' dir='ltr'><strong>out.</strong></span> <span class='ocrx_word' id='word_1_28' title='bbox 1001 1591 1180 1646; x_wconf 67' lang='lat' dir='ltr'><strong>Demutationes</strong></span> <span class='ocrx_word' id='word_1_29' title='bbox 1201 1590 1256 1640; x_wconf 70' lang='lat' dir='ltr'><strong>Suc.</strong></span> <span class='ocrx_word' id='word_1_30' title='bbox 1280 1589 1415 1660; x_wconf 64' lang='lat' dir='ltr'><strong>Congrege-</strong></span> 
     </span>
     <span class='ocr_line' id='line_1_8' title="bbox 353 1647 1306 1727; baseline -0.002 -20"><span class='ocrx_word' id='word_1_31' title='bbox 353 1657 445 1710; x_wconf 81' lang='lat' dir='ltr'><strong>xcvu.</strong></span> <span class='ocrx_word' id='word_1_32' title='bbox 458 1657 804 1727; x_wconf 74' lang='lat' dir='ltr'><strong>Distinguunturaiireribus.</strong></span> <span class='ocrx_word' id='word_1_33' title='bbox 1029 1647 1122 1710; x_wconf 86' lang='lat' dir='ltr'><strong>tionum</strong></span> <span class='ocrx_word' id='word_1_34' title='bbox 1133 1654 1306 1708; x_wconf 70' lang='lat' dir='ltr'><strong>cardinalium.</strong></span> 
     </span>
    </p>
   </div>
   <div class='ocr_carea' id='block_1_7' title="bbox 692 1788 975 1889">
    <p class='ocr_par' dir='ltr' id='par_1_7' title="bbox 692 1788 975 1889">
     <span class='ocr_line' id='line_1_9' title="bbox 692 1788 975 1889; baseline -0.011 -24"><span class='ocrx_word' id='word_1_35' title='bbox 692 1811 694 1816; x_wconf 95' lang='lat'>·</span> <span class='ocrx_word' id='word_1_36' title='bbox 800 1788 831 1889; x_wconf 74' lang='lat' dir='ltr'><strong>t</strong></span> <span class='ocrx_word' id='word_1_37' title='bbox 859 1789 975 1864; x_wconf 88' lang='lat' dir='ltr'><strong>xcu.</strong></span> 
     </span>
    </p>
   </div>
   <div class='ocr_carea' id='block_1_8' title="bbox 356 1947 1419 2633">
    <p class='ocr_par' dir='ltr' id='par_1_8' title="bbox 356 1947 1419 2633">
     <span class='ocr_line' id='line_1_10' title="bbox 404 1947 1411 2049; baseline -0.001 -30"><span class='ocrx_word' id='word_1_38' title='bbox 404 1949 517 2022; x_wconf 78' lang='lat' dir='ltr'><strong>Vrruu</strong></span> <span class='ocrx_word' id='word_1_39' title='bbox 543 1949 636 2020; x_wconf 89' lang='lat' dir='ltr'><strong>editis</strong></span> <span class='ocrx_word' id='word_1_40' title='bbox 660 1947 749 2022; x_wconf 91' lang='lat' dir='ltr'><strong>libris</strong></span> <span class='ocrx_word' id='word_1_41' title='bbox 772 1948 856 2042; x_wconf 84' lang='lat' dir='ltr'><strong>illis,</strong></span> <span class='ocrx_word' id='word_1_42' title='bbox 885 1976 965 2049; x_wconf 86' lang='lat' dir='ltr'><strong>quos</strong></span> <span class='ocrx_word' id='word_1_43' title='bbox 991 1950 1146 2022; x_wconf 80' lang='lat' dir='ltr'><strong>hactenus</strong></span> <span class='ocrx_word' id='word_1_44' title='bbox 1176 1947 1411 2036; x_wconf 80' lang='lat' dir='ltr'><strong>recensuimus,</strong></span> 
     </span>
     <span class='ocr_line' id='line_1_11' title="bbox 357 2047 1415 2146; baseline -0.004 -28"><span class='ocrx_word' id='word_1_45' title='bbox 357 2074 449 2121; x_wconf 86' lang='lat' dir='ltr'><strong>novae</strong></span> <span class='ocrx_word' id='word_1_46' title='bbox 472 2047 664 2146; x_wconf 90' lang='lat' dir='ltr'><strong>prodierunt</strong></span> <span class='ocrx_word' id='word_1_47' title='bbox 690 2064 723 2118; x_wconf 89' lang='lat' dir='ltr'><strong>et</strong></span> <span class='ocrx_word' id='word_1_48' title='bbox 750 2047 896 2146; x_wconf 83' lang='lat' dir='ltr'><strong>quotidie</strong></span> <span class='ocrx_word' id='word_1_49' title='bbox 926 2051 962 2119; x_wconf 95' lang='lat' dir='ltr'><strong>in</strong></span> <span class='ocrx_word' id='word_1_50' title='bbox 986 2047 1094 2120; x_wconf 89' lang='lat' dir='ltr'><strong>lucem</strong></span> <span class='ocrx_word' id='word_1_51' title='bbox 1127 2047 1291 2145; x_wconf 91' lang='lat' dir='ltr'><strong>prodeunt</strong></span> <span class='ocrx_word' id='word_1_52' title='bbox 1322 2071 1415 2116; x_wconf 91' lang='lat' dir='ltr'><strong>sum-</strong></span> 
     </span>
     <span class='ocr_line' id='line_1_12' title="bbox 356 2145 1417 2234; baseline -0.004 -18"><span class='ocrx_word' id='word_1_53' title='bbox 356 2148 486 2219; x_wconf 84' lang='lat' dir='ltr'><strong>r&#39;norum</strong></span> <span class='ocrx_word' id='word_1_54' title='bbox 510 2145 709 2217; x_wconf 87' lang='lat' dir='ltr'><strong>Pontificum</strong></span> <span class='ocrx_word' id='word_1_55' title='bbox 737 2149 1004 2234; x_wconf 77' lang='lat' dir='ltr'><strong>constitutiones3</strong></span> <span class='ocrx_word' id='word_1_56' title='bbox 1031 2145 1187 2218; x_wconf 74' lang='lat' dir='ltr'><strong>absolutus</strong></span> <span class='ocrx_word' id='word_1_57' title='bbox 1212 2160 1289 2215; x_wconf 87' lang='lat' dir='ltr'><strong>sunt</strong></span> <span class='ocrx_word' id='word_1_58' title='bbox 1318 2146 1417 2214; x_wconf 85' lang='lat' dir='ltr'><strong>etiam</strong></span> 
     </span>
     <span class='ocr_line' id='line_1_13' title="bbox 356 2241 1414 2342; baseline -0.003 -29"><span class='ocrx_word' id='word_1_59' title='bbox 356 2261 454 2342; x_wconf 84' lang='lat' dir='ltr'><strong>atque</strong></span> <span class='ocrx_word' id='word_1_60' title='bbox 481 2241 519 2314; x_wconf 88' lang='lat' dir='ltr'><strong>ad</strong></span> <span class='ocrx_word' id='word_1_61' title='bbox 551 2270 626 2312; x_wconf 90' lang='lat' dir='ltr'><strong>eum</strong></span> <span class='ocrx_word' id='word_1_62' title='bbox 665 2244 830 2342; x_wconf 85' lang='lat' dir='ltr'><strong>perductae</strong></span> <span class='ocrx_word' id='word_1_63' title='bbox 858 2261 999 2334; x_wconf 66' lang='lat' dir='ltr'><strong>statum,</strong></span> <span class='ocrx_word' id='word_1_64' title='bbox 1033 2247 1067 2315; x_wconf 95' lang='lat' dir='ltr'><strong>in</strong></span> <span class='ocrx_word' id='word_1_65' title='bbox 1102 2269 1168 2341; x_wconf 90' lang='lat' dir='ltr'><strong>quo</strong></span> <span class='ocrx_word' id='word_1_66' title='bbox 1197 2268 1285 2312; x_wconf 91' lang='lat' dir='ltr'><strong>nuno</strong></span> <span class='ocrx_word' id='word_1_67' title='bbox 1318 2256 1414 2330; x_wconf 75' lang='lat' dir='ltr'><strong>sunt,</strong></span> 
     </span>
     <span class='ocr_line' id='line_1_14' title="bbox 357 2339 1416 2438; baseline -0.004 -27"><span class='ocrx_word' id='word_1_68' title='bbox 357 2342 477 2438; x_wconf 81' lang='lat' dir='ltr'><strong>regulae</strong></span> <span class='ocrx_word' id='word_1_69' title='bbox 518 2339 733 2428; x_wconf 77' lang='lat' dir='ltr'><strong>cenoeIIeriae3</strong></span> <span class='ocrx_word' id='word_1_70' title='bbox 774 2342 922 2413; x_wconf 84' lang='lat' dir='ltr'><strong>habitum</strong></span> <span class='ocrx_word' id='word_1_71' title='bbox 955 2341 1126 2413; x_wconf 89' lang='lat' dir='ltr'><strong>concilium</strong></span> <span class='ocrx_word' id='word_1_72' title='bbox 1164 2340 1416 2428; x_wconf 85' lang='lat' dir='ltr'><strong>Tridentinum,</strong></span> 
     </span>
     <span class='ocr_line' id='line_1_15' title="bbox 357 2435 1418 2538; baseline -0.001 -29"><span class='ocrx_word' id='word_1_73' title='bbox 357 2438 445 2535; x_wconf 93' lang='lat' dir='ltr'><strong>quod</strong></span> <span class='ocrx_word' id='word_1_74' title='bbox 471 2464 538 2510; x_wconf 90' lang='lat' dir='ltr'><strong>non</strong></span> <span class='ocrx_word' id='word_1_75' title='bbox 564 2455 692 2510; x_wconf 81' lang='lat' dir='ltr'><strong>tuntum</strong></span> <span class='ocrx_word' id='word_1_76' title='bbox 726 2439 861 2511; x_wconf 87' lang='lat' dir='ltr'><strong>Lutheri</strong></span> <span class='ocrx_word' id='word_1_77' title='bbox 894 2443 1079 2538; x_wconf 84' lang='lat' dir='ltr'><strong>praesertim</strong></span> <span class='ocrx_word' id='word_1_78' title='bbox 1104 2455 1138 2510; x_wconf 89' lang='lat' dir='ltr'><strong>et</strong></span> <span class='ocrx_word' id='word_1_79' title='bbox 1166 2437 1289 2510; x_wconf 77' lang='lat' dir='ltr'><strong>calvini</strong></span> <span class='ocrx_word' id='word_1_80' title='bbox 1316 2435 1418 2508; x_wconf 84' lang='lat' dir='ltr'><strong>haere·</strong></span> 
     </span>
     <span class='ocr_line' id='line_1_16' title="bbox 356 2532 1419 2633; baseline -0.002 -27"><span class='ocrx_word' id='word_1_81' title='bbox 356 2562 404 2606; x_wconf 88' lang='lat' dir='ltr'><strong>ses</strong></span> <span class='ocrx_word' id='word_1_82' title='bbox 432 2535 637 2633; x_wconf 72' lang='lat' dir='ltr'><strong>profligavit,</strong></span> <span class='ocrx_word' id='word_1_83' title='bbox 666 2537 723 2608; x_wconf 88' lang='lat' dir='ltr'><strong>sed</strong></span> <span class='ocrx_word' id='word_1_84' title='bbox 754 2539 855 2608; x_wconf 85' lang='lat' dir='ltr'><strong>multu</strong></span> <span class='ocrx_word' id='word_1_85' title='bbox 872 2541 969 2610; x_wconf 82' lang='lat' dir='ltr'><strong>etium</strong></span> <span class='ocrx_word' id='word_1_86' title='bbox 997 2537 1214 2610; x_wconf 82' lang='lat' dir='ltr'><strong>ecclesiastieae</strong></span> <span class='ocrx_word' id='word_1_87' title='bbox 1241 2532 1419 2629; x_wconf 82' lang='lat' dir='ltr'><strong>discipliuae</strong></span> 
     </span>
    </p>
   </div>
   <div class='ocr_carea' id='block_1_9' title="bbox 355 2635 1419 3192">
    <p class='ocr_par' dir='ltr' id='par_1_9' title="bbox 355 2635 1419 3192">
     <span class='ocr_line' id='line_1_17' title="bbox 356 2635 1419 2734; baseline -0.005 -29"><span class='ocrx_word' id='word_1_88' title='bbox 356 2637 459 2730; x_wconf 82' lang='lat' dir='ltr'><strong>cupita</strong></span> <span class='ocrx_word' id='word_1_89' title='bbox 481 2637 671 2723; x_wconf 78' lang='lat' dir='ltr'><strong>constituit3</strong></span> <span class='ocrx_word' id='word_1_90' title='bbox 696 2635 837 2734; x_wconf 92' lang='lat' dir='ltr'><strong>denique</strong></span> <span class='ocrx_word' id='word_1_91' title='bbox 864 2637 973 2732; x_wconf 88' lang='lat' dir='ltr'><strong>plures</strong></span> <span class='ocrx_word' id='word_1_92' title='bbox 991 2639 1130 2706; x_wconf 80' lang='lat' dir='ltr'><strong>etiamn</strong></span> <span class='ocrx_word' id='word_1_93' title='bbox 1160 2636 1254 2706; x_wconf 78' lang='lat' dir='ltr'><strong>sacris</strong></span> <span class='ocrx_word' id='word_1_94' title='bbox 1279 2657 1419 2726; x_wconf 77' lang='lat' dir='ltr'><strong>congre-</strong></span> 
     </span>
     <span class='ocr_line' id='line_1_18' title="bbox 356 2731 1418 2832; baseline -0.002 -30"><span class='ocrx_word' id='word_1_95' title='bbox 356 2732 538 2826; x_wconf 81' lang='lat' dir='ltr'><strong>gationibus</strong></span> <span class='ocrx_word' id='word_1_96' title='bbox 554 2733 784 2825; x_wconf 74' lang='lat' dir='ltr'><strong>cardinalium,</strong></span> <span class='ocrx_word' id='word_1_97' title='bbox 805 2737 987 2832; x_wconf 84' lang='lat' dir='ltr'><strong>praesertim</strong></span> <span class='ocrx_word' id='word_1_98' title='bbox 1013 2733 1138 2806; x_wconf 92' lang='lat' dir='ltr'><strong>concilii</strong></span> <span class='ocrx_word' id='word_1_99' title='bbox 1159 2731 1342 2803; x_wconf 87' lang='lat' dir='ltr'><strong>Tridentini</strong></span> <span class='ocrx_word' id='word_1_100' title='bbox 1367 2731 1418 2800; x_wconf 94' lang='lat' dir='ltr'><strong>in·</strong></span> 
     </span>
     <span class='ocr_line' id='line_1_19' title="bbox 355 2827 1418 2926; baseline -0.001 -27"><span class='ocrx_word' id='word_1_101' title='bbox 355 2847 556 2926; x_wconf 78' lang='lat' dir='ltr'><strong>terpretum,</strong></span> <span class='ocrx_word' id='word_1_102' title='bbox 588 2831 817 2903; x_wconf 78' lang='lat' dir='ltr'><strong>declarationes</strong></span> <span class='ocrx_word' id='word_1_103' title='bbox 849 2835 971 2904; x_wconf 74' lang='lat' dir='ltr'><strong>emissos</strong></span> <span class='ocrx_word' id='word_1_104' title='bbox 997 2848 1085 2902; x_wconf 86' lang='lat' dir='ltr'><strong>sunt.</strong></span> <span class='ocrx_word' id='word_1_105' title='bbox 1116 2831 1163 2900; x_wconf 85' lang='lat' dir='ltr'><strong>Er</strong></span> <span class='ocrx_word' id='word_1_106' title='bbox 1191 2829 1239 2900; x_wconf 88' lang='lat' dir='ltr'><strong>his</strong></span> <span class='ocrx_word' id='word_1_107' title='bbox 1265 2827 1418 2898; x_wconf 87' lang='lat' dir='ltr'><strong>omnibus</strong></span> 
     </span>
     <span class='ocr_line' id='line_1_20' title="bbox 355 2927 1417 3028; baseline -0.003 -30"><span class='ocrx_word' id='word_1_108' title='bbox 355 2927 526 3000; x_wconf 87' lang='lat' dir='ltr'><strong>conficitur</strong></span> <span class='ocrx_word' id='word_1_109' title='bbox 548 2929 605 2999; x_wconf 82' lang='lat' dir='ltr'><strong>lus</strong></span> <span class='ocrx_word' id='word_1_110' title='bbox 628 2931 856 3020; x_wconf 81' lang='lat' dir='ltr'><strong>novissimum,</strong></span> <span class='ocrx_word' id='word_1_111' title='bbox 873 2929 1019 3000; x_wconf 80' lang='lat' dir='ltr'><strong>videlicet</strong></span> <span class='ocrx_word' id='word_1_112' title='bbox 1032 2932 1088 3028; x_wconf 89' lang='lat' dir='ltr'><strong>jus</strong></span> <span class='ocrx_word' id='word_1_113' title='bbox 1108 2930 1320 3000; x_wconf 85' lang='lat' dir='ltr'><strong>constitutum</strong></span> <span class='ocrx_word' id='word_1_114' title='bbox 1343 2942 1417 3021; x_wconf 83' lang='lat' dir='ltr'><strong>post</strong></span> 
     </span>
     <span class='ocr_line' id='line_1_21' title="bbox 355 3025 1417 3124; baseline -0.001 -29"><span class='ocrx_word' id='word_1_115' title='bbox 355 3025 518 3118; x_wconf 81' lang='lat' dir='ltr'><strong>evulgatos</strong></span> <span class='ocrx_word' id='word_1_116' title='bbox 542 3025 661 3116; x_wconf 75' lang='lat' dir='ltr'><strong>libros,</strong></span> <span class='ocrx_word' id='word_1_117' title='bbox 695 3025 813 3122; x_wconf 90' lang='lat' dir='ltr'><strong>quibus</strong></span> <span class='ocrx_word' id='word_1_118' title='bbox 841 3051 956 3124; x_wconf 90' lang='lat' dir='ltr'><strong>corpus</strong></span> <span class='ocrx_word' id='word_1_119' title='bbox 984 3027 1070 3098; x_wconf 82' lang='lat' dir='ltr'><strong>luris</strong></span> <span class='ocrx_word' id='word_1_120' title='bbox 1099 3027 1244 3099; x_wconf 79' lang='lat' dir='ltr'><strong>cononici</strong></span> <span class='ocrx_word' id='word_1_121' title='bbox 1270 3039 1417 3095; x_wconf 82' lang='lat' dir='ltr'><strong>constare</strong></span> 
     </span>
     <span class='ocr_line' id='line_1_22' title="bbox 356 3123 507 3192; baseline 0 0"><span class='ocrx_word' id='word_1_122' title='bbox 356 3123 507 3192; x_wconf 79' lang='lat' dir='ltr'><strong>diximus.</strong></span> 
     </span>
    </p>
   </div>
   <div class='ocr_carea' id='block_1_10' title="bbox 271 3241 1418 4028">
    <p class='ocr_par' dir='ltr' id='par_1_10' title="bbox 271 3241 1418 4028">
     <span class='ocr_line' id='line_1_23' title="bbox 393 3241 1418 3411; baseline -0.001 -98"><span class='ocrx_word' id='word_1_123' title='bbox 393 3241 436 3411; x_wconf 37' lang='lat' dir='ltr'><strong>ff..</strong></span> <span class='ocrx_word' id='word_1_124' title='bbox 465 3241 585 3316; x_wconf 80' lang='lat' dir='ltr'><strong>XCIII.</strong></span> <span class='ocrx_word' id='word_1_125' title='bbox 614 3245 744 3360; x_wconf 82' lang='lat' dir='ltr'><strong>Primus</strong></span> <span class='ocrx_word' id='word_1_126' title='bbox 770 3245 943 3343; x_wconf 82' lang='lat' dir='ltr'><strong>Gregorius</strong></span> <span class='ocrx_word' id='word_1_127' title='bbox 965 3245 1049 3317; x_wconf 89' lang='lat' dir='ltr'><strong>XIII</strong></span> <span class='ocrx_word' id='word_1_128' title='bbox 1076 3249 1221 3360; x_wconf 77' lang='lat' dir='ltr'><strong>animum</strong></span> <span class='ocrx_word' id='word_1_129' title='bbox 1246 3244 1362 3342; x_wconf 84' lang='lat' dir='ltr'><strong>adjecit</strong></span> <span class='ocrx_word' id='word_1_130' title='bbox 1373 3242 1418 3312; x_wconf 87' lang='lat' dir='ltr'><strong>ud</strong></span> 
     </span>
     <span class='ocr_line' id='line_1_24' title="bbox 355 3341 1418 3438; baseline -0.001 -24"><span class='ocrx_word' id='word_1_131' title='bbox 355 3367 393 3414; x_wconf 91' lang='lat' dir='ltr'><strong>co</strong></span> <span class='ocrx_word' id='word_1_132' title='bbox 419 3341 549 3437; x_wconf 83' lang='lat' dir='ltr'><strong>rgendos</strong></span> <span class='ocrx_word' id='word_1_133' title='bbox 580 3359 823 3416; x_wconf 76' lang='lat' dir='ltr'><strong>constitutiones</strong></span> <span class='ocrx_word' id='word_1_134' title='bbox 855 3369 1055 3416; x_wconf 89' lang='lat' dir='ltr'><strong>summorum</strong></span> <span class='ocrx_word' id='word_1_135' title='bbox 1086 3341 1303 3432; x_wconf 78' lang='lat' dir='ltr'><strong>Pontificum,</strong></span> <span class='ocrx_word' id='word_1_136' title='bbox 1342 3365 1418 3438; x_wconf 83' lang='lat' dir='ltr'><strong>quae</strong></span> 
     </span>
     <span class='ocr_line' id='line_1_25' title="bbox 356 3437 1417 3614; baseline 0 -8"><span class='ocrx_word' id='word_1_137' title='bbox 356 3437 721 3610; x_wconf 56' lang='lat' dir='ltr'><strong>llitsllmddtl</strong></span> <span class='ocrx_word' id='word_1_138' title='bbox 748 3441 854 3612; x_wconf 64' lang='lat'><strong>¹35⁹?</strong></span> <span class='ocrx_word' id='word_1_139' title='bbox 878 3440 1272 3614; x_wconf 61' lang='lat' dir='ltr'><strong>tt‘lt‘ttttdttd</strong></span> <span class='ocrx_word' id='word_1_140' title='bbox 1285 3441 1417 3608; x_wconf 46' lang='lat' dir='ltr'><strong>sil&amp;</strong></span> 
     </span>
     <span class='ocr_line' id='line_1_26' title="bbox 355 3566 1415 3736; baseline 0.001 -32"><span class='ocrx_word' id='word_1_141' title='bbox 355 3651 440 3706; x_wconf 89' lang='lat' dir='ltr'><strong>rent.</strong></span> <span class='ocrx_word' id='word_1_142' title='bbox 472 3633 537 3706; x_wconf 91' lang='lat' dir='ltr'><strong>Sed</strong></span> <span class='ocrx_word' id='word_1_143' title='bbox 562 3661 601 3708; x_wconf 89' lang='lat' dir='ltr'><strong>eo</strong></span> <span class='ocrx_word' id='word_1_144' title='bbox 626 3566 780 3728; x_wconf 71' lang='lat' dir='ltr'><strong>moirti,</strong></span> <span class='ocrx_word' id='word_1_145' title='bbox 808 3567 885 3709; x_wconf 74' lang='lat' dir='ltr'><strong>cdiii</strong></span> <span class='ocrx_word' id='word_1_146' title='bbox 909 3663 990 3736; x_wconf 89' lang='lat' dir='ltr'><strong>opus</strong></span> <span class='ocrx_word' id='word_1_147' title='bbox 1015 3637 1121 3710; x_wconf 85' lang='lat' dir='ltr'><strong>udhuc</strong></span> <span class='ocrx_word' id='word_1_148' title='bbox 1142 3653 1222 3709; x_wconf 85' lang='lat' dir='ltr'><strong>esset</strong></span> <span class='ocrx_word' id='word_1_149' title='bbox 1237 3635 1415 3724; x_wconf 76' lang='lat' dir='ltr'><strong>infectum,</strong></span> 
     </span>
     <span class='ocr_line' id='line_1_27' title="bbox 353 3731 1417 3902; baseline -0.003 -98"><span class='ocrx_word' id='word_1_150' title='bbox 353 3731 435 3847; x_wconf 82' lang='lat' dir='ltr'><strong>illud</strong></span> <span class='ocrx_word' id='word_1_151' title='bbox 460 3731 695 3902; x_wconf 45' lang='lat' dir='ltr'><strong>{efficiendum</strong></span> <span class='ocrx_word' id='word_1_152' title='bbox 723 3738 845 3849; x_wconf 74' lang='lat' dir='ltr'><strong>curavit</strong></span> <span class='ocrx_word' id='word_1_153' title='bbox 865 3735 973 3809; x_wconf 81' lang='lat' dir='ltr'><strong>Sixtus</strong></span> <span class='ocrx_word' id='word_1_154' title='bbox 986 3734 1050 3850; x_wconf 70' lang='lat' dir='ltr'><strong>‚V&#39;</strong></span> <span class='ocrx_word' id='word_1_155' title='bbox 1078 3761 1144 3834; x_wconf 92' lang='lat' dir='ltr'><strong>quo</strong></span> <span class='ocrx_word' id='word_1_156' title='bbox 1173 3737 1272 3807; x_wconf 81' lang='lat' dir='ltr'><strong>etiam</strong></span> <span class='ocrx_word' id='word_1_157' title='bbox 1295 3732 1417 3802; x_wconf 82' lang='lat' dir='ltr'><strong>humo·</strong></span> 
     </span>
     <span class='ocr_line' id='line_1_28' title="bbox 354 3831 1415 3931; baseline -0.003 -29"><span class='ocrx_word' id='word_1_158' title='bbox 354 3858 403 3903; x_wconf 88' lang='lat' dir='ltr'><strong>urs</strong></span> <span class='ocrx_word' id='word_1_159' title='bbox 430 3858 465 3904; x_wconf 92' lang='lat' dir='ltr'><strong>re</strong></span> <span class='ocrx_word' id='word_1_160' title='bbox 489 3857 525 3902; x_wconf 91' lang='lat' dir='ltr'><strong>us</strong></span> <span class='ocrx_word' id='word_1_161' title='bbox 549 3849 679 3931; x_wconf 75' lang='lat' dir='ltr'><strong>erepto,</strong></span> <span class='ocrx_word' id='word_1_162' title='bbox 709 3832 850 3930; x_wconf 89' lang='lat' dir='ltr'><strong>denrque</strong></span> <span class='ocrx_word' id='word_1_163' title='bbox 870 3859 951 3930; x_wconf 88' lang='lat' dir='ltr'><strong>opus</strong></span> <span class='ocrx_word' id='word_1_164' title='bbox 985 3849 1149 3930; x_wconf 77' lang='lat' dir='ltr'><strong>integrum</strong></span> <span class='ocrx_word' id='word_1_165' title='bbox 1175 3831 1358 3904; x_wconf 74' lang='lat' dir='ltr'><strong>absolutum</strong></span> <span class='ocrx_word' id='word_1_166' title='bbox 1377 3845 1415 3900; x_wconf 90' lang='lat' dir='ltr'><strong>et</strong></span> 
     </span>
     <span class='ocr_line' id='line_1_29' title="bbox 271 3929 1416 4028; baseline -0.002 -28"><span class='ocrx_word' id='word_1_167' title='bbox 271 3932 273 3941; x_wconf 87' lang='grc'><strong>’</strong></span> <span class='ocrx_word' id='word_1_168' title='bbox 356 3932 440 4027; x_wconf 87' lang='lat' dir='ltr'><strong>typis</strong></span> <span class='ocrx_word' id='word_1_169' title='bbox 473 3957 625 4003; x_wconf 80' lang='lat' dir='ltr'><strong>excusum</strong></span> <span class='ocrx_word' id='word_1_170' title='bbox 666 3948 714 4003; x_wconf 87' lang='lat' dir='ltr'><strong>est</strong></span> <span class='ocrx_word' id='word_1_171' title='bbox 741 3930 909 4005; x_wconf 85' lang='lat' dir='ltr'><strong>Clemente</strong></span> <span class='ocrx_word' id='word_1_172' title='bbox 937 3930 1019 4004; x_wconf 84' lang='lat' dir='ltr'><strong>VIII</strong></span> <span class='ocrx_word' id='word_1_173' title='bbox 1060 3929 1235 4022; x_wconf 81' lang='lat' dir='ltr'><strong>Pontifice,</strong></span> <span class='ocrx_word' id='word_1_174' title='bbox 1259 3931 1416 4028; x_wconf 92' lang='lat' dir='ltr'><strong>quicum</strong></span> 
     </span>
    </p>
   </div>
   <div class='ocr_carea' id='block_1_11' title="bbox 0 0 1554 5182">
    <p class='ocr_par' dir='ltr' id='par_1_11' title="bbox 0 0 1554 5182">
     <span class='ocr_line' id='line_1_30' title="bbox 0 0 1554 5182; baseline 0 2"><span class='ocrx_word' id='word_1_175' title='bbox 0 0 1554 5182; x_wconf 95' lang='lat' dir='ltr'><strong> </strong></span> 
     </span>
    </p>
   </div>
  </div>
 </body>
</html>
