3164 5174
822 465 1043 536 ...524-

394 615 482 697 apud.
495 615 585 678 labb.
612 623 682 677 tom.
703 617 723 677 2
744 632 815 676 mox
834 611 929 675 relato
946 613 1017 676 edit.
1041 615 1158 690 Venet,
1183 621 1214 674 et
1236 613 1292 674 alia
1313 614 1457 693 perunum

394 697 532 775 eoncilia,
549 717 677 778 quorum
693 715 818 758 canones
833 715 870 756 ex
885 705 968 776 parte
984 697 1075 758 refert
1097 697 1252 758 Gratianus
1277 695 1311 756 in
1334 715 1417 758 cnm.
1438 697 1457 756 7

395 801 425 863 q.
442 784 472 840 1.
489 781 626 859 Apposite
640 781 670 842 S.
692 781 812 841 llieron.
834 797 880 860 ep.
899 779 937 839 69
955 777 996 840 aa
1020 781 1171 840 Oceanum
1191 797 1275 839 nam.
1295 775 1381 839 toul.
1397 781 1458 840 115

395 873 465 922 tom.
493 865 507 922 1
527 880 612 944 opp,
635 859 718 922 solit.v
733 863 839 922 Veron.
860 863 950 922 stet:
978 888 991 914 a
1006 865 1042 922 Et
1062 861 1134 939 hoe,
1161 862 1272 939 inquit,
1293 861 1325 921 in
1343 861 1458 922 lueaena

394 943 545 1024 synodos
576 943 707 1023 patribus
733 943 899 1018 decretum,
926 961 964 1003 ne
992 943 1029 1004 de
1056 943 1112 1003 alia
1137 944 1169 1004 iu
1196 943 1282 1004 aliam
1309 943 1459 1003 ecelesiam

263 1061 268 1072 ·
336 1037 339 1042 '
395 1025 1125 1106 episeopustransserntur,nevirginispaupneuln
1134 1026 1270 1087 mdetate
1280 1031 1457 1104 eontempta,

265 1169 272 1184 ,Ι
396 1107 511 1168 ditioris
524 1107 663 1168 adultere
676 1115 787 1185 quaerat
800 1107 987 1187 amplexus.»

435 1189 478 1270 (a)
497 1191 585 1250 cona.
602 1188 853 1270 anaspum.
871 1191 910 1250 2⁷
922 1177 1097 1250 conseant.
1115 1185 1373 1250 losantanas.
1577 1231 1578 1280 4

435 1271 477 1352 (ὅ)
498 1271 575 1332 Vide
589 1272 710 1352 Pagium
722 1269 817 1333 aritio.
834 1271 868 1332 in
878 1275 994 1332 Boron.
1010 1268 1051 1331 aa
1064 1289 1116 1330 nn.
1130 1273 1189 1332 524
1200 1289 1286 1332 num.
1301 1271 1341 1331 62
1355 1273 1460 1332 toas
1577 1285 1578 1342 i

390 1371 464 1434 pop.
484 1354 539 1429 78,
559 1351 606 1414 eal.
625 1353 714 1414 Lueoe
729 1355 820 1414 ¹729.
838 1353 980 1416 Similiter
995 1356 1025 1414 S.
1047 1356 1169 1432 Gregor.
1185 1353 1335 1429 Noniano,
1356 1353 1460 1414 relicto
1577 1343 1578 1362 ³

394 1435 577 1514 episcopatu,
598 1453 696 1530 quem·
705 1434 820 1514 pridem
842 1435 983 1512 habebat,
1008 1433 1171 1530 Theodosio
1194 1438 1234 1496 11.
1263 1439 1457 1514 Imperatore,

393 1514 431 1575 ad
455 1519 512 1578 CP.
539 1517 637 1577 etalii
657 1525 745 1578 etiam
768 1518 894 1597 episcopi
918 1517 956 1578 ad
978 1516 1048 1578 alins
1067 1517 1200 1577 eeclesias
1220 1517 1353 1577 translati
1377 1528 1457 1578 sunt.

394 1597 550 1677 Exquibus
561 1598 752 1680 intelligitur,
767 1599 969 1680 episcoporum
981 1599 1199 1678 transsationes,
1211 1599 1394 1678 quujustam
1406 1599 1461 1660 ha-

394 1677 502 1742 bebant
516 1699 646 1758 eausam,
662 1682 817 1761 permissas
830 1681 929 1742 luisse.

441 1933 473 2032 ς.
507 1932 599 2004 xlv,
642 1933 791 2032 Episcopi
821 1959 887 2006 non
919 1936 981 2005 nisi
1004 1933 1041 2006 S.
1073 1932 1242 2007 Pontilieis
1270 1937 1464 2007 auctoritate

393 2030 435 2100 ad
477 2030 572 2102 aliam
607 2030 718 2102 εοᾶοηι
754 2031 994 2104 transferuntur
1040 2031 1106 2128 (l).
1141 2033 1185 2102 Et
1211 2033 1293 2105 adeo
1322 2033 1458 2130 quidem

391 2128 515 2226 pendet
540 2155 558 2199 a
585 2128 753 2202 Pontificio
785 2145 943 2227 potestate
967 2130 1152 2220 translatio,
1184 2146 1224 2202 ut
1242 2135 1269 2202 si
1297 2134 1385 2228 quis,
1415 2157 1459 2203 eo

392 2231 526 2322 ignaro,
552 2243 658 2298 mutet
677 2229 862 2318 ecelesiam,
888 2255 956 2301 non
982 2253 1098 2300 novam
1126 2228 1246 2318 modo,
1278 2229 1460 2300 sedetiam

376 2341 555 2415 *semrom
591 2351 689 2423 quam
718 2326 867 2422 regebat,
906 2329 1032 2398 amittat
1064 2326 1142 2422 (2);
1179 2344 1213 2398 et
1242 2330 1269 2398 si
1308 2327 1460 2399 Pontifex

391 2423 1460 2621 {osiannatensanusaaut2

435 2768 477 2850 (1)
499 2771 571 2852 Cup.
590 2771 609 2830 2
626 2767 662 2832 de
683 2765 804 2831 Transi.
824 2769 912 2852 episc.
929 2767 971 2852 (i)
987 2773 1060 2854 Cap.
1076 2773 1095 2833 5
1112 2769 1176 2834 eod.
1197 2769 1239 2854 (5)
1262 2773 1335 2855 Cap.
1352 2777 1373 2834 l
1392 2771 1460 2836 enai.

441 3005 471 3106 §.
516 3007 596 3078 XV.
641 3009 847 3082 Transfertur
875 3013 1041 3110 episeopus
1079 3011 1128 3083 vel
1157 3011 1303 3084 utilitatis
1343 3041 1462 3106 eausa,

390 3107 416 3176 si
446 3103 576 3176 alterius
605 3105 745 3179 ecolesiae
773 3111 928 3208 regimini
960 3111 1068 3184 utilior
1098 3110 1255 3183 habeatur
1289 3112 1365 3209 (l);
1404 3115 1463 3187 vel

394 3205 601 3294 sensuimus,
617 3207 643 3275 si
659 3207 727 3302 ipse
738 3208 861 3304 populo
876 3210 911 3278 in
926 3207 1038 3282 odium
1055 3209 1294 3282 acerbissimum
1312 3215 1463 3303 venerit,

395 3305 421 3372 si
446 3301 601 3372 infestum
628 3304 697 3402 ejus
718 3302 781 3376 loci
803 3331 910 3377 aerem
924 3306 1008 3378 ferre
1030 3333 1098 3381 non
1120 3311 1239 3404 possit,
1266 3312 1292 3380 si
1316 3333 1465 3407 praesens

396 3396 527 3471 eeclesia
551 3399 592 3470 ab
619 3400 763 3474 hostibus
786 3428 893 3475 eversa
918 3408 959 3476 sit
989 3405 1057 3503 (2).
1089 3405 1255 3478 Minorum
1287 3405 1465 3480 beneficio

397 3523 470 3568 rum
501 3516 639 3570 rectores
662 3499 814 3572 transfert
840 3505 1021 3600 episeopus,
1055 3507 1146 3604 cujus
1175 3508 1208 3574 in
1239 3505 1310 3578 loeo
1335 3530 1370 3576 ea
1394 3509 1467 3578 sita

397 3611 492 3688 sunt,
516 3595 663 3695 laetaque
677 3599 885 3672 translatione
916 3619 1005 3673 vacat
1030 3602 1247 3694 beneficium,
1280 3629 1355 3676 eum
1377 3609 1469 3678 saeui

396 3719 535 3767 mannes
551 3695 693 3792 aliquem
737 3696 860 3770 laribus
881 3699 1017 3772 ecclesiis
1037 3699 1176 3774 adscribi
1191 3717 1397 3799 vetent5qua
1423 3705 1469 3776 de

399 3819 433 3865 re
448 3793 527 3865 alius
544 3796 606 3865 erit
617 3819 698 3890 agen
722 3795 732 3864 i
750 3794 851 3868 locus.

439 4037 480 4121 (1)
503 4041 1117 4128 11111510.Ὶᾳ.1.(1)13αη.111111ο.
1135 4049 1238 4129 lpl.
