3122 5170
108 591 155 652 tit.
174 593 211 652 15
225 589 251 674 §.
269 561 376 675 spuo:
388 591 448 655 157
461 589 507 655 ad.
529 567 653 656 vindob.
670 571 766 670 tt's'r,
780 605 880 654 vooem
898 591 978 654 illam
991 591 1175 654 retinendam
1243 647 1256 676 ,,
1273 609 1311 684 λ,,;
1329 671 1336 678 .

107 674 323 738 esseostendit.
345 676 484 754 quoniam
507 675 636 736 conditio
650 683 694 736 est
707 681 840 756 pactum,
866 675 1012 754 perquoal
1026 674 1070 735 rei
1084 675 1176 738 eoele-
1386 691 1406 706 ’“

108 757 159 816 siae
181 756 392 818 detrimentum
406 757 509 818 inferri
524 766 632 838 potest.

157 882 188 985 §.
218 885 277 956 Ill.
317 886 433 985 Neque
472 886 578 960 solum
613 913 663 958 res
701 885 882 958 immobiles
922 887 1085 979 ecclesis,
1129 837 1178 958 titi

106 983 229 1079 praedia
255 987 372 1056 rustica
399 1001 433 1058 et
456 985 599 1076 urbana,
624 985 754 1057 alienari
782 1002 971 1082 nequeunt,
1001 986 1175 1058 sedetiam

106 1107 157 1152 res
185 1082 365 1154 immobiles
396 1086 565 1180 pretiosae,
601 1109 676 1182 quae
714 1085 831 1154 serrari
860 1099 1014 1180 possunt,
1049 1087 1175 1180 integra

107 1195 260 1290 armenta¹
294 1206 470 1279 gregesque
495 1184 630 1279 integri,
668 1181 798 1253 arbores
828 1181 953 1280 praedio
997 1181 1091 1254 utiles
1139 1208 1176 1252 ao
1247 1235 1280 1278 ,Ι
1363 1253 1366 1262 ,

106 1302 310 1369 necessarrae,
348 1281 444 1377 jura,
489 1281 649 1369 actiones,
693 1305 824 1368 census,
875 1295 981 1350 cetera
1028 1305 1067 1350 ex
1105 1283 1175 1378 qui-

106 1373 167 1446 hus
206 1379 307 1447 annui
336 1376 460 1448 lruotus
489 1379 674 1476 capiuntur.
717 1377 842 1449 Verum
876 1377 1027 1448 alienatio
1066 1377 1174 1468 valet,
1254 1419 1259 1431 ·

106 1475 131 1540 si
159 1474 248 1567 justa
277 1473 318 1546 de
348 1501 441 1546 causa
474 1492 506 1547 et
537 1475 687 1547 adhibitis
716 1475 973 1548 solemnitatibus
1004 1475 1086 1546 facta
1118 1478 1171 1548 sit.

105 1567 206 1641 Causa
230 1571 279 1642 vel
305 1588 354 1644 est
376 1577 590 1664 necessitatis,
616 1591 696 1671 puta
726 1577 797 1646 aeris
829 1573 925 1644 alieni
958 1571 1175 1661 dissolvendi,

106 1694 181 1739 oum
216 1671 245 1740 ei
270 1670 428 1742 fructibus
451 1671 598 1744 satisfieri
627 1699 694 1743 non
728 1674 829 1769 possit
857 1671 936 1768 (l);
974 1672 1024 1742 vel
1056 1671 1175 1740 utilita-

107 1767 167 1854 tis,
196 1769 221 1838 si
250 1768 392 1842 eeclesiae
413 1769 499 1841 utilis
529 1771 637 1842 futura
662 1773 705 1840 sit
728 1771 901 1862 alienatio,
931 1785 1010 1866 puta
1039 1771 1066 1838 si
1089 1768 1176 1841 aedes

106 1865 244 1936 ruinosae
276 1869 310 1938 in
349 1867 611 1968 emphytheusim
651 1867 791 1960 dentur,
829 1867 881 1938 vel
900 1867 1069 1960 ¹silvestria
1107 1865 1176 1939 loca

106 1965 239 2059 agrique
267 1965 382 2036 inculti
418 1967 539 2038 oolonis
557 1969 827 2064 permittuntur,
863 1981 919 2036 aut
952 1981 1049 2036 terrae
1078 1964 1176 2060 longe

106 2064 220 2155 positoe
244 2087 321 2132 oum
347 2065 456 2135 ricinis
485 2081 729 2137 commutantur
761 2065 839 2160 (2),
865 2063 916 2134 vel
945 2063 1080 2135 demum
1107 2066 1175 2159 pie·

105 2161 198 2248 tatis,
232 2176 311 2256 puta
339 2163 365 2230 si
397 2161 490 2232 samis
518 2177 666 2260 tempore
703 2161 810 2234 alendi
852 2187 1030 2259 pauperes,
1068 2179 1124 2232 aut
1148 2163 1175 2230 si

106 2259 222 2354 captivi
236 2257 418 2330 redimendi
445 2263 512 2331 sint
527 2261 598 2356 (5).

159 2421 187 2502 1)
210 2421 298 2484 ctam.
317 2428 330 2486 1
347 2423 383 2486 de
397 2423 468 2488 flet.
484 2423 583 2488 eccles.
600 2445 659 2488 oon
673 2422 764 2487 olion.

157 2506 187 2584 1)
211 2507 283 2566 Cora.
302 2509 340 2567 55
352 2527 420 2589 cop.
437 2509 476 2569 11
490 2527 520 2590 q.
535 2509 554 2568 1
568 2527 634 2588 cop.
653 2513 666 2568 1
683 2505 718 2568 de
732 2527 791 2570 rer.
801 2517 933 2592 permut.

157 2587 187 2668 5)
211 2590 284 2649 Con.
299 2591 337 2651 15
350 2597 448 2673 etseq.
464 2597 492 2652 et
506 2609 574 2652 con.
591 2591 630 2650 70
644 2597 672 2652 at
684 2592 718 2652 71
734 2609 801 2673 cop.
817 2593 898 2674 ¹²11·
916 2594 946 2652 1.

151 2740 181 2843 §.
219 2741 281 2816 IV.
318 2743 545 2818 Solemnitates
573 2772 686 2819 omnes
717 2748 785 2820 lere
814 2750 984 2846 pertinent
1023 2747 1064 2819 ad
1092 2773 1175 2820 oon-

104 2867 235 2912 sensum
274 2842 357 2914 sedis
400 2846 603 2941 apostolieae,
640 2872 658 2914 a
691 2872 756 2943 qua
797 2871 900 2918 causae
943 2845 1175 2943 expenduntur

105 2941 207 3036 iisque
251 2958 338 3014 recte
376 2946 513 3037 cognitis
558 2944 708 3014 alienatio
743 2947 946 3040 permittitur
986 2943 1053 3038 (1).
1095 2943 1175 3015 Sine

107 3061 264 3109 consensu
306 3039 389 3110 sedis
425 3040 619 3138 Apostolioae
637 3043 746 3111 ·irrita
783 3041 932 3114 alienatio
971 3058 1045 3130 est,
1080 3066 1174 3139 praa-

103 3151 190 3206 terea
217 3139 274 3233 qui
297 3164 367 3208 rem
397 3137 632 3227 distraxerunt,
663 3154 720 3208 aut
744 3141 801 3236 qui
828 3138 1013 3212 distraotam
1039 3164 1174 3236 accepe-

103 3249 202 3324 runt,
250 3260 346 3331 poena
383 3236 573 3332 plectuntur
610 3238 969 3328 excommunicationis,
1014 3239 1041 3308 si
1086 3240 1174 3334 epis·

103 3335 197 3428 copi,
222 3333 272 3404 vel
296 3333 427 3406 abbatas
456 3360 526 3406 non
555 3337 631 3405 sint.
667 3335 751 3408 Nam
781 3335 832 3405 his
873 3335 1014 3408 ecclesiae
1046 3337 1173 3430 ingres·

104 3455 157 3501 sus
187 3431 410 3518 interdicitur,
440 3431 624 3529 iidemque,
653 3435 678 3502 si
707 3457 834 3504 menses
853 3459 906 3505 sex
934 3436 968 3502 in
998 3433 1171 3504 interdicto

101 3528 245 3620 suerint,
279 3529 321 3600 ah
356 3533 448 3603 omni
477 3530 722 3628 suspenduntur
761 3531 1040 3602 administratione
1072 3530 1173 3602 eoele-

100 3629 240 3715 siarum,
289 3643 344 3698 aut
394 3632 684 3718 monasteriorum,
732 3629 852 3728 quibus
892 3629 1038 3725 praeleoti
1078 3644 1167 3699 suut.

100 3721 251 3820 Capitula
284 3751 416 3823 quoque
457 3743 508 3800 et,
527 3725 598 3797 aliae
632 3730 854 3798 universitates
888 3730 923 3796 in
960 3727 1172 3797 interdictum

100 3821 270 3914 incidunt,
308 3823 426 3919 singuli
470 3850 568 3914 vero,
607 3852 645 3896 ex
682 3825 800 3923 quihus
839 3823 904 3896 illae
948 3827 1172 3896 universitates

100 3935 271 4012 constant,
321 3924 491 4018 privantur
530 3924 608 4018 jure
657 3923 821 3996 electionis
870 3939 905 3994 et
956 3921 1171 4014 ecclesiasticis

99 4017 239 4112 officiis,
269 4045 410 4118 quorum
451 4020 537 4094 hona
567 4021 770 4114 alienarunt,
801 4037 900 4120 atque
934 4021 975 4094 ab
1007 4023 1046 4092 iis
1084 4021 1172 4093 aliis-

1319 587 1363 650 11-

1312 651 1321 674 'U
