3102 5184
541 375 762 448 -375-

165 519 193 622 ς.
227 520 305 593 ΧΠ.
337 521 461 594 Rursus
485 522 546 594 alia
578 541 775 599 sacramenta
805 525 939 622 singulis
965 544 1043 600 sunt
1078 555 1185 602 neces-

126 623 198 690 san'a
226 617 280 692 vel
317 625 451 693 omnino
477 639 511 694 et
541 629 741 696 necessitate
774 626 901 714 mactis,
932 643 970 696 ut
1006 629 1184 726 inquiunt,

125 721 163 790 ita
179 734 217 790 ut
239 721 308 791 sine
332 718 395 789 iilis
423 746 521 792 nemo
551 738 708 794 aeternam
733 721 869 794 salntem
891 728 1048 822 consequi
1066 730 1184 822 possit,

126 817 221 913 qualia
251 833 329 888 sunt
363 818 566 916 Baptismus,
608 823 664 918 qui
696 823 891 892 necessarius
927 839 976 894 est
1012 824 1184 915 omnibnm

127 917 392 1014 inpoenitentia,
422 941 498 1015 quae
533 933 581 988 ost
605 921 780 990 necessaria
811 921 869 1008 iis,
907 924 964 1018 qui
998 937 1073 1019 post
1102 921 1187 1020 Bao

127 1017 250 1086 tismnm
286 1017 411 1086 crimen
447 1015 580 1114 aliquod
609 1031 864 1114 perpeti-aruum
903 1018 954 1090 vel
981 1020 1046 1090 sola
1078 1046 1187 1094 noess-

127 1117 220 1186 aitate
254 1121 445 1212 praesepti,
480 1139 545 1212 qno
589 1115 630 1186 fit
666 1131 704 1186 nt
744 1118 911 1188 contemni
949 1117 1101 1216 quidem,
1132 1137 1189 1190 aut

129 1209 226 1283 oblata
264 1211 399 1286 refutari
433 1214 502 1284 sine
541 1215 659 1286 animae
685 1211 884 1286 detrimento
920 1232 1106 1312 nequeant,
1140 1234 1186 1307 at,

130 1333 233 1380 eorum
262 1309 541 1406 suscipiendorum
565 1337 635 1385 non
666 1311 777 1383 oblato
809 1311 902 1402 loeo,
930 1315 1068 1410 impune
1094 1317 1191 1386 omit·

131 1422 241 1478 tantur.
287 1407 484 1506 Hujusmodi
521 1425 598 1480 sunt
633 1407 871 1500 Confirmatio,
910 1410 1110 1483 Eucharistia
1155 1429 1189 1484 et

130 1503 270 1578 Extrema
295 1503 428 1578 Unctio.
466 1505 604 1605 Reliqua
644 1507 711 1580 dno
738 1524 958 1600 sacramenta,
999 1508 1092 1580 Ordo
1125 1513 1190 1581 sci-

130 1601 197 1675 lieet
234 1622 268 1675 et
302 1605 570 1696 Matrimonium,
606 1609 781 1678 necessaria
826 1605 961 1704 quidem
997 1623 1074 1678 sunt
1113 1611 1190 1678 uni-

133 1726 213 1772 verso
237 1707 366 1800 eorpori
389 1703 551 1794 eeclesia,
583 1731 650 1776 non
681 1721 793 1777 tamen
820 1705 974 1801 singulis,
999 1731 1074 1777 cum
1100 1705 1197 1798 nulla,

133 1803 286 1872 nenessitas
327 1817 422 1902 nogat
463 1802 604 1897 singulos
646 1803 794 1875 homines
825 1819 883 1874 ant
922 1803 1051 1878 ordines
1095 1796 1193 1876 susci·¹

133 1921 220 1991 pere,
235 1916 291 1970 ant
308 1903 437 1998 nuptias
453 1900 623 1973 conciliare
637 1901 706 1998 (1).

165 2073 203 2154 (tt
217 2077 306 2136 Cone.
321 2075 404 2138 trid.
421 2094 492 2138 sess.
510 2077 528 2138 7
542 2095 610 2138 cota.
628 2074 698 2138 tde
712 2078 848 2138 Sacram.

171 2227 200 2332 5.
243 2229 341 2302 xltt.
383 2229 504 2302 Omnia
546 2247 746 2304 sacramenta
794 2233 981 2304 ministrum
1025 2233 1192 2328 postulant

131 2343 158 2396 et
175 2328 381 2422 subjectum,
406 2327 500 2400 illum
523 2329 663 2420 scilicet,
686 2331 743 2428 qui
767 2355 803 2402 ea
831 2330 995 2420 conserat,
1022 2347 1055 2400 et
1083 2329 1192 2422 illum,

130 2428 178 2520 qui
200 2452 239 2496 ea
259 2429 423 2522 suscipiat.
456 2427 642 2524 Utrumque
667 2428 727 2498 soli
753 2427 900 2499 homines
931 2443 1087 2524 praestant
1111 2428 1188 2524 (ης

130 2524 177 2593 sed
208 2549 278 2596 non
308 2527 412 2595 omnis
440 2525 540 2596 homo
562 2553 599 2596 ea
626 2523 815 2598 conserendi
844 2526 945 2596 habet
973 2541 1189 2622 potestatem,

131 2645 238 2694 rmum
271 2625 294 2694 ii
327 2638 478 2712 tantum,
510 2623 634 2790 imbus
670 2623 705 2694 id
747 2649 868 2694 munus
901 2623 1008 2693 divina
1037 2638 1071 2693 et
1097 2624 1195 2694 eccle-

129 2721 245 2792 siastica
283 2723 473 2794 auctoritate
533 2737 622 2792 atum
672 2737 720 2792 est
759 2721 826 2819 (ἢ).
869 2721 1057 2794 Generatim
1093 2747 1194 2792 sacra-

129 2837 233 2890 menta
262 2817 409 2892 conferre
443 2821 669 2918 episcoporum
697 2835 805 2892 estet
837 2819 1054 2892 sacerdotnm.
1090 2817 1194 2905 Qua-

130 2915 198 2988 dam
233 2932 344 2990 tamen
386 2921 520 3016 exignnt
550 2921 738 2990 ministrnm
771 2933 1013 3009 consecratum,
1045 2917 1196 3014 quaedam

130 3017 312 3088 ministrum
337 3016 518 3112 quemlibet
548 3015 667 3088 habere
697 3033 834 3113 possunt
866 3015 936 3114 (ὅ).
964 3015 1196 3090 consecratum

131 3116 314 3186 ministmm
351 3128 549 3186 sacramenta
584 3117 693 3186 omnia
722 3113 909 3210 postulant,
948 3129 1083 3212 excepto
1113 3113 1200 3210 Bap-

129 3212 235 3302 tismo,
264 3215 322 3309 qui
350 3237 369 3282 a
398 3237 607 3309 quocumque
635 3211 770 3284 collatus
795 3213 880 3285 valet
908 3213 981 3311 (t),
1010 3229 1044 3283 et
1062 3228 1195 3311 excepto

130 3312 355 3400 matrimonio,
392 3314 419 3380 si
446 3337 520 3382 vera
549 3325 597 3381 est
632 3313 742 3408 opinio
779 3311 932 3402 illorum,
963 3313 1021 3410 qui
1055 3327 1194 3410 putant⁷

128 3409 192 3505 ejus
214 3409 377 3480 ministros
402 3434 468 3481 esse
490 3411 577 3506 ipsos
593 3409 822 3482 contrahentes
838 3409 907 3506 (5).

164 3569 207 3652 (1)
229 3570 390 3646 Quaesitnm
417 3576 462 3632 est
480 3571 512 3632 in
531 3570 652 3650 scholis,
672 3590 744 3632 num
761 3571 815 3632 soii
836 3571 961 3632 viatores
983 3569 1135 3644 homines,
1158 3587 1196 3628 an

128 3652 211 3712 etiam
229 3652 345 3714 Coeiites
365 3659 451 3731 atque
475 3653 595 3734 Augen,
614 3661 862 3714 sacramentonum
876 3653 1003 3714 ministri
1018 3653 1097 3712 sint?
1113 3654 1197 3712 Certe

128 3732 288 3796 viatoribus
309 3742 424 3796 tontum
438 3733 608 3796 hominibus
629 3735 660 3795 id
681 3755 788 3796 munus
813 3755 829 3796 a
846 3735 962 3796 Christo
980 3733 1095 3808 datum,
1109 3749 1197 3792 snoroe

129 3815 233 3877 litteras
255 3816 429 3892 ostendunt,
454 3816 533 3894 quod
554 3836 615 3897 prae
633 3819 737 3878 ceteris
751 3817 957 3878 animadvertit
975 3815 1198 3893 Chrysostonsus

131 3895 289 3961 desnoard.
305 3895 355 3960 tit.
375 3900 393 3960 3
415 3919 447 3960 n.
466 3901 566 3960 titonia.
590 3903 603 3960 1
623 3917 693 3982 paq.
711 3901 770 3960 585
791 3897 837 3959 ad.
859 3895 972 3980 Monts.
986 3894 1086 3957 Paris.
1101 3897 1194 3972 1718,

128 3979 252 4062 ideoque
268 3981 305 4042 ab
319 3999 354 4042 eo
367 3981 530 4042 ministerio
548 3981 667 4044 'Coelites
691 3989 778 4061 atque
797 3981 921 4060 Angelos
944 3977 1073 4039 exclusos
1089 3976 1197 4039 habere
