3140 5168
804 404 1024 478 ...560-

379 553 475 624 nibus
500 553 573 648 (l),
593 551 681 624 unde
713 551 876 650 depromit
908 553 1149 648 indulgentias,
1180 553 1297 650 quibus
1329 557 1455 650 remit-

378 657 419 722 tit
452 677 563 748 poenas
600 651 814 750 temporales,
851 677 931 748 quas
961 653 1158 750 paenitentes
1184 651 1291 724 subire
1318 669 1353 722 et
1379 657 1456 750 qui-

378 749 439 819 bus
460 773 517 820 sua
542 748 660 820 seelera
689 752 817 848 expiare
846 749 980 820 debent.
1016 749 1261 821 sacramentalis
1285 749 1454 823 absolutio

377 847 503 918 reniam
556 849 679 944 peceati
724 849 858 937 tribuit,
911 847 1127 943 indulgentie
1170 873 1261 920 reum
1304 852 1454 920 criminis

374 943 555 1016 liberante
585 949 690 1044 poenis
721 946 971 1044 temporalibus,
1003 949 1037 1016 in
1075 945 1155 1043 quas
1182 963 1315 1018 aeternse
1340 951 1374 1018 ri
1404 974 1454 1019 sa-

376 1047 533 1114 cramenti
560 1059 804 1114 eommutantur
831 1045 897 1140 (2).
930 1044 1076 1142 Utraque
1103 1059 1246 1142 potestas
1275 1075 1292 1116 a
1316 1044 1453 1119 Christo

376 1141 450 1211 data
476 1139 618 1213 eeelesiae
651 1159 699 1212 est
735 1143 810 1238 (ὅ),
857 1159 890 1214 11
931 1168 967 1213 ea
994 1169 1068 1214 usus
1101 1143 1276 1240 Apostolus
1318 1147 1451 1216 remman

375 1242 497 1336 peceati
532 1240 624 1310 dedit
655 1255 688 1310 et
716 1265 813 1336 poena
848 1239 943 1311 solvit
974 1239 1201 1331 Corinthium,
1242 1267 1342 1338 quern
1373 1245 1451 1338 pri-

376 1337 452 1410 dem
472 1338 514 1408 ab
534 1337 664 1410 ecelesia
683 1340 853 1437 ejecerat(
878 1342 905 1436 ).

414 1534 456 1616 (1)
477 1537 605 1596 1111111.
628 1537 648 1598 7
674 1533 711 1597 de
732 1538 818 1598 Pers.
844 1544 871 1597 et
894 1537 1007 1599 ames.
1038 1537 1094 1598 int.
1121 1539 1233 1598 Coram.
1258 1537 1336 1599 Vide
1356 1537 1449 1599 etiarn

376 1621 446 1680 Ren.
464 1621 533 1680 xtv
547 1617 581 1678 in
596 1622 695 1680 Const.
716 1619 942 1702 Peregrirroatea
957 1623 993 1680 17
1010 1617 1036 1700 §.
1057 1623 1077 1680 1
1096 1627 1118 1680 1.
1136 1621 1154 1680 5
1172 1616 1281 1680 bullar.
1304 1639 1378 1702 pag.
1396 1623 1447 1684 75.

415 1699 457 1782 (1)
478 1703 542 1764 Non
556 1699 663 1760 desunt
680 1701 837 1782 Theologi,
853 1703 904 1780 qui
921 1720 974 1781 per
992 1702 1187 1782 indulgentias
1202 1701 1264 1762 tolli
1281 1720 1449 1781 possepee—

375 1791 436 1842 eata
464 1781 604 1857 venialia,
624 1782 712 1843 etiam
732 1783 828 1861 quoad
850 1783 982 1862 eulpam,
1007 1783 1191 1860 existimant,
1212 1785 1263 1844 sed
1286 1783 1448 1845 basevalde

374 1863 463 1924 dubia
483 1865 626 1924 sententia
645 1872 704 1934 est,
724 1883 820 1943 neque
838 1883 917 1926 sanae
933 1866 1088 1946 theologie
1105 1865 1268 1926 rationibus
1287 1867 1445 1942 eonvenit,

373 1944 452 2024 quod
468 1945 629 2005 ostendunt
648 1948 816 2009 Passerinus
831 1944 865 2008 de
881 1945 998 2028 indulg.
1016 1967 1045 2031 q.
1065 1951 1130 2010 711.
1147 1949 1203 2024 81,
1222 1956 1253 2008 et
1271 1947 1447 2010 Theodorus

374 2048 390 2088 a
405 2028 516 2106 Spiritu
529 2032 559 2090 S.
575 2025 640 2088 eod.
656 2035 744 2090 treet.
759 2039 829 2091 tom.
847 2031 862 2090 1
879 2047 945 2112 rap.
963 2028 1021 2110 111.
1039 2032 1069 2090 1.
1085 2031 1195 2090 1111111
1207 2049 1272 2109 que
1286 2039 1446 2090 oeeurruat

373 2109 624 2190 indulgentiarum
642 2109 790 2187 formulas,
806 2111 912 2190 quibus
930 2112 1030 2191 quise
1047 2109 1177 2194 arriperet
1189 2132 1210 2172 1
1220 2131 1310 2194 peno
1323 2112 1443 2174 liberari

374 2191 497 2270 diei-tur,
510 2209 552 2251 eae
564 2192 610 2252 vel
629 2192 708 2253 false
719 2192 821 2254 baberi
835 2194 956 2270 debent,
974 2195 1017 2254 uti
1035 2203 1135 2254 mouet
1150 2199 1222 2255 Ben.
1239 2197 1308 2256 xtv
1319 2192 1356 2255 da
1367 2213 1438 2276 syre.

374 2273 487 2335 dioeces.
508 2269 557 2334 tit.
579 2275 617 2334 15
633 2293 700 2355 cop.
720 2276 758 2334 i8
777 2293 809 2334 rt.
830 2279 864 2352 7,
881 2276 926 2336 rel
945 2276 1109 2336 tribueadae
1124 2285 1193 2337 sunt
1207 2277 1440 2355 eleemosynariis

374 2354 581 2433 quaestoribus,
601 2375 673 2434 quos
699 2357 828 2436 increpat
851 2357 983 2418 Clemens
1010 2360 1035 2418 V
1056 2357 1090 2418 in
1109 2355 1199 2420 Clem.
1224 2355 1260 2418 de
1284 2357 1387 2418 Perit.
1408 2365 1439 2417 et

374 2437 490 2499 remiss.
506 2437 535 2499 Si
549 2457 615 2516 quas
630 2445 726 2498 autern
742 2439 930 2519 reperiuntur
944 2439 1151 2520 indulgentie,
1166 2441 1196 2499 in
1211 2439 1316 2518 quibus
1329 2458 1373 2500 ex.
1387 2457 1436 2520 gr.

373 2527 492 2598 quarta,
505 2527 555 2579 aut
569 2520 692 2599 septima
705 2539 771 2598 pars
786 2521 944 2580 venialium
957 2531 1138 2599 peecatorum
1152 2523 1328 2596 remittitur,
1345 2521 1440 2600 qualis

375 2611 418 2662 est
429 2601 611 2682 indulgentia
622 2601 688 2662 data
699 2601 736 2662 ab
753 2601 870 2664 Urbano
883 2605 939 2674 lii,
951 2603 1030 2682 apud
1043 2607 1089 2665 Du
1104 2607 1200 2684 (lange
1215 2601 1346 2665 Glossnr.
1361 2601 1438 2665 merl.

375 2693 402 2744 et
422 2681 519 2766 infiat.
541 2683 666 2744 latinii.
693 2683 771 2746 verb.
789 2681 989 2766 indulgentie,
1010 2703 1051 2744 eae
1065 2687 1227 2747 referende
1245 2694 1314 2746 sunt
1338 2685 1376 2746 sd
1393 2703 1443 2746 re·

372 2765 540 2826 missionem
563 2785 656 2845 prante
680 2767 860 2846 temporalis,
886 2774 915 2826 et
940 2767 998 2826 bue
1012 2767 1061 2828 illa
1080 2777 1189 2846 speetat
1211 2767 1321 2830 Urbani
1343 2767 1441 2828 indul-

374 2847 485 2928 gentie,
501 2845 544 2906 uti
587 2857 646 2908 atet
667 2867 703 2909 ex
723 2849 784 2927 ejus
802 2847 909 2924 verbis,
932 2867 998 2928 quaa
1022 2849 1161 2911 describit
1187 2854 1277 2911 Lueas
1297 2848 1443 2930 d'debery

376 2938 445 2990 tent.
459 2933 477 2990 5
489 2867 641 3010 spicilegii
671 2949 719 3012 op.
737 2928 812 2991 sed.
828 2931 877 2992 eit.

416 3009 457 3090 (5)
479 3013 633 3073 Genetri
659 3055 666 3071 .
686 3029 756 3074 sess.
775 3015 814 3074 ts
835 3014 868 3074 ia
882 3011 958 3074 deor.
975 3010 1011 3074 de
1027 3009 1149 3094 latiale.
1169 3014 1276 3075 Confer
1290 3011 1442 3095 theologos

373 3099 460 3170 atque
474 3093 553 3152 inter
568 3101 690 3171 eeteros,
715 3097 822 3156 Juenin
838 3094 873 3156 de
898 3098 1032 3157 Sacram.
1056 3093 1128 3156 dias.
1152 3098 1260 3177 1511.
1285 3097 1313 3165 t,
1333 3097 1386 3173 qui
1406 3097 1443 3158 de

372 3175 401 3234 vi
415 3173 682 3254 indulgentiarum,
696 3175 791 3255 deque
805 3195 906 3238 earum
924 3177 1204 3238 eoncedendaruma
1218 3175 1335 3238 Christo
1349 3179 1443 3239 11111-

373 3257 424 3317 sioe
437 3255 503 3316 data
521 3263 677 3336 postestate
695 3267 794 3319 eontra
815 3259 993 3336 Lutberum,
1012 3259 1198 3340 zuinglium,
1227 3259 1382 3320 Calvinum
1396 3279 1444 3322 ee-

373 3345 508 3416 terosque
524 3337 675 3400 hereticos
691 3341 805 3419 eopiose
824 3340 971 3420 disputat3
991 3347 1021 3400 et
1036 3341 1153 3402 eonsule
1172 3345 1286 3403 Amort.
1309 3338 1380 3402 liat.
1395 3343 1444 3404 irt-

375 3417 458 3503 dath.
477 3428 507 3481 et
529 3419 716 3483 Theodorum
738 3440 752 3480 a
776 3422 886 3502 Spiritu
909 3427 938 3486 S.
963 3421 999 3484 de
1016 3419 1150 3506 Indole,
1174 3425 1225 3501 qui
1242 3423 1386 3484 latissime
1405 3425 1443 3485 de

373 3501 562 3584 indulgentiis
575 3511 675 3583 agunt.
692 3503 835 3566 videndas
848 3513 988 3583 praeterea
1002 3513 1071 3566 sunt
1085 3503 1272 3589 Coasdrewea
1289 3503 1325 3570 de
1337 3506 1442 3582 ertoa

374 3593 395 3644 t.
414 3587 449 3662 7,
467 3585 517 3645 ubi
531 3585 621 3645 multa
633 3603 728 3664 nuper
739 3595 769 3646 et
782 3588 897 3667 egregia
911 3587 947 3648 de
958 3587 1147 3668 indulgentiis
1157 3597 1332 3663 occurrunt,
1349 3597 1381 3648 et
1393 3589 1442 3648 bie

372 3684 460 3746 porro
474 3675 612 3728 tractatus
624 3685 720 3747 nuper
733 3669 764 3728 in
785 3669 914 3730 Italicum
929 3687 1095 3730 sermonem
1109 3670 1442 3748 conversusdeseriptus

373 3748 462 3808 estin
482 3747 574 3808 diario
589 3749 778 3810 ecelesiastioo
795 3753 925 3811 Romano
942 3748 1151 3832 Supplentento
1168 3747 1239 3812 dett’
1256 3770 1338 3813 onae
1362 3753 1442 3813 1790

369 3849 423 3912 per
435 3829 448 3890 i
459 3829 534 3892 mesi
547 3829 581 3892 dt
588 3832 704 3907 Morzo,
717 3829 832 3913 Aprile,
848 3832 969 3916 Mogpr'o
981 3852 996 3892 e
1009 3832 1136 3914 (liugero.

370 3991 402 4052 i.
411 3911 499 4056 ‘ili
508 3910 564 4057 tt
580 3915 655 4057 iil.
671 3915 723 4058 'it
733 3932 821 4078 lilim
836 3913 981 4058 11111
1003 3913 1099 4058 litt
1119 3911 1439 4060 llill'yiliit‘

567 4038 574 4057 ·
658 4039 666 4057 ·
802 4041 809 4057 ·
982 4039 989 4056 ·
1099 4041 1120 4073 ⁶2
1244 4041 1266 4074 ·t
1412 4041 1436 4070 ·s
