3100 5182
397 929 718 1024 WWW&
748 933 878 1024 m·

442 1153 478 1218 lta
490 1153 632 1220 hierarchia
643 1155 832 1220 iurisdictionis.

602 1340 687 1352 -ο

122 1469 129 1519 Ι
155 1483 176 1524 at
201 1474 229 1550 tl..
256 1475 397 1527 hierarchia
421 1473 598 1542 jurisdictionis
673 1477 735 1530 Η
754 1477 797 1530 isc.
842 1477 969 1530 rticularas
979 1477 1170 1546 ecclesi-agunt.

203 1543 597 1617 ermqnemagistratus,atoaput
673 1543 705 1594 Vl
718 1495 753 1594 al
762 1493 1173 1620 Vllrcaputaccl'asioenuirarsap

207 1621 319 1656 ommam.
707 1619 818 1659 centrum
854 1624 868 1658 e
897 1617 998 1658 unium
1026 1617 1052 1658 at
1072 1623 1175 1658 necmi-

124 1665 405 1723 llhhirisiodioecasecn.
707 1673 799 1724 tas'uri
832 1673 928 1724 sotionis
943 1673 968 1723 iu
980 1671 1027 1724 hoc
1035 1673 1124 1739 capita.

124 1727 161 1780 ll.
173 1731 208 1781 Eu
223 1735 326 1788 omnihus
339 1737 457 1788 memhris
476 1737 502 1787 iu
519 1751 596 1788 unum
675 1738 708 1790 lx
724 1691 758 1790 ati
772 1739 813 1788 xl.
831 1738 937 1790 lliuorca
959 1737 1132 1805 magistratus,
1149 1746 1175 1789 et

181 1797 493 1855 oulloetisuuafiteatholioa
502 1803 612 1855 caderis.
708 1803 813 1856 ministri
830 1803 972 1856 hierarchia
985 1801 1172 1870 jurisdictionis.

594 1953 716 2078 su

162 2131 386 2206 Dauossrrura
419 2139 491 2236 jam
526 2135 649 2210 ordinis
688 2137 885 2229 hierarchia,
921 2163 1013 2212 nunc
1050 2136 1178 2208 hierar-

125 2228 213 2300 chiam
240 2232 492 2329 explicabimus,
527 2260 603 2331 quae
627 2235 860 2334 jurisdictionis
899 2235 1092 2332 appellatur.
1132 2233 1179 2303 Ea

123 2331 248 2418 pertinet
273 2329 319 2399 ad
344 2335 506 2427 optimum
543 2332 688 2404 ecclesias
721 2335 884 2428 regimen,
912 2331 1003 2430 quod
1028 2347 1067 2401 nt
1092 2345 1179 2401 recte

124 2427 276 2517 consistat,
319 2453 392 2500 suos
432 2430 556 2502 hahere
590 2429 689 2501 dehet
723 2434 948 2526 magistratus,
979 2431 1071 2500 sicuti
1105 2451 1179 2500 suos

123 2517 205 2592 habet
229 2523 332 2596 civilis
362 2529 512 2617 societas,
538 2531 594 2624 qui
621 2529 797 2624 imperium
829 2541 999 2600 exerceant
1025 2529 1061 2597 in
1088 2525 1178 2596 illam

124 2614 277 2727 hominum
321 2622 590 2715 multitudinem,
629 2625 748 2722 quihus
788 2626 921 2695 societas
957 2638 1103 2712 constat,
1136 2645 1179 2694 ue

123 2733 291 2809 intereos,
325 2722 352 2790 si
391 2723 516 2791 nemini
551 2737 706 2817 pareant,
746 2723 925 2791 necessario
961 2745 1079 2812 magua
1100 2741 1180 2813 per-

124 2813 247 2888 turbatio
287 2832 324 2887 et
353 2817 498 2888 conlusio
540 2843 651 2888 rerum
691 2819 840 2889 omnium
880 2818 1004 2886 existat.
1053 2815 1099 2884 Ea
1140 2812 1181 2884 de

125 2931 201 2980 unsa
227 2917 330 2985 creati
361 2931 439 2984 sunt
466 2939 483 2985 a
522 2913 652 2986 Christo
683 2916 845 3010 episcopi,
883 2915 941 3009 qui
980 2937 1049 2983 non
1076 2909 1181 2983 solum

125 3009 284 3100 spiritualia
306 3011 393 3082 bona
414 3015 450 3082 in
473 3011 621 3084 homines
645 3011 851 3102 conferrent,
875 3009 1051 3082 sedetiam
1075 3023 1182 3082 esseut

125 3109 262 3202 precipui
279 3107 465 3182 christianae
477 3111 635 3181 societatis
650 3113 867 3204 magistratus.

163 3200 190 3300 ς.
217 3203 260 3274 ll.
299 3205 364 3276 Sed
391 3209 478 3277 iuter
504 3206 564 3278 hos
589 3209 795 3302 magistratus
816 3230 902 3277 uuus
930 3229 996 3274 esse
1021 3203 1179 3292 debebat,

126 3301 171 3390 qui
205 3304 321 3374 ceteris
355 3320 506 3398 praeesset
546 3305 799 3399 societatemque
837 3305 1019 3373 universam
1056 3315 1183 3394 regeret

126 3417 154 3462 tc
181 3397 419 3472 moderaretur.
458 3399 496 3470 ld
533 3399 718 3496 postulabat
750 3399 858 3470 divina
887 3399 1043 3494 sapientia
1081 3397 1182 3490 legis·

125 3487 237 3584 latoris,
279 3500 340 3592 qni
385 3497 462 3568 huic
502 3499 646 3568 societati
690 3513 789 3592 caput
828 3513 863 3568 et
905 3497 1009 3592 princi
1034 3520 1087 3564 em
1129 3492 1183 3562 du·

127 3604 166 3657 ret
190 3591 261 3688 (l),
292 3610 391 3690 atque
419 3593 474 3664 illa
511 3596 619 3664 nnitas'
647 3609 720 3663 tum
759 3591 858 3682 fidu,
898 3617 961 3690 qua
996 3520 1184 3662 christianos

127 3709 223 3759 omnes
262 3693 439 3762 convenire
480 3689 631 3780 volebat,
676 3705 748 3760 tum
786 3693 925 3761 caritatis
965 3715 1029 3784 qua
1067 3700 1184 3757 cuncta

126 3783 251 3858 ecclesie
283 3789 431 3860 membra
461 3791 546 3859 inter
579 3813 612 3858 se
644 3786 758 3859 eodem
794 3790 880 3884 pacis
914 3802 947 3857 et
976 3783 1184 3856 communio-

125 3880 166 3947 nis
190 3884 320 3956 rinculo
357 3885 501 3982 copulari
526 3883 649 3955 debent
675 3883 742 3980 (2).
774 3884 859 3968 Quae
886 3885 974 3953 enim
1009 3894 1092 3949 emet
1115 3876 1186 3946 haec

125 3978 241 4073 unitas,
278 3983 342 4052 nisi
380 4009 464 4059 unus
497 3997 579 4053 esset
609 3984 670 4054 toti
701 3981 843 4055 ecclesiae
881 3978 1097 4082 praepositos,
1128 3974 1185 4072 qni
