3134 5144
271 3091 276 3102 '
392 3100 426 3152 ut
444 3091 540 3168 inquit
556 3111 610 3171 syn

813 395 1034 470 ...25⁴-

390 547 657 612 decentemderici
678 545 844 608 tainum.
864 550 929 624 Qua
952 545 1073 626 quidem
1097 546 1177 609 bulla
1198 554 1335 610 acaurete
1356 565 1450 609 maen·

390 630 798 794 ξξξαξξξξξξξξ
813 639 947 792 ,tell
953 630 1115 791 ..ξξξξξ
1128 627 1448 792 &iffi

534 757 544 790 r
786 757 797 790 r
1437 745 1451 758 '

390 797 467 856 citur
483 804 512 856 et
529 795 584 856 alia
597 797 631 856 in
650 794 833 856 eonlmendis
859 793 1015 856 ordinibus
1032 803 1150 856 screatu
1169 796 1330 855 amaria
1350 813 1451 876 propo·

391 886 515 938 nuntur.
712 898 715 904 ⁴

431 957 473 1040 (5)
494 960 669 1038 Episcopmn
688 959 810 1042 originis
832 966 976 1020 memorat
998 958 1132 1020 maneus
1155 961 1196 1020 lv
1220 957 1255 1018 is
1280 977 1349 1041 eup.
1378 962 1393 1021 l
1419 956 1450 1018 de

394 1043 531 1124 Tempor.
546 1040 679 1102 ordinat.
699 1042 734 1103 is
749 1045 785 1118 6,
805 1041 857 1103 aad
872 1042 912 1102 its
929 1049 1134 1116 manorat,ut
1149 1040 1234 1100 faule
1251 1049 1380 1116 constet,
1398 1039 1452 1100 dis·
1533 1037 1534 1110 l

390 1123 527 1202 ciplinam
552 1123 629 1184 bane
648 1124 825 1204 jampridem
846 1123 936 1184 inisse
958 1124 1159 1184 constitutam.
1186 1125 1221 1183 st
1243 1123 1313 1183 lioet
1336 1122 1452 1205 oripisb
1533 1111 1534 1204 l

390 1223 498 1266 nomeu
513 1205 673 1266 seeundum
690 1209 745 1270 ius
758 1205 843 1267 civile
860 1205 894 1266 io
909 1203 967 1288 lep.
986 1205 1018 1266 6.
1035 1203 1062 1286 3.
1083 1207 1098 1264 i
1122 1203 1158 1300 ff.
1177 1202 1219 1264 ud
1233 1203 1380 1286 municip.
1398 1223 1451 1265 uon
1533 1207 1534 1246 l

388 1294 505 1348 tantum
525 1285 674 1366 propi-iam
696 1289 788 1368 ipsius
808 1287 982 1364 ordinandi,
1011 1287 1064 1348 sed
1089 1293 1178 1346 ettam
1203 1288 1295 1365 patris
1315 1287 1451 1367 originem

389 1367 634 1449 comprehendat,
650 1379 748 1432 tamen
765 1368 996 1430 inordinatione
1013 1369 1094 1430 nulla
1114 1367 1240 1428 habear
1256 1377 1386 1448 paternus
1399 1367 1452 1428 ori·

390 1453 467 1547 ginis
487 1452 576 1546 ratio,
601 1451 653 1513 sed
676 1459 956 1547 tantum-spectatur
968 1451 1049 1514 loeus
1069 1451 1207 1546 originis,
1228 1459 1280 1512 aut
1300 1449 1450 1513 mtivitatis
1533 1483 1534 1550 l

390 1531 1451 1696 ξξῐξξξξξξξξξξέξξξξξξξξξξξξ
1533 1575 1534 1622 ³

389 1717 450 1779 qr„
462 1697 588 1760 officiive
600 1717 684 1760 eausa
698 1697 888 1777 temporalem
898 1716 1013 1760 moram
1027 1697 1160 1758 duceret.

430 1778 473 1861 (6)
495 1780 681 1842 Innocentius
701 1783 772 1856 xli,
792 1779 826 1840 in
842 1779 891 1842 eit.
913 1779 1037 1842 confit.
1058 1775 1263 1864 Speculatores
1279 1779 1373 1860 legem
1386 1797 1452 1842 eon·

390 1863 501 1936 stituit,
520 1879 574 1940 per
585 1880 673 1938 quam
691 1861 873 1922 domicilium
890 1862 1068 1942 acquiritur,
1085 1869 1119 1922 ut
1138 1861 1205 1940 quis
1223 1860 1285 1940 ejus
1304 1861 1358 1924 loci
1378 1861 1452 1939 epis·

390 1961 462 2022 copo
481 1941 662 2020 subjiciatur.
682 1943 781 2021 lnquit
796 1943 876 2004 enim
897 1943 1078 2004 domicilium
1092 1943 1129 2004 ab
1143 1961 1178 2004 eo
1199 1951 1311 2004 tantum
1327 1942 1450 2084 acquiri,

390 2026 442 2104 qui
461 2050 475 2078 u
492 2024 568 2085 lllud
585 2023 652 2085 ideo
668 2025 812 2086 stabiliter
828 2027 1015 2087 constitnerit
1027 2027 1059 2087 in
1080 2025 1178 2105 aliquo
1191 2025 1266 2100 loco,
1288 2033 1321 2084 ut
1339 2043 1358 2085 v
1398 2041 1451 2102 per

391 2107 565 2168 decennium
578 2107 681 2168 saltem
694 2108 726 2168 in
740 2125 774 2168 eo
788 2106 962 2184 habitando,
976 2108 1024 2170 vel
1037 2108 1178 2187 majorem
1195 2126 1294 2168 remm
1314 2125 1346 2168 ae
1358 2105 1450 2168 bono·

390 2207 458 2251 rum
472 2207 593 2250 suorum
607 2197 719 2269 partem
738 2207 804 2252 cnm
823 2190 973 2252 instructis
990 2189 1103 2252 aedibus
1121 2191 1154 2251 in
1172 2190 1269 2251 loeium
1289 2187 1452 2270 hujusmodi

391 2271 609 2347 transferendo,
630 2271 731 2350 ibique
755 2273 875 2352 insuper
896 2290 949 2350 per
974 2272 1093 2351 aliquod
1116 2271 1326 2334 considerabile
1342 2279 1453 2350 tempus

391 2353 613 2430 commorando,
629 2355 698 2415 satis
715 2371 861 2432 superque
878 2371 965 2413 suum
980 2361 1123 2434 perpetuo
1142 2355 1254 2415 ibidem
1268 2351 1452 2434 permanendi

391 2435 520 2496 animum
540 2434 784 2497 demonstraverit
801 2443 831 2495 et
845 2433 1037 2496 nihilominus
1053 2437 1176 2498 ulterius
1196 2445 1322 2515 utroque
1340 2455 1403 2498 casu
1423 2455 1453 2496 se

390 2535 460 2578 vere
472 2525 502 2576 et
514 2517 633 2578 realiter
642 2518 773 2579 animum
785 2517 952 2596 hujusmodi
968 2517 1077 2580 babere
1086 2519 1279 2598 jurejurando
1288 2518 1422 2580 affirmet.
1435 2545 1447 2572 n

391 2598 450 2664 Sed
471 2598 527 2660 boo
540 2599 746 2680 jusjurandum
761 2600 939 2678 requiritur,
958 2619 1026 2662 eum
1042 2601 1121 2662 filim
1137 2610 1258 2680 propter
1274 2620 1380 2678 mum,
1398 2620 1453 2662 non

391 2684 462 2744 item
473 2700 539 2744 cnm
554 2691 674 2762 propter
685 2681 776 2762 patris
786 2681 967 2744 domicilium
977 2683 1109 2744 ordinari
1119 2684 1211 2763 cupit,
1224 2685 1268 2746 uti
1279 2683 1453 2748 demonstrat

391 2766 427 2829 lli
449 2773 499 2826 ant
509 2761 550 2825 od
559 2761 654 2848 repul.
667 2767 707 2828 ii
718 2761 839 2826 cancell.
856 2762 883 2846 3.
898 2766 917 2826 5
930 2785 1015 2828 uum.
1029 2767 1080 2828 bl.

429 2785 473 2928 ξῚ)
496 2847 535 2907 Ut
549 2849 700 2926 episcopus
725 2845 862 2907 ordinare
887 2857 967 2908 recte
993 2849 1084 2926 possit
1107 2847 1206 2926 illum,
1231 2866 1320 2928 quem
1337 2847 1453 2909 triennii

391 2929 483 3007 spatio
501 2945 599 2988 seeum
614 2929 717 2990 habuit
727 2929 916 3006 familiarem,
930 2947 1046 2991 neeesse
1066 2937 1110 2990 est
1128 2931 1233 3007 etiem,
1251 2929 1333 3012 quod
1350 2927 1453 3012 berosi

508 3009 1107 3156 e
1123 3009 1453 3176 ,c

390 3191 460 3234 vero
474 3173 577 3233 statim
588 3175 629 3233 ita
641 3173 764 3251 explieat
783 3176 944 3237 innoeentii
958 3111 1125 3236 constituiio
1138 3175 1164 3258 §.
1178 3173 1220 3237 od
1238 3173 1314 3238 boec:
1334 3177 1452 3251 Statim,

391 3253 443 3316 boe
462 3262 505 3314 eat
523 3251 630 3316 saitem
643 3255 725 3316 iutra
738 3256 899 3318 terminum
911 3257 1004 3319 unios
1026 3256 1137 3319 motois
1159 3277 1180 3318 o
1197 3255 1244 3318 dic
1260 3254 1352 3339 foetae
1375 3256 1455 3320 ordi-

388 3336 530 3399 nationis.
554 3341 590 3398 llt
613 3355 788 3416 quamquam
813 3339 942 3418 synodus
966 3339 1156 3418 Tridentina,
1181 3347 1268 3417 atque
1295 3339 1455 3403 innocentii
1533 3383 1534 3430 ,

390 3419 558 3481 constitutio
575 3427 689 3480 tantum
707 3419 840 3482 beneficii
861 3421 981 3483 titulum
998 3430 1155 3498 memoret,
1175 3429 1274 3483 tamon
1289 3424 1455 3502 episcopum

390 3501 527 3564 ordinare
545 3519 629 3580 posse
642 3502 778 3564 clericum
796 3501 969 3566 familiarem
984 3523 1069 3566 auum
1088 3504 1176 3564 etiam
1191 3505 1277 3565 titulo
1291 3504 1456 3585 pensionis,

391 3592 443 3646 aut
459 3584 646 3662 patrimonii,
662 3584 750 3646 modo
770 3583 802 3644 id
820 3587 947 3664 postulet
963 3587 1089 3662 utilitas,
1106 3594 1157 3647 aut
1170 3589 1323 3648 necessitas
1336 3605 1457 3650 suarum

392 3666 594 3742 eeclesiarum,
610 3668 804 3746 eumdemque
818 3667 876 3728 illis
890 3669 1051 3749 adscribat,
1064 3677 1163 3730 monet
1178 3669 1314 3732 Gimldus
1330 3669 1455 3754 exposit.

357 3793 361 3799 -
391 3755 463 3813 lor.
479 3747 619 3832 Pontifie.
633 3769 703 3832 por.
716 3751 736 3811 2
749 3758 818 3812 aeut.
836 3753 875 3812 97
887 3771 961 3835 pop.
976 3754 1036 3814 958
1050 3760 1120 3813 tone
1137 3753 1169 3813 i.
1520 3747 1523 3755 '

438 3879 469 3982 3.
504 3879 594 3954 xlv.
621 3879 649 3952 l
678 3880 826 3977 quolibet
849 3885 1014 3980 episcopo,
1041 3885 1093 3956 cui
1117 3885 1189 3980 quis
1214 3881 1323 3954 subeat
1347 3906 1455 3979 prop·

390 3995 439 4049 ter
474 3979 679 4075 beneficium
713 3995 769 4051 aut
806 3986 998 4079 napinam,
1034 3998 1091 4053 aut
1120 3981 1361 4068 dometium,
1399 3994 1453 4048 aut
