3164 5174
538 491 585 504 —
612 447 759 528 529?-

133 596 461 764 ib.⁵⁸r³n¹}i0‘3.¹'bc‡⁰.
481 605 532 742 ii
543 596 1180 768 tt,‘inittettttts⁶tdttttff

135 761 193 824 nob.
204 763 373 826 mmmunie
386 763 545 846 peregrino
558 764 636 842 apud
653 764 803 825 baluzium
816 762 977 860 capitular.
990 785 1051 848 rep.
1067 769 1178 828 Frena.

133 853 186 904 tom.
204 847 224 906 2
235 839 310 928 pop]
332 842 479 906 tetedtt.
503 839 721 923 Venet.'1775,
744 846 794 923 qui
819 845 921 906 lorcam
946 849 1180 910 communionem

133 927 257 1006 explicant
270 928 522 1004 communionem,
537 945 625 1006 quam
647 927 712 989 laici
734 935 815 988 extra
837 929 1034 990 moduni-ium
1057 933 1181 1010 accipte-

133 1009 201 1086 bont,
228 1027 288 1070 non
311 1010 382 1070 satis
406 1009 482 1070 aiore
496 1009 558 1088 ejus
577 1011 639 1070 vim
663 1005 857 1088 noturomque
875 1007 1034 1072 declarant.
1064 1016 1133 1074 Erat
1151 1023 1183 1074 et

133 1090 156 1150 id
172 1092 319 1170 proprium
335 1091 416 1152 iaicas
433 1092 661 1168 communionis,
677 1101 711 1152 ut
724 1092 821 1152 clerici
835 1091 873 1152 ad
893 1111 957 1152 eom
971 1094 1081 1154 rededi
1099 1105 1182 1157 extra

133 1175 310 1234 sanctuarium
331 1193 390 1234 una
411 1191 478 1234 cum
500 1173 582 1234 laicis
596 1173 808 1236 Eucharistiom
823 1173 1002 1252 acciperent3
1026 1193 1129 1238 vuum
1150 1179 1181 1238 in

132 1257 175 1312 isto
203 1255 262 1316 solo
285 1274 469 1334 nequequam
492 1257 585 1336 posita
615 1265 699 1318 eant
728 1257 835 1317 omnin.
866 1259 940 1326 bam
961 1257 986 1318 si
1007 1257 1087 1319 laium
1105 1278 1184 1320 com·

132 1335 260 1398 munionis
275 1337 449 1398 vocabulum
466 1345 581 1398 tantum
596 1339 773 1400 estimemus
786 1357 822 1398 ex
835 1338 911 1414 inco,
928 1357 986 1416 quo
1000 1339 1181 1402 Eucharistio

131 1415 251 1495 dabatur,
270 1421 359 1480 etiam
379 1419 542 1500 presbyteri
559 1429 748 1502 egrotantes,
766 1439 833 1480 cum
850 1419 887 1480 od
912 1439 961 1481 eos
982 1421 1012 1480 in
1033 1421 1107 1482 lecto
1128 1423 1182 1483 de-

131 1499 282 1562 cumbentes
300 1500 481 1564 Eoobaristia
501 1501 702 1584 deserebatur,
723 1503 825 1562 inicam
846 1503 1082 1564 communionem
1107 1523 1183 1565 ocoe-

131 1581 193 1656 pisae
215 1584 396 1644 viderentur.
425 1583 562 1646 Eamdem
591 1583 667 1652 bane
693 1603 807 1664 pmnom
834 1591 998 1644 memorant
1025 1603 1116 1645 maon
1146 1590 1182 1648 ib

130 1671 209 1740 apost.
229 1665 305 1744 opud
329 1666 505 1727 Cotelerium
525 1668 593 1728 PP.
618 1663 752 1750 Apostni.
779 1673 800 1726 t.
818 1667 833 1726 t
855 1683 929 1748 pag.
948 1669 1009 1728 nit
1035 1667 1085 1727 ubi
1101 1685 1184 1746 pres-

131 1743 207 1822 byter
216 1755 297 1826 atque
309 1748 463 1825 diaeonus,
478 1748 530 1828 qui
546 1748 584 1810 ob
599 1749 733 1832 episcopo
749 1755 867 1809 vocatus
881 1747 919 1807 ad
933 1766 1015 1808 suam
1034 1749 1182 1810 eeclesiam

132 1825 221 1886 redire
232 1829 364 1906 noluerit,
380 1837 534 1914 tcasqaom
548 1827 646 1892 iaicas
656 1829 874 1892 commonicare
884 1827 1007 1908 jubetur
1018 1837 1048 1890 et
1061 1834 1092 1892 S.
1109 1834 1183 1894 Gre-

133 1907 221 1985 gorius
235 1912 308 1990 apnd
326 1913 498 1974 Gratianum
516 1931 583 1974 con.
605 1915 644 1973 td
661 1911 733 1974 diat.
755 1914 811 1990 bt),
826 1911 877 1972 ubi
900 1913 998 1992 agitur
1021 1912 1058 1972 de
1077 1913 1182 1974 clerico

130 1989 270 2054 omnmo
284 1993 421 2056 damnato
438 1991 480 2056 cd
499 1993 699 2078 recipiendum
722 1993 802 2056 inus·
820 1990 909 2056 laicos
934 1994 1180 2057 communiones.

130 2071 196 2132 Hinc
215 2075 339 2154 aliquem
360 2076 432 2137 laica
455 2077 544 2138 etiam
568 2077 772 2138 communione
797 2076 927 2155 privare,
957 2075 1037 2136 idem
1064 2085 1127 2136 erat
1151 2097 1184 2138 ac

128 2159 403 2220 excommunicoresa
439 2158 446 2172 '
483 2177 519 2220 ue
530 2159 705 2220 interdicere
715 2165 746 2218 et
756 2155 928 2239 degradare.
937 2160 1034 2233 Quare
1044 2161 1075 2220 S.
1098 2159 1186 2220 ncho-

129 2235 214 2297 nssios
226 2235 295 2301 dist.
313 2177 484 2302 ,trindndd
499 2239 639 2304 Menoeis.
658 2259 723 2323 cop.
748 2241 788 2300 78
804 2259 877 2322 pag.
898 2237 958 2302 787
976 2259 1045 2322 opp.
1073 2249 1143 2302 torn.
1165 2245 1179 2303 t

126 2321 218 2396 pont
244 2321 370 2383 Patauii
393 2324 486 2399 1777,
509 2323 547 2384 de
567 2324 687 2386 Leontio
703 2321 833 2402 primum
853 2321 1039 2402 presbytero,
1064 2341 1132 2384 mox
1154 2333 1185 2384 et

127 2399 247 2543 ppo
264 2403 463 2548 tt‘tt'ffn
484 2403 1183 2548 bntttttbt‘ttttttttttb·

127 2527 223 2628 tardus,
235 2503 314 2644 epm,
327 2570 407 2646 qnod
425 2587 456 2630 se
468 2505 532 2648 ilpse
545 2575 714 2644 eostrasaet,
734 2576 768 2629 ut
784 2567 877 2628 bbere
896 2585 963 2628 oum
982 2567 1110 2646 quodam
1124 2573 1184 2632 En·

126 2644 199 2708 stolia
225 2649 385 2727 dormiret,
412 2667 513 2712 resera
541 2651 661 2730 quidem
689 2651 751 2730 ejus
776 2649 916 2726 muliere,
944 2649 1060 2730 virgine
1085 2657 1184 2712 autem

125 2723 232 2789 dicta.»
255 2731 508 2808 Quemadmodum
530 2751 600 2796 vero
622 2733 719 2794 clerici
745 2751 799 2812 per
824 2731 926 2792 laicam
948 2731 1184 2792 communionem

125 2809 326 2892 redigebantur
345 2814 383 2875 ad
403 2815 600 2876 conditionem
623 2815 779 2892 laieorum,
805 2814 846 2874 ito
869 2831 926 2910 pes
950 2813 1185 2910 comaaunipnem

123 2897 1185 3060 tententiaettttztbttet‘ttttttntttttz

125 3053 197 3140 iungi
221 3078 282 3122 non
305 3069 450 3139 poterant.
468 3061 629 3124 diebantur
649 3061 681 3122 bi
706 3061 827 3140 quidem
852 3059 979 3120 ecclesiae
1002 3060 1183 3139 sumptibus,

124 3139 161 3198 uti
177 3143 321 3222 seriptum
341 3151 385 3204 est
404 3161 515 3205 conone
537 3147 576 3205 26
599 3164 618 3204 o
673 3150 695 3204 t.
716 3143 794 3222 apud
808 3141 984 3205 Cotelmium
999 3143 1066 3202 PP.
1079 3145 1183 3223 Apost.

125 3225 186 3282 bas.
214 3227 229 3284 i
255 3243 329 3308 pag.
354 3228 414 3288 tib
439 3223 571 3288 laudm
595 3162 685 3302 aff,
710 3225 762 3286 sed
778 3243 873 3302 neque
894 3224 931 3284 ad
950 3225 1185 3284 communionem

122 3299 359 3384 admittebantur,
373 3327 468 3388 neque
480 3309 619 3369 ordinum
633 3325 756 3368 munera
768 3323 902 3367 exercere
915 3314 1063 3385 poterant,
1077 3306 1186 3367 coiere

123 3385 221 3463 nodo,
237 3408 299 3468 quo
310 3409 389 3452 nunc
402 3391 546 3452 extraneis
559 3397 590 3450 ct
602 3390 709 3471 ignotis
723 3387 921 3451 sacerdotibus
933 3407 992 3448 non
1006 3389 1186 3466 permittitur

123 3481 179 3528 rem
200 3469 334 3532 divinam
354 3473 512 3548 maduere,
529 3473 584 3532 nisi
600 3473 712 3534 litteras
727 3491 787 3533 suso
805 3469 997 3531 ordinationis
1018 3469 1183 3532 ostendent.

122 3547 227 3630 Quare,
254 3561 289 3612 ut
311 3549 393 3616 laice
410 3553 627 3617 communionis
647 3573 730 3634 poeno
748 3553 843 3616 omnis
860 3553 891 3613 in
906 3570 941 3612 eo
956 3559 1018 3612 erat
1030 3553 1137 3630 posito,
1153 3561 1186 3612 nt

123 3629 211 3693 dorici
229 3653 293 3696 non
311 3637 435 3716 amptius
454 3637 568 3712 elerici,
589 3635 641 3698 sed
658 3637 723 3697 laici
738 3636 934 3710 haberentur,
951 3635 990 3694 ita
1005 3652 1089 3712 poenn
1107 3653 1186 3696 eem-

348 3737 363 3778 e
477 3719 507 3778 in
533 3735 567 3778 eo
583 3719 767 3796 consistebat,
794 3725 828 3778 ut
843 3717 940 3777 dorici
958 3735 1018 3776 non
1037 3716 1184 3796 peregrini

121 3715 272 3778 meionis
293 3719 457 3860 percpi-'ma

122 3795 240 3876 codem,
264 3817 324 3878 qno
373 3803 442 3863 erici
466 3801 712 3881 peregrini,jure
735 3806 934 3862 conserentur.
948 3801 1012 3860 Uno
1029 3797 1118 3857 verbo
1133 3815 1187 3877 pe-

120 3881 236 3958 regrina
259 3883 427 3944 cmnmunio
449 3901 508 3944 nnn
528 3885 613 3964 pleno
640 3891 702 3944 erat
727 3891 756 3944 et
778 3883 904 3961 perfecta
928 3879 1067 3960 dejectio,
1092 3878 1185 3956 qualis

119 3968 177 4019 erat
190 3963 363 4026 communio
378 3962 469 4040 laba,
486 3967 537 4026 sed
559 3965 732 4045 temporaria
747 3963 908 4045 segregatio
926 3961 1109 4036 clericorum,
1134 3961 1184 4038 qui

119 4049 181 4116 post
198 4053 296 4105 aetam
314 4047 531 4126 poenitentiam,
551 4067 617 4127 que
639 4047 750 4126 privata
770 4065 831 4108 csse
847 4043 966 4120 debuit,
982 4042 1049 4121 qnia
1070 4041 1185 4122 publico
