3106 5170
591 419 810 492 -181-

158 568 291 642 ordinis
337 583 522 665 potestate:
577 595 690 640 verum
743 581 981 642 sacramentum
1034 571 1235 666 poenitentiae

160 683 344 764 utramque
379 667 559 754 desiderat3
599 669 754 764 qnoniam
785 691 867 764 opus
895 683 944 737 cst
975 669 1147 759 ministro,
1177 695 1239 767 per

159 791 270 862 quem
310 781 344 834 et
378 765 562 836 8881888188
603 767 725 860 gratia,
764 763 887 835 feretur
932 769 1115 856 sententie,
1164 793 1239 866 quae

159 879 298 932 tantum
334 863 418 936 88181
448 863 573 960 prolate
601 867 641 952 18
673 889 748 954 888,
784 864 841 962 qui
872 861 993 936 Judicis
1020 864 1239 964 jurisdictioni
1273 885 1278 894 ·

163 961 309 1060 subjecti
333 978 410 1032 sunt
437 961 504 1059 (1).

211 1131 254 1213 (1)
269 1139 356 1198 cone.
373 1136 457 1200 Trid.
475 1155 546 1200 8888.
566 1133 651 1220 ilde
676 1139 812 1200 Sacram.
824 1135 929 1218 ponit.
949 1155 1016 1218 cap.
1033 1139 1052 1198 6
1078 1146 1184 1202 81888.
1203 1145 1237 1221 9,

162 1225 200 1278 et
216 1217 406 1279 catechismus
419 1221 503 1281 Rom.
518 1239 588 1301 par.
605 1221 625 1280 1
640 1239 707 1302 cap.
723 1217 781 1300 l§.
801 1221 850 1280 51.
1239 1281 1243 1288 ,

212 1297 255 1378 (1)
275 1301 399 1361 Consule
420 1301 462 1362 Cl.
479 1300 675 1380 Christianop.
689 1303 721 1362 iu
742 1301 819 1363 libro
840 1296 1137 1364 18118·881111118118
1159 1321 1242 1365 8888-

162 1377 289 1442 mmai
300 1380 420 1444 nc’cuai
431 1383 571 1446 8188888811
582 1402 647 1467 cop.
661 1386 680 1446 1
693 1382 720 1466 §.
736 1381 793 1465 5§.
813 1385 883 1444 loe.
895 1403 968 1466 pag.
988 1385 1046 1444 1118
1061 1393 1157 1468 etseq.

225 1561 257 1662 §.
295 1561 482 1635 LXXXIV.
516 1563 701 1636 iurisdictio
732 1589 833 1662 penes
867 1565 1057 1661 episcopum
1089 1563 1125 1634 iu
1156 1567 1247 1635 omni

169 1661 305 1732 dioeoesi
333 1677 401 1751 est,
434 1677 468 1732 et
498 1661 572 1734 ideo
602 1667 664 1732 nisi
693 1665 768 1761 quis
801 1688 873 1734 cem
902 1661 943 1732 ab
972 1664 1124 1760 episcopo
1156 1662 1247 1734 obti-

170 1775 274 1848 neet,
316 1763 351 1830 in
387 1761 457 1858 ejus
493 1760 639 1832 subditos
672 1787 819 1832 exercere
846 1759 1009 1860 judicium
1041 1787 1079 1832 88
1111 1777 1249 1831 senten·
1312 1799 1314 1805 2

171 1861 259 1928 tiam
287 1857 372 1928 18888
404 1884 472 1930 non
509 1875 628 1956 potest.
663 1857 819 1946 Paroehi,
847 1885 923 1930 cum
951 1861 1134 1930 animarum
1161 1885 1249 1930 curae

172 1954 425 2052 praeficiuntur,
470 1961 520 2029 sui
555 1957 653 2029 officii
683 1960 760 2056 jure
796 1957 948 2029 obtinent
983 1957 1068 2029 hanc
1102 1972 1249 2054 poteste-

175 2071 263 2142 tem,
300 2057 375 2152 qnia
410 2081 487 2126 8888
522 2055 655 2152 parochi
690 2055 790 2146 fiunt,
827 2058 991 2152 accipiunt
1023 2057 1063 2126 ab
1098 2058 1249 2153 episeopo

160 2151 326 2225 vsubditos
334 2207 347 2240 ,
382 2179 464 2250 quos
495 2171 609 2249 regant
634 2169 668 2224 81
691 2157 727 2224 in
756 2177 836 2250 quos
862 2153 1123 2252 jurisdictionem
1152 2180 1250 2226 exer-
1313 2185 1316 2194 ·

175 2267 287 2322 ceant.
327 2250 435 2322 Ceteri
469 2251 669 2342 secerdotes,
709 2253 826 2350 quibus
863 2251 946 2322 nulli
979 2279 1055 2322 cum
1089 2251 1249 2324 beneficio

175 2348 302 2420 subditi
336 2347 403 2419 1811
432 2367 530 2440 8881,
560 2375 642 2448 opus
672 2349 795 2422 habent
816 2353 909 2422 88818
941 2353 1101 2448 episcopi,
1131 2377 1150 2420 e
1183 2375 1249 2447 quo

175 2447 223 2516 ad
251 2446 312 2518 hoc
349 2475 468 2518 munus
497 2451 563 2546 apti
595 2467 629 2519 et
659 2447 769 2522 idonei
796 2449 1008 2547 judicentur,
1042 2475 1080 2519 88
1106 2451 1251 2520 muneris

175 2545 315 2640 gerendi
342 2561 534 2642 potestatem
568 2549 727 2644 accipiant
754 2547 819 2644 (1)
849 2547 964 2644 ltaque
1001 2545 1134 2659 parochi
1169 2572 1251 2712 pos-

178 2661 335 2740 teaquam
377 2647 439 2714 rite
482 2649 649 2716 constituti
688 2662 783 2734 sunt,
823 2647 900 2744 jure
937 2669 1092 2742 propuo,
1133 2670 1169 2714 re
1183 2645 1251 2742 iqui

174 2741 381 2832 sacerdotes,
411 2745 476 2813 sive
520 2769 558 2813 ex
591 2741 815 2834 saecularibus,
859 2745 924 2814 sive
952 2769 990 2813 cx
1027 2741 1249 2838 regularibus,

169 2843 256 2938 jure
276 2840 424 2942 delegato
443 2844 645 2939 poenitentiae
669 2854 907 2914 sacramentum
930 2839 1158 2912 administrent
1180 2839 1248 2938 (1).

222 3037 265 3120 (1)
282 3043 369 3102 Cone.
390 3041 473 3102 Trid.
500 3043 712 3123 8888111888.
737 3043 776 3102 15
796 3037 830 3102 de
850 3038 909 3122 ref.
935 3040 1059 3103 1888818
1083 3043 1154 3102 lieu.
1181 3041 1251 3102 XlV

174 3125 258 3186 1881.
274 3123 324 3198 et,
338 3122 491 3184 8111888118
505 3132 583 3200 8881,
600 3143 666 3202 quae
676 3124 713 3184 ad
727 3123 807 3184 hune
819 3124 915 3184 locum
927 3124 1086 3200 pertinent.

224 3201 265 3282 (1)
289 3229 302 3257 a
320 3205 423 3266 Nullus
437 3206 476 3264 ita
488 3207 526 3265 sit
540 3205 723 3278 temerarius,
744 3205 882 3283 inquiunt
893 3209 993 3266 Patres
1006 3203 1146 3266 Gallicani
1166 3203 1197 3264 in
1209 3222 1254 3265 oo·

175 3285 274 3348 mitiis
297 3287 481 3366 generalibus
494 3307 542 3348 eu.
573 3290 668 3365 16111,
685 3289 781 3364 teet,
798 3289 893 3362 1615,
910 3295 943 3348 81
955 3287 1069 3367 ingerat
1082 3304 1113 3346 se
1137 3285 1254 3346 audien·

176 3367 231 3430 dis
254 3369 497 3445 censemionibua,
518 3371 589 3450 quin
614 3371 652 3432 ad
677 3369 708 3430 id
732 3369 898 3430 facultatem
923 3371 1030 3448 scripto
1055 3367 1193 3428 traditam
1216 3368 1254 3428 ab

176 3449 332 3528 episcopo,
366 3459 417 3511 aut
451 3451 513 3530 ejus
539 3454 646 3513 vicario
681 3451 809 3532 generali
840 3451 1012 3512 obtinuerit.
1038 3454 1075 3512 Et
1107 3449 1252 3530 religiosi,

178 3533 316 3611 quamvis
339 3534 465 3612 exempti
488 3534 525 3596 eb
540 3535 618 3596 illiue
638 3535 858 3614 jurisdictione,
886 3533 1019 3612 excipere
1032 3551 1092 3594 non
1116 3539 1255 3611 poterunt

177 3615 391 3691 confessiones,
418 3616 491 3694 quio
516 3617 596 3695 prius
622 3635 743 3678 examen
757 3615 915 3692 subierint,
931 3615 968 3676 eb
992 3633 1098 3694 eoque,
1114 3619 1165 3674 eut
1191 3611 1254 3689 ejus

179 3697 292 3756 vicario
317 3697 444 3776 generali
469 3699 620 3778 approbati
646 3700 771 3775 luerint,
798 3717 834 3760 ex
859 3716 987 3777 quorum
1003 3705 1077 3758 nutu
1098 3693 1253 3774 pendebit,

181 3787 222 3838 ut
245 3778 444 3854 indefinitam,
471 3791 521 3842 881
545 3782 582 3842 81
608 3781 723 3860 tempus
749 3781 843 3842 solum
864 3781 1029 3842 facultatem
1043 3775 1212 3838 eoncedent.
1236 3801 1250 3830 8

181 3861 262 3924 11188
276 3863 345 3922 Pius
361 3865 400 3924 lV
416 3873 509 3925 88881.
535 3865 574 3924 ln
593 3863 745 3946 Principis
758 3865 860 3946 Apoet.
877 3864 950 3938 109,
966 3858 1076 3923 bellur.
1092 3859 1178 3918 llum.
1196 3853 1254 3920 811.

179 3940 255 4006 edit.
272 3951 343 4006 tam.
364 3947 583 4028 18881889.
601 3947 672 4008 111.
689 3955 719 4008 81
733 3946 867 4007 Urbanus
886 3947 955 4008 Vlll
970 3946 1067 4004 Consi.
1089 3943 1163 4001 Cum
1178 3939 1258 4001 81881

180 4025 352 4106 accepimus
367 4029 425 4088 179
441 4035 511 4089 tom.
532 4029 636 4110 tipar.
655 4032 669 4090 1
688 4026 784 4110 ejusd.
799 4023 872 4089 tull.
894 4026 1056 4108 888111,
1075 4022 1256 4084 sustulerunt
1316 4043 1319 4052 ⁴

292 4132 366 4177 rou.
397 4135 419 4178 r.
1111 4103 1154 4174 111
1224 4127 1227 4146 ·’
