3140 5168
786 429 1023 506 '-.5i⁴l-

374 579 447 641 adeo
460 587 493 640 ut
509 580 609 640 multas
630 597 731 642 earum
752 579 851 659 plebes
874 587 970 642 essem
987 579 1110 654 doeertte
1132 585 1163 640 et
1178 577 1285 640 alieubi
1303 595 1343 638 ne
1366 595 1444 640 uuus

374 661 494 741 quidem
505 662 643 724 diaeonus
652 661 844 742 reperiretur.
857 663 932 724 lluio
941 661 1017 724 malo
1028 659 1191 724 remedium
1202 659 1347 722 adhibere
1357 679 1443 740 opor·

374 743 469 820 tebet,
482 751 512 804 et
526 762 596 807 vero
609 745 744 806 adbiberi
759 745 844 805 laeile
856 751 984 823 poterat,
999 753 1064 806 tum
1078 745 1102 805 si
1118 744 1150 804 iu
1166 744 1225 804 auis
1238 743 1443 821 reciperentur

373 825 527 906 gradibus,
541 827 592 904 qui
607 845 623 888 a
637 827 790 888 donatistis
802 827 839 888 ad
853 826 1023 888 eutholimm
1038 828 1181 887 unitatem
1201 825 1440 896 revertebantur,

373 916 437 968 tum
460 908 484 968 si
506 908 660 970 ordinibus
681 909 877 981 donarentur,
900 911 950 988 qui
974 903 1053 988 apu'd
1075 908 1235 968 donatistas
1259 909 1291 968 in
1317 907 1439 968 infautia
1545 953 1546 990 ,

373 988 526 1068 baptisati,
544 991 666 1052 rationis
678 1007 734 1052 usu
748 991 864 1072 praediti
877 991 915 1052 ad
928 992 1099 1052 mtholioam
1113 990 1263 1052 eeclesiam
1275 989 1438 1051 redierant.

373 1071 431 1132 Sed
455 1071 610 1134 obnubunt
633 1073 748 1134 decreta
773 1072 851 1134 adiu
876 1075 908 1134 iu
934 1073 1130 1136 trausnmrino
1151 1071 1289 1148 uouoilio,
1315 1089 1441 1150 quos-m

373 1155 483 1214 mentio
497 1163 541 1214 est
560 1155 589 1214 in
601 1156 714 1234 syuodo
728 1155 862 1218 dirioana
876 1173 943 1217 oon.
968 1158 1006 1218 td
1028 1155 1107 1236 apud
1121 1153 1269 1216 Pitbmum
1289 1151 1355 1215 oud.
1371 1172 1438 1216 oon.
1512 1156 1518 1185 '·

435 1237 518 1297 ,152
532 1235 602 1298 edit.
622 1238 722 1299 Poris.
741 1239 831 1298 1687.
855 1242 956 1316 ltaque
969 1246 1003 1298 ut
1024 1257 1057 1298 eu
1080 1238 1129 1298 lex
1149 1236 1328 1298 neoessitatis
1349 1237 1442 1318 gratia

400 1325 535 1394 seretur,
562 1319 648 1380 missa
675 1321 781 1401 legatio
803 1327 847 1380 est
870 1321 908 1382 ad
926 1337 1026 1396 eos,a
1050 1319 1159 1399 quibus
1176 1319 1224 1380 illa
1248 1317 1306 1378 lata
1329 1318 1439 1392 iuerat,

372 1399 456 1459 sicuti
471 1409 550 1479 patet
565 1419 601 1462 ex
614 1401 715 1462 eadem
730 1401 842 1482 syuodo
856 1402 990 1464 Airioana
1005 1398 1060 1464 loo.
1074 1400 1125 1462 ot't.
1136 1419 1209 1484 pop.
1227 1401 1298 1461 lto.
1313 1399 1401 1478 Quod
1417 1400 1441 1460 si

371 1480 475 1560 synodi
501 1483 690 1562 particulares
715 1485 917 1564 episcoporum
938 1491 1111 1564 potestatem
1136 1485 1167 1544 in
1189 1501 1222 1543 re
1249 1491 1311 1544 mm
1338 1483 1439 1564 gravi,

372 1570 491 1640 umque
511 1565 651 1645 episoopis
667 1567 784 1646 propria
800 1573 912 1628 arctare
935 1573 1109 1645 potuerunt;
1124 1583 1162 1626 au
1178 1564 1333 1626 nunidem
1348 1565 1441 1626 multo

371 1645 464 1727 magis
475 1655 613 1724 prestare
626 1649 735 1728 poterit
747 1667 879 1710 summus
895 1648 1045 1724 Pontifex,
1060 1647 1144 1727 enjus
1157 1665 1216 1708 non
1231 1645 1363 1708 humano
1375 1647 1441 1726 jane

371 1727 496 1802 sancita,
512 1729 563 1790 sed
577 1749 592 1790 a
604 1729 720 1792 Christo
732 1731 795 1810 ipso
807 1731 939 1792 instituta
951 1737 1077 1810 potestas
1090 1733 1153 1790 est?

412 1807 453 1890 (ἓ)
475 1808 505 1869 Si
518 1812 646 1890 antiquis
659 1813 840 1890 temporibus
854 1812 1060 1892 episoopalium
1070 1811 1239 1872 insultatum
1255 1809 1440 1872 definienda-

370 1909 437 1950 rum
450 1890 554 1952 modus
566 1912 582 1952 a
594 1893 781 1972 patriarchis,
798 1895 1005 1974 metropolitis,
1021 1894 1199 1974 synodisque
1212 1893 1442 1973 provincialibus

370 1981 449 2033 totus
460 1972 521 2033 iere
541 1975 702 2052 pendebat,
718 1994 778 2037 non
791 1977 899 2038 ideireo
912 1975 1064 2038 Pontiiioio
1075 1976 1153 2054 juri,
1167 1976 1246 2055 quod
1261 1994 1297 2036 ex
1310 1977 1441 2055 primatu

371 2053 536 2130 deseendit,
550 2057 710 2137 quidquam
732 2059 894 2126 deuautum
914 2059 1008 2120 videri
1030 2066 1135 2137 potest.
1156 2061 1230 2119 Cum
1245 2060 1327 2120 enim
1344 2058 1445 2120 omnis
1546 2075 1547 2134 l

371 2137 504 2212 illorum,
519 2157 585 2216 quaa
601 2139 720 2202 tandem
742 2159 868 2222 cumque
882 2141 930 2201 illa
951 2149 1040 2216 esset,
1057 2141 1088 2201 in
1109 2139 1256 2220 episoopos
1274 2149 1304 2200 et
1326 2142 1439 2220 episeo-

370 2226 455 2296 patus
465 2217 631 2297 jurisdictio
644 2230 742 2282 mmen
761 2241 797 2283 ex
818 2223 1008 2284 ecclesiastico
1019 2223 1087 2302 jure
1105 2221 1293 2302 procederet,
1308 2223 1440 2300 proiecto

370 2299 515 2380 quidquid
538 2301 735 2365 ecclesiastieae
752 2305 944 2367 institutionis
962 2313 1021 2380 est,
1039 2303 1100 2383 juri
1124 2304 1274 2366 ordinario
1289 2323 1321 2364 ae
1334 2303 1441 2365 divino

370 2382 514 2462 primatus
526 2384 682 2447 detrahere
694 2385 770 2446 nihil
784 2388 890 2467 potuit.
905 2387 1028 2450 conside
1043 2385 1180 2448 Ballerin.
1194 2384 1342 2470 depulsat.
1360 2383 1434 2449 ecel.

371 2462 605 2642 wsmisgui‘dem
616 2549 728 2627 omnio,
742 2551 793 2630 qui
805 2557 902 2612 teneat
919 2569 1019 2628 error,
1037 2558 1088 2612 aut
1103 2549 1277 2612 miserabilis
1292 2550 1441 2631 ignoratio

369 2645 431 2689 vera
450 2646 514 2704 eos,
529 2630 580 2708 qui
593 2632 710 2710 propria
731 2641 761 2693 et
782 2634 878 2694 nativa
900 2635 1102 2713 episcoporum
1116 2632 1199 2712 jura,
1214 2651 1230 2694 a
1244 2633 1374 2713 legitima
1394 2651 1442 2694 su·

370 2709 477 2790 periuri
492 2719 633 2789 potestate
646 2713 708 2773 tolli
723 2733 756 2774 au
772 2715 866 2776 minui
880 2733 964 2794 posse
975 2713 1154 2776 inficiantur.
1169 2715 1214 2776 Ab
1228 2713 1298 2794 ipsis
1311 2715 1442 2776 molesios

370 2791 554 2854 incunabulis
568 2793 795 2857 luculentissima
809 2805 878 2856 sunt
890 2805 1095 2874 monumenta,
1110 2813 1176 2875 qum
1188 2797 1276 2878 longe
1286 2797 1370 2859 aliud
1391 2816 1443 2859 os-

370 2873 506 2935 tendunt.
526 2877 659 2956 Episcopi
679 2887 763 2938 eram
776 2877 949 2941 Timotheus
966 2888 994 2940 et
1009 2881 1107 2956 Titus,
1131 2879 1205 2939 alter
1223 2879 1349 2958 Ephesi,
1368 2881 1444 2941 alter

370 2958 478 3030 Cretoe,
501 2955 539 3016 ad
558 2975 631 3037 quos
648 2961 794 3038 apostolus
814 2961 927 3022 litteras
944 2961 1043 3038 dedit,
1063 2970 1093 3022 et
1113 2960 1175 3022 bia
1197 2962 1311 3040 Spiritu
1336 2967 1441 3026 Sancto
1547 3021 1548 3052 ,

368 3039 454 3116 positi
469 3047 553 3099 erant
572 3059 675 3122 regere
689 3043 838 3104 ecelesiam
858 3044 911 3105 Dei
935 3043 966 3104 in
983 3046 1043 3106 suis
1063 3043 1252 3117 dioeoesibus,
1277 3051 1308 3104 et
1322 3063 1442 3106 omnem
1547 3053 1548 3120 f

369 3137 435 3179 oum
451 3121 616 3199 episeopatu
635 3125 819 3204 eonjunutam
837 3133 1008 3205 potestatem
1028 3125 1211 3188 obtinebant.
1232 3129 1310 3208 Ergo
1335 3147 1442 3206 quem-
1547 3121 1548 3142 ¹

368 3201 440 3262 libet
453 3201 652 3265 Christianum
670 3205 819 3268 bominem
835 3208 989 3270 ordinibus
1003 3210 1120 3270 initiare
1138 3215 1284 3286 poteraut,
1299 3211 1443 3286 quoniam
1547 3215 1548 3220 ’

369 3284 463 3427 pmplla
477 3283 619 3428 opispopis
640 3307 673 3348 es
688 3288 725 3350 de
737 3309 771 3386 pe
783 3291 849 3432 datp
871 3309 887 3350 ι
900 3289 1018 3352 Christo
1031 3299 1156 3386 potestas
1169 3290 1280 3432 lup-at,
1296 3299 1329 3351 et
1343 3301 1445 3354 umen

368 3373 1445 3546 aad:lht‘dlttlthilldttfflattttt'j‘tttf

367 3531 507 3591 Similiter
516 3549 584 3610 June
595 3533 696 3596 divino
717 3536 880 3617 presbyteri
897 3538 1038 3621 episeopis
1055 3539 1209 3614 submant,
1228 3545 1318 3617 atque
1336 3540 1373 3601 hi
1391 3561 1445 3604 suu

368 3611 464 3674 lubitu
475 3622 611 3712 poterant
621 3617 760 3680 adversus
770 3620 834 3681 illos
848 3637 913 3680 eam
925 3639 1043 3684 servare
1056 3620 1229 3682 methodum
1237 3620 1441 3700 judiciorum,

368 3711 550 3839 ltltl
561 3700 1128 3848 tttttlllllllltlltttl
1144 3703 1446 3850 lllltfflttlt

367 3784 474 3920 baulos
488 3862 629 3942 episoopis
639 3803 837 3943 imperatris
848 3865 990 3929 oduerm
1001 3887 1040 3951 pr
1108 3877 1206 3931 temm
1215 3829 1445 3934 oe'easunuaem

366 3941 529 4020 recipiant,
545 3943 606 4006 nst
617 3943 671 4007 sub
686 3945 815 4025 duobus,
834 3957 887 4011 out
903 3947 998 4010 tribus
1019 3959 1074 4014 test
1113 3971 1140 4014 ts
1152 3954 1173 4012 1
1187 3950 1227 4014 od
1241 3950 1319 4011 rim.
1337 3958 1443 4036 coph

366 4039 441 4082 uers.
461 4027 510 4085 ltl.
534 4028 618 4088 llitto
632 4037 726 4091 uetera
744 4032 864 4112 similia,
884 4048 952 4110 quae
969 4041 1069 4094 sunta
1093 4034 1182 4097 Paulo
1203 4034 1385 4116 oonstimta,
1413 4046 1444 4097 et
