3100 5182
520 445 742 516 -157-

148 593 175 694 ς.
217 591 381 664 XXXVI.
421 591 528 663 Soiuti
558 609 633 662 sunt
663 592 713 664 bis
748 593 901 665 oneribus
933 595 1076 667 minores
1099 597 1169 670 cle-

110 693 175 776 rici,
204 717 318 762 verum
351 715 428 760 cum
461 695 577 760 ineunt
608 693 874 780 matrimonium,
908 693 973 763 sire
1001 691 1089 772 illud,
1113 721 1169 764 ra-

110 805 167 860 turn
197 791 257 878 sit,
297 791 364 858 sire
396 803 683 878 consummatum,
721 791 787 860 sire
826 792 908 860 vires
935 789 1073 882 habeut,
1104 793 1169 864 sire

110 887 283 974 iscareat,
312 883 411 956 modo
440 909 616 956 consensus
639 885 748 956 clerici
775 912 844 958 non
876 886 978 982 desit,
1008 913 1076 960 non
1108 882 1193 961 so?

110 981 166 1052 ium
189 986 330 1078 impares
353 982 441 1052 finnt
472 981 514 1052 sd
543 983 750 1054 ecclesiastica
774 983 930 1056 beneficia
965 985 1166 1072 obtinenda,

110 1079 262 1176 sed,quae
286 1079 429 1168 habent,
463 1081 560 1150 etiam
586 1083 743 1150 amittunt
776 1082 851 1178 (i),
886 1107 1086 1180 quamquam
1115 1109 1170 1154 re·

112 1193 252 1368 cuergft
282 1175 424 1274 quiquid
457 1175 540 1248 forte
572 1176 712 1250 eeclesiae
744 1177 907 1250 dederunt
930 1205 948 1252 e
971 1181 1169 1276 patrimonio

112 1295 160 1342 suo
228 1327 236 1344 .

145 1417 182 1496 (1)
201 1423 273 1502 Cap.
290 1423 303 1479 t
320 1421 379 1480 ao
395 1418 430 1481 dc
443 1417 547 1482 ctam.
564 1419 684 1506 conjuq.

146 1501 183 1580 (2)
203 1505 273 1583 dap.
291 1503 310 1562 5
326 1501 391 1562 eod.

155 1653 187 1754 ᾗ.
211 1655 380 1726 XXXVII.
410 1656 552 1728 Minores
580 1656 707 1746 clerici,
733 1659 791 1754 qui
814 1656 1010 1728 beneficium
1028 1681 1094 1729 non
1112 1657 1173 1728 ha-

113 1751 209 1841 bent,
240 1769 273 1823 ut
313 1753 374 1826 fori
409 1753 576 1852 privilegio
604 1755 757 1826 fruantur
789 1755 862 1851 (i),
898 1771 1062 1826 tonsuram
1098 1781 1172 1826 res-

125 1873 215 1946 ecque
244 1851 404 1924 clericales
438 1851 585 1941 deserte,
622 1867 720 1949 atque
750 1853 843 1924 alicui
875 1851 1035 1942 ecclesiae,
1070 1877 1169 1924 man·

116 1943 181 2017 dato
202 1951 362 2046 epicopi,
392 1952 512 2020 servire
540 1949 661 2020 debent
695 1950 768 2047 (ἢ),
804 1949 855 2020 rel
880 1976 957 2022 cum
982 1953 1052 2048 ejus
1080 1953 1173 2022 venia

115 2044 352 2118 inciericorum
389 2049 584 2136 seminario,
614 2049 732 2116 autin
767 2046 877 2144 aliquo
906 2045 1045 2144 probato
1072 2072 1173 2146 gym-

117 2143 189 2212 nasio
211 2147 349 2233 versari,
381 2147 471 2241 quasi
496 2147 530 2214 in
552 2147 621 2233 via,
641 2169 701 2242 per
728 2169 828 2240 quam
852 2144 893 2213 ad
919 2147 1055 2242 majores
1081 2143 1174 2214 ordi·

117 2261 164 2306 nes
203 2245 395 2336 perveniant
432 2241 498 2338 (5).
547 2241 615 2326 Qui
657 2255 824 2312 tonsuram
864 2257 898 2313 et
931 2255 1034 2311 vestes
1077 2239 1174 2310 dese-

117 2359 196 2406 ruere
226 2341 441 2428 olorinorum,
469 2337 511 2408 ad
547 2337 667 2410 laicum
695 2339 842 2436 judicem
877 2340 986 2412 vocari
1015 2352 1172 2436 possunt,

116 2455 211 2503 terum
241 2439 267 2506 si
298 2435 377 2506 velit
401 2438 588 2531 episcopus,
616 2459 671 2506 cos
698 2435 861 2507 vindicare
888 2450 1014 2533 potest,
1048 2450 1087 2506 ut
1113 2432 1175 2504 ad-

116 2553 208 2601 sersus
243 2535 334 2630 ipsos
357 2531 521 2627 judicium
556 2549 703 2604 exerceat
736 2533 803 2630 (4).
840 2533 950 2629 Atque
980 2530 1063 2602 illud
1095 2534 1174 2628 qui·

118 2623 179 2696 dem
193 2629 251 2700 fori
267 2631 477 2727 privilegium
499 2629 650 2701 obtinent
665 2655 733 2702 non
751 2645 881 2700 tantum
898 2629 1006 2700 clerici
1023 2629 1173 2717 coelibes,

118 2724 277 2798 sedetiam
308 2731 367 2824 qui
406 2751 541 2798 uxorem
574 2726 715 2816 habent,
756 2725 855 2796 modo
887 2727 1040 2813 unicam,
1085 2749 1177 2794 eam-

120 2846 169 2916 que
192 2828 353 2920 virginem
380 2823 554 2914 duxerint,
589 2823 808 2919 adscriptique
834 2821 876 2892 ab
905 2823 1057 2918 episcopo
1082 2819 1176 2891 alicui

120 2919 241 3084 &lesia
284 2925 375 3010 sint,
421 2935 603 3017 gerantque
642 2935 814 2992 tonsuram
858 2933 893 2992 et
935 2933 1038 2989 restes
1080 2917 1178 2990 cleri·

156 3042 186 3087 es
199 3019 266 3115 (5).

150 3186 186 3267 (1)
205 3190 371 3264 Quaesitum
386 3195 441 3265 est,
460 3205 533 3248 num
547 3187 663 3262 clerici,
679 3187 730 3266 qui
749 3193 900 3248 tonsuram
918 3191 1071 3264 vestesque
1092 3185 1178 3246 cleri-

121 3265 180 3328 ala
200 3271 388 3348 abjecerunt,
415 3287 474 3329 non
496 3275 611 3328 tantum
631 3269 706 3343 fori,
724 3267 883 3328 sedetiam
908 3265 1032 3327 cononis
1057 3265 1179 3346 privile·

121 3345 186 3424 dum
206 3353 364 3422 amittant,
385 3369 418 3408 ac
435 3357 575 3427 praetcrea
591 3347 778 3408 beneficium.
805 3352 877 3429 Cap.
897 3345 1073 3422 odoardus·
1088 3354 1117 3406 et
1131 3363 1180 3406 cos

123 3435 217 3491 tantum
240 3433 298 3492 sori
326 3431 512 3510 privilegium
536 3431 690 3504 amitterc,
712 3447 773 3489 non
791 3429 862 3488 item
886 3437 998 3503 cetera,
1024 3426 1180 3488 definitum

123 3514 215 3583 est,uti
235 3521 363 3572 testatur
381 3511 517 3573 Giraldus
534 3511 660 3592 exposit.
679 3511 751 3571 Jur.
775 3507 915 3591 Pontific.
929 3527 999 3589 por.
1017 3511 1036 3568 ἢ
1054 3517 1124 3569 sect.
1141 3509 1180 3568 95

121 3606 177 3671 paq.
198 3595 257 3654 959
279 3602 310 3654 et
332 3595 403 3653 uto.
418 3595 519 3670 Neque
533 3610 602 3652 vero
617 3600 650 3651 ut
665 3590 833 3668 hujusmodi
857 3589 970 3650 clericis
988 3589 1044 3650 tori
1066 3589 1181 3667 privile·

122 3671 188 3747 uum
199 3675 366 3748 adimatur,
380 3673 542 3734 monitione
555 3673 650 3750 aliqua
669 3690 742 3748 opus
757 3679 816 3748 ost,
836 3689 904 3731 cum
926 3671 947 3730 ii
962 3671 1061 3730 statim
1076 3669 1182 3730 cadant

120 3749 175 3824 jure
193 3774 262 3830 suo,
290 3755 478 3816 Innocentius
496 3756 566 3814 Xlll
586 3753 710 3814 Constit.
735 3749 895 3834 Apostolici
911 3749 1085 3827 ministerii,
1109 3747 1135 3828 S.
1163 3751 1181 3808 8

122 3837 179 3892 tom.
196 3837 229 3896 Η
255 3831 380 3896 Butler.
399 3837 526 3895 Roman.
551 3831 608 3894 ult.
624 3831 695 3894 edit.
714 3851 785 3914 paq.
802 3835 877 3910 260,
892 3851 981 3911 quam
1002 3829 1182 3891 constitutio·

121 3930 178 3973 uem
197 3917 384 3976 confirmavit
405 3915 579 3976 Benedictus
602 3917 672 3976 Xill
699 3913 822 3975 Constit.
843 3917 882 3973 In
899 3929 1038 3995 supremo
1054 3911 1089 3970 st
1105 3927 1179 3992 paq.

123 3993 173 4054 550
183 3995 245 4058 cod.
259 3993 381 4058 Bulior.
395 3993 449 4058 loc.
461 3995 511 4058 cit.
527 3995 603 4058 Vide
617 3995 769 4058 Giraldum
783 3991 838 4056 loc.
852 3993 903 4054 cit.
