<?xml version="1.0" encoding="UTF-8"?>
<!DOCTYPE html PUBLIC "-//W3C//DTD XHTML 1.0 Transitional//EN"
    "http://www.w3.org/TR/xhtml1/DTD/xhtml1-transitional.dtd">
<html xmlns="http://www.w3.org/1999/xhtml" xml:lang="en" lang="en">
 <head>
  <title>
</title>
<meta http-equiv="Content-Type" content="text/html;charset=utf-8" />
  <meta name='ocr-system' content='tesseract 3.04.00' />
  <meta name='ocr-capabilities' content='ocr_page ocr_carea ocr_par ocr_line ocrx_word'/>
</head>
<body>
  <div class='ocr_page' id='page_1' title='image "./institutionumca00devogoog_0123.png"; bbox 0 0 3100 5182; ppageno 0'>
   <div class='ocr_carea' id='block_1_1' title="bbox 769 448 991 518">
    <p class='ocr_par' dir='ltr' id='par_1_1' title="bbox 769 448 991 518">
     <span class='ocr_line' id='line_1_1' title="bbox 769 448 991 518; baseline -0.005 0"><span class='ocrx_word' id='word_1_1' title='bbox 769 448 991 518; x_wconf 83' lang='lat' dir='ltr'><strong>-tta-</strong></span> 
     </span>
    </p>
   </div>
   <div class='ocr_carea' id='block_1_2' title="bbox 342 593 1421 799">
    <p class='ocr_par' dir='ltr' id='par_1_2' title="bbox 342 593 1421 799">
     <span class='ocr_line' id='line_1_2' title="bbox 342 593 1421 700; baseline -0.009 -22"><span class='ocrx_word' id='word_1_2' title='bbox 342 619 420 678; x_wconf 86' lang='lat' dir='ltr'><strong>sunt</strong></span> <span class='ocrx_word' id='word_1_3' title='bbox 439 626 537 700; x_wconf 90' lang='lat' dir='ltr'><strong>poeua</strong></span> <span class='ocrx_word' id='word_1_4' title='bbox 564 599 674 695; x_wconf 78' lang='lat' dir='ltr'><strong>digni,</strong></span> <span class='ocrx_word' id='word_1_5' title='bbox 725 597 846 669; x_wconf 90' lang='lat' dir='ltr'><strong>ublicos</strong></span> <span class='ocrx_word' id='word_1_6' title='bbox 874 597 1071 694; x_wconf 86' lang='lat' dir='ltr'><strong>poenitentes</strong></span> <span class='ocrx_word' id='word_1_7' title='bbox 1099 609 1188 666; x_wconf 89' lang='lat' dir='ltr'><strong>arcet</strong></span> <span class='ocrx_word' id='word_1_8' title='bbox 1213 593 1255 666; x_wconf 81' lang='lat' dir='ltr'><strong>ab</strong></span> <span class='ocrx_word' id='word_1_9' title='bbox 1286 596 1421 669; x_wconf 83' lang='lat' dir='ltr'><strong>ecclesia</strong></span> 
     </span>
     <span class='ocr_line' id='line_1_3' title="bbox 344 625 721 799; baseline -0.029 -23"><span class='ocrx_word' id='word_1_10' title='bbox 344 728 463 799; x_wconf 89' lang='lat' dir='ltr'><strong>eosque</strong></span> <span class='ocrx_word' id='word_1_11' title='bbox 490 701 631 770; x_wconf 83' lang='lat' dir='ltr'><strong>restituit</strong></span> <span class='ocrx_word' id='word_1_12' title='bbox 660 625 721 794; x_wconf 68' lang='lat' dir='ltr'><strong>(dl</strong></span> 
     </span>
    </p>
   </div>
   <div class='ocr_carea' id='block_1_3' title="bbox 349 861 1419 1261">
    <p class='ocr_par' dir='ltr' id='par_1_3' title="bbox 397 861 1195 952">
     <span class='ocr_line' id='line_1_4' title="bbox 397 861 1195 952; baseline -0.01 -18"><span class='ocrx_word' id='word_1_13' title='bbox 397 870 425 952; x_wconf 83' lang='lat' dir='ltr'><strong>l)</strong></span> <span class='ocrx_word' id='word_1_14' title='bbox 446 869 556 934; x_wconf 86' lang='lat' dir='ltr'><strong>Concil.</strong></span> <span class='ocrx_word' id='word_1_15' title='bbox 573 867 708 932; x_wconf 86' lang='lat' dir='ltr'><strong>Trident.</strong></span> <span class='ocrx_word' id='word_1_16' title='bbox 725 883 795 926; x_wconf 80' lang='lat' dir='ltr'><strong>sess.</strong></span> <span class='ocrx_word' id='word_1_17' title='bbox 813 867 848 927; x_wconf 80' lang='lat'><strong>21</strong></span> <span class='ocrx_word' id='word_1_18' title='bbox 866 883 937 947; x_wconf 82' lang='lat' dir='ltr'><strong>cop.</strong></span> <span class='ocrx_word' id='word_1_19' title='bbox 955 867 973 927; x_wconf 79' lang='lat' dir='ltr'><strong>t</strong></span> <span class='ocrx_word' id='word_1_20' title='bbox 988 863 1024 926; x_wconf 84' lang='lat' dir='ltr'><strong>de</strong></span> <span class='ocrx_word' id='word_1_21' title='bbox 1038 861 1195 946; x_wconf 78' lang='lat' dir='ltr'><strong>reformet.</strong></span> 
     </span>
    </p>

    <p class='ocr_par' dir='ltr' id='par_1_4' title="bbox 398 945 907 1033">
     <span class='ocr_line' id='line_1_5' title="bbox 398 945 907 1033; baseline -0.016 -19"><span class='ocrx_word' id='word_1_22' title='bbox 398 956 416 1014; x_wconf 57' lang='grc' dir='ltr'>ἢ</span> <span class='ocrx_word' id='word_1_23' title='bbox 451 953 642 1033; x_wconf 73' lang='lat' dir='ltr'><strong>Cop.80tll</strong></span> <span class='ocrx_word' id='word_1_24' title='bbox 660 945 907 1030; x_wconf 63' lang='lat' dir='ltr'><strong>defunctorupct.</strong></span> 
     </span>
    </p>

    <p class='ocr_par' dir='ltr' id='par_1_5' title="bbox 378 1027 994 1112">
     <span class='ocr_line' id='line_1_6' title="bbox 378 1027 994 1112; baseline -0.015 -16"><span class='ocrx_word' id='word_1_25' title='bbox 378 1038 416 1096; x_wconf 58' lang='grc' dir='ltr'><strong>,ὅ</strong></span> <span class='ocrx_word' id='word_1_26' title='bbox 452 1037 527 1095; x_wconf 81' lang='lat' dir='ltr'><strong>Can.</strong></span> <span class='ocrx_word' id='word_1_27' title='bbox 546 1036 629 1095; x_wconf 79' lang='lat' dir='ltr'><strong>t5ct</strong></span> <span class='ocrx_word' id='word_1_28' title='bbox 644 1033 760 1112; x_wconf 75' lang='lat' dir='ltr'><strong>ltcap.</strong></span> <span class='ocrx_word' id='word_1_29' title='bbox 777 1031 828 1090; x_wconf 82' lang='lat' dir='ltr'><strong>tr.</strong></span> <span class='ocrx_word' id='word_1_30' title='bbox 844 1035 950 1110; x_wconf 74' lang='lat' dir='ltr'><strong>quaeat.</strong></span> <span class='ocrx_word' id='word_1_31' title='bbox 966 1027 994 1088; x_wconf 83' lang='lat' dir='ltr'><strong>t.</strong></span> 
     </span>
    </p>

    <p class='ocr_par' dir='ltr' id='par_1_6' title="bbox 349 1107 1419 1261">
     <span class='ocr_line' id='line_1_7' title="bbox 397 1107 1419 1196; baseline -0.007 -18"><span class='ocrx_word' id='word_1_32' title='bbox 397 1121 417 1178; x_wconf 77' lang='lat' dir='ltr'><strong>t</strong></span> <span class='ocrx_word' id='word_1_33' title='bbox 450 1115 526 1178; x_wconf 85' lang='lat' dir='ltr'><strong>Vide</strong></span> <span class='ocrx_word' id='word_1_34' title='bbox 537 1112 703 1196; x_wconf 85' lang='lat' dir='ltr'><strong>pontificale</strong></span> <span class='ocrx_word' id='word_1_35' title='bbox 717 1115 882 1174; x_wconf 81' lang='lat' dir='ltr'><strong>Romanum</strong></span> <span class='ocrx_word' id='word_1_36' title='bbox 893 1127 962 1192; x_wconf 82' lang='lat' dir='ltr'><strong>por.</strong></span> <span class='ocrx_word' id='word_1_37' title='bbox 979 1111 999 1171; x_wconf 75' lang='lat' dir='ltr'><strong>t</strong></span> <span class='ocrx_word' id='word_1_38' title='bbox 1014 1108 1060 1170; x_wconf 79' lang='lat' dir='ltr'><strong>ot.</strong></span> <span class='ocrx_word' id='word_1_39' title='bbox 1073 1111 1093 1170; x_wconf 61' lang='grc' dir='ltr'><em>ἃ</em></span> <span class='ocrx_word' id='word_1_40' title='bbox 1106 1107 1133 1192; x_wconf 73' lang='lat' dir='ltr'><strong>S.</strong></span> <span class='ocrx_word' id='word_1_41' title='bbox 1151 1113 1170 1171; x_wconf 85' lang='grc'>6</span> <span class='ocrx_word' id='word_1_42' title='bbox 1184 1129 1256 1194; x_wconf 68' lang='lat' dir='ltr'><strong>puy.</strong></span> <span class='ocrx_word' id='word_1_43' title='bbox 1274 1111 1329 1188; x_wconf 79' lang='lat' dir='ltr'><strong>at,</strong></span> <span class='ocrx_word' id='word_1_44' title='bbox 1346 1109 1419 1174; x_wconf 83' lang='lat' dir='ltr'><strong>edit.</strong></span> 
     </span>
     <span class='ocr_line' id='line_1_8' title="bbox 349 1195 503 1261; baseline -0.019 0"><span class='ocrx_word' id='word_1_45' title='bbox 349 1195 503 1261; x_wconf 77' lang='lat' dir='ltr'><strong>Cotoloni.</strong></span> 
     </span>
    </p>
   </div>
   <div class='ocr_carea' id='block_1_4' title="bbox 347 1345 1424 1741">
    <p class='ocr_par' dir='ltr' id='par_1_7' title="bbox 347 1345 1424 1741">
     <span class='ocr_line' id='line_1_9' title="bbox 394 1345 1423 1452; baseline -0.006 -30"><span class='ocrx_word' id='word_1_46' title='bbox 394 1350 425 1452; x_wconf 85' lang='lat'><strong>§.</strong></span> <span class='ocrx_word' id='word_1_47' title='bbox 454 1351 547 1423; x_wconf 85' lang='lat' dir='ltr'><strong>XVl.</strong></span> <span class='ocrx_word' id='word_1_48' title='bbox 577 1349 630 1421; x_wconf 79' lang='lat' dir='ltr'><strong>dd</strong></span> <span class='ocrx_word' id='word_1_49' title='bbox 656 1348 763 1445; x_wconf 86' lang='lat' dir='ltr'><strong>legem</strong></span> <span class='ocrx_word' id='word_1_50' title='bbox 787 1345 1005 1418; x_wconf 81' lang='lat' dir='ltr'><strong>dioecesanam</strong></span> <span class='ocrx_word' id='word_1_51' title='bbox 1033 1345 1177 1442; x_wconf 87' lang='lat' dir='ltr'><strong>pertinet</strong></span> <span class='ocrx_word' id='word_1_52' title='bbox 1191 1348 1248 1445; x_wconf 90' lang='lat' dir='ltr'><strong>jus</strong></span> <span class='ocrx_word' id='word_1_53' title='bbox 1272 1347 1423 1442; x_wconf 77' lang='lat' dir='ltr'><strong>exigendi</strong></span> 
     </span>
     <span class='ocr_line' id='line_1_10' title="bbox 347 1441 1423 1548; baseline -0.007 -27"><span class='ocrx_word' id='word_1_54' title='bbox 347 1449 592 1548; x_wconf 83' lang='lat' dir='ltr'><strong>synodaticum,</strong></span> <span class='ocrx_word' id='word_1_55' title='bbox 622 1449 688 1518; x_wconf 87' lang='lat' dir='ltr'><strong>sire</strong></span> <span class='ocrx_word' id='word_1_56' title='bbox 717 1443 992 1533; x_wconf 72' lang='lat' dir='ltr'><strong>cathedraticum,</strong></span> <span class='ocrx_word' id='word_1_57' title='bbox 1024 1441 1087 1515; x_wconf 92' lang='lat' dir='ltr'><strong>hoc</strong></span> <span class='ocrx_word' id='word_1_58' title='bbox 1115 1460 1164 1514; x_wconf 90' lang='lat' dir='ltr'><strong>est</strong></span> <span class='ocrx_word' id='word_1_59' title='bbox 1196 1442 1357 1516; x_wconf 89' lang='lat' dir='ltr'><strong>tributum</strong></span> <span class='ocrx_word' id='word_1_60' title='bbox 1385 1448 1423 1514; x_wconf 91' lang='lat' dir='ltr'><strong>in</strong></span> 
     </span>
     <span class='ocr_line' id='line_1_11' title="bbox 347 1540 1424 1708; baseline -0.001 -91"><span class='ocrx_word' id='word_1_61' title='bbox 347 1547 508 1620; x_wconf 91' lang='lat' dir='ltr'><strong>honorem</strong></span> <span class='ocrx_word' id='word_1_62' title='bbox 545 1543 711 1616; x_wconf 79' lang='lat' dir='ltr'><strong>cathedras</strong></span> <span class='ocrx_word' id='word_1_63' title='bbox 749 1541 937 1641; x_wconf 85' lang='lat' dir='ltr'><strong>episcopalis</strong></span> <span class='ocrx_word' id='word_1_64' title='bbox 966 1540 1220 1708; x_wconf 76' lang='lat' dir='ltr'><strong>1praestandum,</strong></span> <span class='ocrx_word' id='word_1_65' title='bbox 1258 1543 1335 1612; x_wconf 90' lang='lat' dir='ltr'><strong>item</strong></span> <span class='ocrx_word' id='word_1_66' title='bbox 1360 1544 1424 1708; x_wconf 59' lang='lat' dir='ltr'><strong>jus</strong></span> 
     </span>
     <span class='ocr_line' id='line_1_12' title="bbox 347 1637 1423 1741; baseline -0.004 -25"><span class='ocrx_word' id='word_1_67' title='bbox 347 1644 495 1740; x_wconf 81' lang='lat' dir='ltr'><strong>exigendi</strong></span> <span class='ocrx_word' id='word_1_68' title='bbox 503 1645 781 1741; x_wconf 89' lang='lat' dir='ltr'><strong>procurationem,</strong></span> <span class='ocrx_word' id='word_1_69' title='bbox 800 1655 952 1738; x_wconf 88' lang='lat' dir='ltr'><strong>quartam</strong></span> <span class='ocrx_word' id='word_1_70' title='bbox 981 1637 1342 1735; x_wconf 81' lang='lat' dir='ltr'><strong>uncralium,qusrtarn</strong></span> <span class='ocrx_word' id='word_1_71' title='bbox 1384 1667 1423 1712; x_wconf 84' lang='lat' dir='ltr'><strong>c-</strong></span> 
     </span>
    </p>
   </div>
   <div class='ocr_carea' id='block_1_5' title="bbox 349 1735 1419 1834">
    <p class='ocr_par' dir='ltr' id='par_1_8' title="bbox 349 1735 1419 1834">
     <span class='ocr_line' id='line_1_13' title="bbox 349 1735 1419 1834; baseline -0.006 -21"><span class='ocrx_word' id='word_1_72' title='bbox 349 1743 577 1832; x_wconf 90' lang='lat' dir='ltr'><strong>cimationum,</strong></span> <span class='ocrx_word' id='word_1_73' title='bbox 599 1755 632 1810; x_wconf 88' lang='lat' dir='ltr'><strong>et</strong></span> <span class='ocrx_word' id='word_1_74' title='bbox 650 1755 770 1830; x_wconf 87' lang='lat' dir='ltr'><strong>cetera,</strong></span> <span class='ocrx_word' id='word_1_75' title='bbox 791 1735 833 1808; x_wconf 90' lang='lat' dir='ltr'><strong>de</strong></span> <span class='ocrx_word' id='word_1_76' title='bbox 853 1737 972 1834; x_wconf 92' lang='lat' dir='ltr'><strong>quibus</strong></span> <span class='ocrx_word' id='word_1_77' title='bbox 989 1737 1054 1808; x_wconf 86' lang='lat' dir='ltr'><strong>suis</strong></span> <span class='ocrx_word' id='word_1_78' title='bbox 1072 1735 1150 1808; x_wconf 86' lang='lat' dir='ltr'><strong>locis</strong></span> <span class='ocrx_word' id='word_1_79' title='bbox 1169 1735 1419 1834; x_wconf 76' lang='lat' dir='ltr'>disputabimus.</span> 
     </span>
    </p>
   </div>
   <div class='ocr_carea' id='block_1_6' title="bbox 350 1906 1426 2592">
    <p class='ocr_par' dir='ltr' id='par_1_9' title="bbox 350 1906 1426 2592">
     <span class='ocr_line' id='line_1_14' title="bbox 397 1906 1423 2010; baseline 0.001 -29"><span class='ocrx_word' id='word_1_80' title='bbox 397 1909 428 2010; x_wconf 81' lang='lat'><strong>§.</strong></span> <span class='ocrx_word' id='word_1_81' title='bbox 457 1909 567 1981; x_wconf 87' lang='lat' dir='ltr'><strong>XXll.</strong></span> <span class='ocrx_word' id='word_1_82' title='bbox 596 1909 623 1979; x_wconf 87' lang='lat' dir='ltr'><strong>E</strong></span> <span class='ocrx_word' id='word_1_83' title='bbox 648 1909 748 2004; x_wconf 87' lang='lat' dir='ltr'><strong>iscopi</strong></span> <span class='ocrx_word' id='word_1_84' title='bbox 768 1907 952 2006; x_wconf 85' lang='lat' dir='ltr'><strong>jurisdictio</strong></span> <span class='ocrx_word' id='word_1_85' title='bbox 976 1906 1081 1978; x_wconf 80' lang='lat' dir='ltr'><strong>fertur</strong></span> <span class='ocrx_word' id='word_1_86' title='bbox 1103 1907 1137 1978; x_wconf 90' lang='lat' dir='ltr'><strong>iu</strong></span> <span class='ocrx_word' id='word_1_87' title='bbox 1166 1923 1266 1979; x_wconf 86' lang='lat' dir='ltr'><strong>totam</strong></span> <span class='ocrx_word' id='word_1_88' title='bbox 1298 1907 1423 1982; x_wconf 75' lang='lat' dir='ltr'><strong>dicece-</strong></span> 
     </span>
     <span class='ocr_line' id='line_1_15' title="bbox 351 1935 1425 2104; baseline -0.001 -25"><span class='ocrx_word' id='word_1_89' title='bbox 351 2011 433 2098; x_wconf 70' lang='lat' dir='ltr'><strong>sim,</strong></span> <span class='ocrx_word' id='word_1_90' title='bbox 465 2006 521 2079; x_wconf 90' lang='lat' dir='ltr'><strong>sed</strong></span> <span class='ocrx_word' id='word_1_91' title='bbox 554 1935 689 2104; x_wconf 79' lang='lat' dir='ltr'><strong>quidim</strong></span> <span class='ocrx_word' id='word_1_92' title='bbox 724 2021 836 2078; x_wconf 88' lang='lat' dir='ltr'><strong>tamen</strong></span> <span class='ocrx_word' id='word_1_93' title='bbox 871 2003 1031 2076; x_wconf 85' lang='lat' dir='ltr'><strong>beneficio</strong></span> <span class='ocrx_word' id='word_1_94' title='bbox 1057 2003 1140 2075; x_wconf 87' lang='lat' dir='ltr'><strong>sedis</strong></span> <span class='ocrx_word' id='word_1_95' title='bbox 1171 2005 1353 2102; x_wconf 66' lang='lat' dir='ltr'><strong>apostolica</strong></span> <span class='ocrx_word' id='word_1_96' title='bbox 1381 2008 1425 2078; x_wconf 88' lang='lat' dir='ltr'><strong>ab</strong></span> 
     </span>
     <span class='ocr_line' id='line_1_16' title="bbox 350 2101 1425 2201; baseline -0.003 -23"><span class='ocrx_word' id='word_1_97' title='bbox 350 2131 387 2178; x_wconf 86' lang='lat' dir='ltr'><strong>ca</strong></span> <span class='ocrx_word' id='word_1_98' title='bbox 423 2123 499 2178; x_wconf 89' lang='lat' dir='ltr'><strong>sunt</strong></span> <span class='ocrx_word' id='word_1_99' title='bbox 535 2105 698 2200; x_wconf 80' lang='lat' dir='ltr'><strong>exempti,</strong></span> <span class='ocrx_word' id='word_1_100' title='bbox 736 2129 803 2201; x_wconf 88' lang='lat' dir='ltr'><strong>quo</strong></span> <span class='ocrx_word' id='word_1_101' title='bbox 832 2102 1000 2201; x_wconf 82' lang='lat' dir='ltr'><strong>privilegio</strong></span> <span class='ocrx_word' id='word_1_102' title='bbox 1033 2105 1238 2198; x_wconf 87' lang='lat' dir='ltr'><strong>potissimum</strong></span> <span class='ocrx_word' id='word_1_103' title='bbox 1267 2101 1425 2176; x_wconf 82' lang='lat' dir='ltr'><strong>fruuntur</strong></span> 
     </span>
     <span class='ocr_line' id='line_1_17' title="bbox 350 2199 1426 2301; baseline -0.001 -26"><span class='ocrx_word' id='word_1_104' title='bbox 350 2202 526 2301; x_wconf 81' lang='lat' dir='ltr'><strong>regulares.</strong></span> <span class='ocrx_word' id='word_1_105' title='bbox 562 2201 688 2272; x_wconf 87' lang='lat' dir='ltr'><strong>Verum</strong></span> <span class='ocrx_word' id='word_1_106' title='bbox 715 2205 814 2272; x_wconf 88' lang='lat' dir='ltr'><strong>etiam</strong></span> <span class='ocrx_word' id='word_1_107' title='bbox 844 2203 880 2270; x_wconf 90' lang='lat' dir='ltr'><strong>iu</strong></span> <span class='ocrx_word' id='word_1_108' title='bbox 907 2199 976 2272; x_wconf 86' lang='lat' dir='ltr'><strong>loca</strong></span> <span class='ocrx_word' id='word_1_109' title='bbox 1007 2213 1042 2270; x_wconf 87' lang='lat' dir='ltr'><strong>et</strong></span> <span class='ocrx_word' id='word_1_110' title='bbox 1074 2225 1226 2296; x_wconf 78' lang='lat' dir='ltr'><strong>personas</strong></span> <span class='ocrx_word' id='word_1_111' title='bbox 1258 2218 1426 2298; x_wconf 83' lang='lat' dir='ltr'><strong>exemptas</strong></span> 
     </span>
     <span class='ocr_line' id='line_1_18' title="bbox 350 2291 1426 2397; baseline 0 -26"><span class='ocrx_word' id='word_1_112' title='bbox 350 2327 441 2372; x_wconf 87' lang='lat' dir='ltr'><strong>suam</strong></span> <span class='ocrx_word' id='word_1_113' title='bbox 464 2298 631 2371; x_wconf 90' lang='lat' dir='ltr'><strong>interdum</strong></span> <span class='ocrx_word' id='word_1_114' title='bbox 648 2299 818 2396; x_wconf 85' lang='lat' dir='ltr'><strong>episcopus</strong></span> <span class='ocrx_word' id='word_1_115' title='bbox 828 2291 1091 2396; x_wconf 83' lang='lat' dir='ltr'><strong>jurisdictionem</strong></span> <span class='ocrx_word' id='word_1_116' title='bbox 1108 2313 1236 2368; x_wconf 80' lang='lat' dir='ltr'><strong>exercet</strong></span> <span class='ocrx_word' id='word_1_117' title='bbox 1255 2314 1426 2397; x_wconf 77' lang='lat' dir='ltr'><strong>tamquam</strong></span> 
     </span>
     <span class='ocr_line' id='line_1_19' title="bbox 350 2393 1426 2494; baseline 0 -26"><span class='ocrx_word' id='word_1_118' title='bbox 350 2397 547 2494; x_wconf 84' lang='lat' dir='ltr'><strong>Apostolicae</strong></span> <span class='ocrx_word' id='word_1_119' title='bbox 571 2395 654 2468; x_wconf 88' lang='lat' dir='ltr'><strong>sedis</strong></span> <span class='ocrx_word' id='word_1_120' title='bbox 678 2393 857 2491; x_wconf 84' lang='lat' dir='ltr'><strong>delegatus.</strong></span> <span class='ocrx_word' id='word_1_121' title='bbox 889 2394 975 2466; x_wconf 90' lang='lat' dir='ltr'><strong>Nam</strong></span> <span class='ocrx_word' id='word_1_122' title='bbox 1001 2395 1070 2492; x_wconf 88' lang='lat' dir='ltr'><strong>ejus</strong></span> <span class='ocrx_word' id='word_1_123' title='bbox 1093 2395 1313 2492; x_wconf 81' lang='lat' dir='ltr'><strong>jurisdictioni</strong></span> <span class='ocrx_word' id='word_1_124' title='bbox 1341 2397 1426 2468; x_wconf 88' lang='lat' dir='ltr'><strong>sub-</strong></span> 
     </span>
     <span class='ocr_line' id='line_1_20' title="bbox 350 2491 1426 2592; baseline 0.001 -27"><span class='ocrx_word' id='word_1_125' title='bbox 350 2511 427 2566; x_wconf 87' lang='lat' dir='ltr'><strong>sunt</strong></span> <span class='ocrx_word' id='word_1_126' title='bbox 456 2496 599 2592; x_wconf 84' lang='lat' dir='ltr'><strong>exempti</strong></span> <span class='ocrx_word' id='word_1_127' title='bbox 615 2497 661 2576; x_wconf 74' lang='lat' dir='ltr'><strong>,in</strong></span> <span class='ocrx_word' id='word_1_128' title='bbox 691 2495 748 2582; x_wconf 89' lang='lat' dir='ltr'><strong>iis,</strong></span> <span class='ocrx_word' id='word_1_129' title='bbox 780 2517 855 2591; x_wconf 79' lang='lat' dir='ltr'><strong>quae</strong></span> <span class='ocrx_word' id='word_1_130' title='bbox 885 2507 998 2564; x_wconf 90' lang='lat' dir='ltr'><strong>contra</strong></span> <span class='ocrx_word' id='word_1_131' title='bbox 1026 2491 1194 2564; x_wconf 79' lang='lat' dir='ltr'><strong>haereticos</strong></span> <span class='ocrx_word' id='word_1_132' title='bbox 1221 2509 1298 2563; x_wconf 89' lang='lat' dir='ltr'><strong>sunt</strong></span> <span class='ocrx_word' id='word_1_133' title='bbox 1327 2496 1426 2566; x_wconf 87' lang='lat' dir='ltr'><strong>iusti-</strong></span> 
     </span>
    </p>
   </div>
   <div class='ocr_carea' id='block_1_7' title="bbox 352 2589 1543 2689">
    <p class='ocr_par' dir='ltr' id='par_1_10' title="bbox 352 2589 1543 2689">
     <span class='ocr_line' id='line_1_21' title="bbox 352 2589 1543 2689; baseline 0.002 -29"><span class='ocrx_word' id='word_1_134' title='bbox 352 2607 422 2662; x_wconf 82' lang='lat' dir='ltr'><strong>tuta</strong></span> <span class='ocrx_word' id='word_1_135' title='bbox 455 2591 523 2689; x_wconf 87' lang='lat' dir='ltr'><strong>(l),</strong></span> <span class='ocrx_word' id='word_1_136' title='bbox 560 2594 629 2688; x_wconf 86' lang='lat' dir='ltr'><strong>ipse</strong></span> <span class='ocrx_word' id='word_1_137' title='bbox 659 2591 786 2663; x_wconf 81' lang='lat' dir='ltr'><strong>confert</strong></span> <span class='ocrx_word' id='word_1_138' title='bbox 815 2589 989 2687; x_wconf 87' lang='lat' dir='ltr'><strong>apostolica</strong></span> <span class='ocrx_word' id='word_1_139' title='bbox 1023 2593 1214 2663; x_wconf 86' lang='lat' dir='ltr'><strong>auctoritate</strong></span> <span class='ocrx_word' id='word_1_140' title='bbox 1244 2589 1425 2683; x_wconf 82' lang='lat' dir='ltr'><strong>beneficia,</strong></span> <span class='ocrx_word' id='word_1_141' title='bbox 1542 2675 1543 2678; x_wconf 8' lang='grc' dir='ltr'><strong>Ἴ</strong></span> 
     </span>
    </p>
   </div>
   <div class='ocr_carea' id='block_1_8' title="bbox 351 2685 1429 2898">
    <p class='ocr_par' dir='ltr' id='par_1_11' title="bbox 351 2685 1429 2898">
     <span class='ocr_line' id='line_1_22' title="bbox 351 2685 1427 2786; baseline 0 -26"><span class='ocrx_word' id='word_1_142' title='bbox 351 2713 427 2786; x_wconf 88' lang='lat' dir='ltr'><strong>quae</strong></span> <span class='ocrx_word' id='word_1_143' title='bbox 453 2716 471 2759; x_wconf 92' lang='lat' dir='ltr'><strong>a</strong></span> <span class='ocrx_word' id='word_1_144' title='bbox 496 2690 639 2786; x_wconf 85' lang='lat' dir='ltr'><strong>praelatis</strong></span> <span class='ocrx_word' id='word_1_145' title='bbox 667 2685 869 2783; x_wconf 80' lang='lat' dir='ltr'><strong>regularibus</strong></span> <span class='ocrx_word' id='word_1_146' title='bbox 896 2685 1015 2758; x_wconf 89' lang='lat' dir='ltr'><strong>idoneo</strong></span> <span class='ocrx_word' id='word_1_147' title='bbox 1043 2703 1193 2784; x_wconf 85' lang='lat' dir='ltr'><strong>tempore</strong></span> <span class='ocrx_word' id='word_1_148' title='bbox 1214 2686 1329 2760; x_wconf 90' lang='lat' dir='ltr'><strong>collata</strong></span> <span class='ocrx_word' id='word_1_149' title='bbox 1357 2715 1427 2762; x_wconf 90' lang='lat' dir='ltr'><strong>non</strong></span> 
     </span>
     <span class='ocr_line' id='line_1_23' title="bbox 351 2783 1429 2898; baseline 0.004 -43"><span class='ocrx_word' id='word_1_150' title='bbox 351 2801 427 2856; x_wconf 90' lang='lat' dir='ltr'><strong>sunt</strong></span> <span class='ocrx_word' id='word_1_151' title='bbox 443 2785 517 2881; x_wconf 72' lang='lat'><strong>(2),</strong></span> <span class='ocrx_word' id='word_1_152' title='bbox 545 2785 774 2858; x_wconf 79' lang='lat' dir='ltr'><strong>animadvertit</strong></span> <span class='ocrx_word' id='word_1_153' title='bbox 789 2787 822 2856; x_wconf 91' lang='lat' dir='ltr'><strong>in</strong></span> <span class='ocrx_word' id='word_1_154' title='bbox 842 2783 999 2882; x_wconf 88' lang='lat' dir='ltr'><strong>parochos</strong></span> <span class='ocrx_word' id='word_1_155' title='bbox 1021 2800 1211 2898; x_wconf 80' lang='lat' dir='ltr'><strong>exemptos,</strong></span> <span class='ocrx_word' id='word_1_156' title='bbox 1235 2787 1293 2883; x_wconf 92' lang='lat' dir='ltr'><strong>qui</strong></span> <span class='ocrx_word' id='word_1_157' title='bbox 1308 2785 1429 2859; x_wconf 83' lang='lat' dir='ltr'><strong>debitis</strong></span> 
     </span>
    </p>
   </div>
   <div class='ocr_carea' id='block_1_9' title="bbox 352 2881 1426 3050">
    <p class='ocr_par' dir='ltr' id='par_1_12' title="bbox 352 2881 1426 3050">
     <span class='ocr_line' id='line_1_24' title="bbox 352 2881 1426 3050; baseline 0.005 -99"><span class='ocrx_word' id='word_1_158' title='bbox 352 2881 465 2954; x_wconf 87' lang='lat' dir='ltr'><strong>diebus</strong></span> <span class='ocrx_word' id='word_1_159' title='bbox 500 2885 649 2954; x_wconf 80' lang='lat' dir='ltr'><strong>divinum</strong></span> <span class='ocrx_word' id='word_1_160' title='bbox 686 2883 824 2954; x_wconf 80' lang='lat' dir='ltr'><strong>verbum</strong></span> <span class='ocrx_word' id='word_1_161' title='bbox 861 2883 985 2980; x_wconf 90' lang='lat' dir='ltr'><strong>populo</strong></span> <span class='ocrx_word' id='word_1_162' title='bbox 1018 2908 1173 2956; x_wconf 76' lang='lat' dir='ltr'><strong>nunciare</strong></span> <span class='ocrx_word' id='word_1_163' title='bbox 1202 2881 1426 3050; x_wconf 44' lang='lat' dir='ltr'><strong>neglexerint,</strong></span> 
     </span>
    </p>
   </div>
   <div class='ocr_carea' id='block_1_10' title="bbox 293 2979 1433 3758">
    <p class='ocr_par' dir='ltr' id='par_1_13' title="bbox 293 2979 1433 3758">
     <span class='ocr_line' id='line_1_25' title="bbox 352 2979 1428 3078; baseline 0.003 -29"><span class='ocrx_word' id='word_1_164' title='bbox 352 2996 451 3076; x_wconf 89' lang='lat' dir='ltr'><strong>atque</strong></span> <span class='ocrx_word' id='word_1_165' title='bbox 477 2983 513 3050; x_wconf 92' lang='lat' dir='ltr'><strong>in</strong></span> <span class='ocrx_word' id='word_1_166' title='bbox 546 3005 659 3050; x_wconf 91' lang='lat' dir='ltr'><strong>omnes</strong></span> <span class='ocrx_word' id='word_1_167' title='bbox 692 2982 750 3076; x_wconf 92' lang='lat' dir='ltr'><strong>qui</strong></span> <span class='ocrx_word' id='word_1_168' title='bbox 779 2979 915 3052; x_wconf 80' lang='lat' dir='ltr'><strong>haereses</strong></span> <span class='ocrx_word' id='word_1_169' title='bbox 939 2981 1188 3078; x_wconf 80' lang='lat' dir='ltr'><strong>praedicarerint</strong></span> <span class='ocrx_word' id='word_1_170' title='bbox 1218 2984 1231 3077; x_wconf 95' lang='lat'>(</span> <span class='ocrx_word' id='word_1_171' title='bbox 1258 2983 1293 3078; x_wconf 84' lang='lat'><strong>);</strong></span> <span class='ocrx_word' id='word_1_172' title='bbox 1326 2984 1428 3054; x_wconf 88' lang='lat' dir='ltr'><strong>item-</strong></span> 
     </span>
     <span class='ocr_line' id='line_1_26' title="bbox 352 3075 1426 3174; baseline 0.004 -28"><span class='ocrx_word' id='word_1_173' title='bbox 352 3102 417 3172; x_wconf 88' lang='lat' dir='ltr'><strong>que</strong></span> <span class='ocrx_word' id='word_1_174' title='bbox 445 3078 480 3146; x_wconf 93' lang='lat' dir='ltr'><strong>in</strong></span> <span class='ocrx_word' id='word_1_175' title='bbox 512 3075 675 3170; x_wconf 79' lang='lat' dir='ltr'><strong>regulares</strong></span> <span class='ocrx_word' id='word_1_176' title='bbox 703 3079 780 3173; x_wconf 91' lang='lat' dir='ltr'><strong>qui,</strong></span> <span class='ocrx_word' id='word_1_177' title='bbox 811 3077 853 3148; x_wconf 87' lang='lat' dir='ltr'><strong>ab</strong></span> <span class='ocrx_word' id='word_1_178' title='bbox 885 3103 918 3148; x_wconf 89' lang='lat' dir='ltr'><strong>sc</strong></span> <span class='ocrx_word' id='word_1_179' title='bbox 950 3103 1020 3149; x_wconf 90' lang='lat' dir='ltr'><strong>non</strong></span> <span class='ocrx_word' id='word_1_180' title='bbox 1051 3081 1223 3174; x_wconf 85' lang='lat' dir='ltr'><strong>impetrata</strong></span> <span class='ocrx_word' id='word_1_181' title='bbox 1251 3079 1426 3168; x_wconf 77' lang='lat' dir='ltr'><strong>facultate,</strong></span> 
     </span>
     <span class='ocr_line' id='line_1_27' title="bbox 352 3171 1429 3273; baseline 0.004 -29"><span class='ocrx_word' id='word_1_182' title='bbox 352 3171 567 3244; x_wconf 85' lang='lat' dir='ltr'><strong>consessiones</strong></span> <span class='ocrx_word' id='word_1_183' title='bbox 577 3173 794 3264; x_wconf 83' lang='lat' dir='ltr'><strong>saecularium,</strong></span> <span class='ocrx_word' id='word_1_184' title='bbox 808 3191 865 3246; x_wconf 90' lang='lat' dir='ltr'><strong>aut</strong></span> <span class='ocrx_word' id='word_1_185' title='bbox 877 3174 918 3244; x_wconf 89' lang='lat' dir='ltr'><strong>ab</strong></span> <span class='ocrx_word' id='word_1_186' title='bbox 929 3201 964 3246; x_wconf 89' lang='lat' dir='ltr'><strong>se</strong></span> <span class='ocrx_word' id='word_1_187' title='bbox 974 3202 1042 3248; x_wconf 88' lang='lat' dir='ltr'><strong>nou</strong></span> <span class='ocrx_word' id='word_1_188' title='bbox 1052 3175 1224 3273; x_wconf 87' lang='lat' dir='ltr'><strong>approbati</strong></span> <span class='ocrx_word' id='word_1_189' title='bbox 1237 3175 1429 3248; x_wconf 87' lang='lat' dir='ltr'><strong>monialium</strong></span> 
     </span>
     <span class='ocr_line' id='line_1_28' title="bbox 293 3269 1430 3370; baseline 0.002 -28"><span class='ocrx_word' id='word_1_190' title='bbox 293 3337 295 3342; x_wconf 79' lang='grc'>,</span> <span class='ocrx_word' id='word_1_191' title='bbox 353 3269 569 3341; x_wconf 82' lang='lat' dir='ltr'><strong>consessiones</strong></span> <span class='ocrx_word' id='word_1_192' title='bbox 588 3273 754 3368; x_wconf 86' lang='lat' dir='ltr'><strong>excipiunt</strong></span> <span class='ocrx_word' id='word_1_193' title='bbox 778 3273 854 3370; x_wconf 68' lang='lat'><strong>(4),</strong></span> <span class='ocrx_word' id='word_1_194' title='bbox 883 3275 1007 3370; x_wconf 91' lang='lat' dir='ltr'><strong>quique</strong></span> <span class='ocrx_word' id='word_1_195' title='bbox 1026 3273 1207 3370; x_wconf 64' lang='lat' dir='ltr'><strong>praedicant</strong></span> <span class='ocrx_word' id='word_1_196' title='bbox 1227 3275 1264 3344; x_wconf 89' lang='lat' dir='ltr'><strong>iu</strong></span> <span class='ocrx_word' id='word_1_197' title='bbox 1288 3273 1430 3345; x_wconf 85' lang='lat' dir='ltr'><strong>ecclesiis</strong></span> 
     </span>
     <span class='ocr_line' id='line_1_29' title="bbox 352 3366 1427 3466; baseline 0.005 -30"><span class='ocrx_word' id='word_1_198' title='bbox 352 3391 484 3437; x_wconf 88' lang='lat' dir='ltr'><strong>suorum</strong></span> <span class='ocrx_word' id='word_1_199' title='bbox 520 3366 693 3458; x_wconf 77' lang='lat' dir='ltr'><strong>ordinum,</strong></span> <span class='ocrx_word' id='word_1_200' title='bbox 735 3369 786 3441; x_wconf 84' lang='lat' dir='ltr'><strong>vel</strong></span> <span class='ocrx_word' id='word_1_201' title='bbox 817 3394 886 3440; x_wconf 91' lang='lat' dir='ltr'><strong>non</strong></span> <span class='ocrx_word' id='word_1_202' title='bbox 917 3373 1019 3466; x_wconf 84' lang='lat' dir='ltr'><strong>petita</strong></span> <span class='ocrx_word' id='word_1_203' title='bbox 1044 3370 1086 3440; x_wconf 88' lang='lat' dir='ltr'><strong>ab</strong></span> <span class='ocrx_word' id='word_1_204' title='bbox 1115 3396 1150 3442; x_wconf 86' lang='lat' dir='ltr'><strong>se</strong></span> <span class='ocrx_word' id='word_1_205' title='bbox 1176 3369 1427 3461; x_wconf 84' lang='lat' dir='ltr'><strong>bencdictione,</strong></span> 
     </span>
     <span class='ocr_line' id='line_1_30' title="bbox 352 3463 1430 3557; baseline 0.006 -25"><span class='ocrx_word' id='word_1_206' title='bbox 352 3463 405 3534; x_wconf 83' lang='lat' dir='ltr'><strong>rel</strong></span> <span class='ocrx_word' id='word_1_207' title='bbox 429 3489 463 3534; x_wconf 89' lang='lat' dir='ltr'><strong>se</strong></span> <span class='ocrx_word' id='word_1_208' title='bbox 486 3463 748 3557; x_wconf 81' lang='lat' dir='ltr'><strong>contradicente,</strong></span> <span class='ocrx_word' id='word_1_209' title='bbox 773 3465 825 3538; x_wconf 81' lang='lat' dir='ltr'><strong>vel</strong></span> <span class='ocrx_word' id='word_1_210' title='bbox 845 3469 914 3538; x_wconf 88' lang='lat' dir='ltr'><strong>sine</strong></span> <span class='ocrx_word' id='word_1_211' title='bbox 937 3493 994 3538; x_wconf 85' lang='lat' dir='ltr'><strong>sua</strong></span> <span class='ocrx_word' id='word_1_212' title='bbox 1018 3473 1113 3540; x_wconf 86' lang='lat' dir='ltr'><strong>venia</strong></span> <span class='ocrx_word' id='word_1_213' title='bbox 1131 3471 1167 3538; x_wconf 93' lang='lat' dir='ltr'><strong>in</strong></span> <span class='ocrx_word' id='word_1_214' title='bbox 1188 3468 1300 3540; x_wconf 90' lang='lat' dir='ltr'><strong>alienis</strong></span> <span class='ocrx_word' id='word_1_215' title='bbox 1321 3467 1430 3540; x_wconf 84' lang='lat' dir='ltr'><strong>eccle-</strong></span> 
     </span>
     <span class='ocr_line' id='line_1_31' title="bbox 352 3561 1433 3662; baseline 0.007 -32"><span class='ocrx_word' id='word_1_216' title='bbox 352 3562 405 3630; x_wconf 89' lang='lat' dir='ltr'><strong>siis</strong></span> <span class='ocrx_word' id='word_1_217' title='bbox 437 3561 512 3656; x_wconf 80' lang='lat'><strong>(5);</strong></span> <span class='ocrx_word' id='word_1_218' title='bbox 542 3565 658 3658; x_wconf 89' lang='lat' dir='ltr'><strong>etqui</strong></span> <span class='ocrx_word' id='word_1_219' title='bbox 687 3567 826 3658; x_wconf 79' lang='lat' dir='ltr'><strong>graviter</strong></span> <span class='ocrx_word' id='word_1_220' title='bbox 855 3564 1055 3662; x_wconf 90' lang='lat' dir='ltr'><strong>delinquunt</strong></span> <span class='ocrx_word' id='word_1_221' title='bbox 1083 3569 1119 3638; x_wconf 90' lang='lat' dir='ltr'><strong>in</strong></span> <span class='ocrx_word' id='word_1_222' title='bbox 1148 3564 1433 3638; x_wconf 81' lang='lat' dir='ltr'><strong>administratione</strong></span> 
     </span>
     <span class='ocr_line' id='line_1_32' title="bbox 353 3657 832 3758; baseline 0.004 -29"><span class='ocrx_word' id='word_1_223' title='bbox 353 3657 527 3757; x_wconf 87' lang='lat' dir='ltr'><strong>cujuslibet</strong></span> <span class='ocrx_word' id='word_1_224' title='bbox 550 3663 742 3732; x_wconf 85' lang='lat' dir='ltr'><strong>sacramenti</strong></span> <span class='ocrx_word' id='word_1_225' title='bbox 765 3662 832 3758; x_wconf 88' lang='grc'>(6).</span> 
     </span>
    </p>
   </div>
   <div class='ocr_carea' id='block_1_11' title="bbox 392 3841 1152 4009">
    <p class='ocr_par' dir='ltr' id='par_1_14' title="bbox 392 3841 1152 4009">
     <span class='ocr_line' id='line_1_33' title="bbox 392 3841 734 4002; baseline 0.006 -98"><span class='ocrx_word' id='word_1_226' title='bbox 392 3841 435 4002; x_wconf 43' lang='grc' dir='ltr'><strong>ἕΙζ</strong></span> <span class='ocrx_word' id='word_1_227' title='bbox 459 3845 531 3926; x_wconf 51' lang='lat' dir='ltr'><strong>Cap,</strong></span> <span class='ocrx_word' id='word_1_228' title='bbox 549 3846 567 3904; x_wconf 80' lang='grc'><strong>9</strong></span> <span class='ocrx_word' id='word_1_229' title='bbox 583 3843 619 3906; x_wconf 87' lang='lat' dir='ltr'><strong>dc</strong></span> <span class='ocrx_word' id='word_1_230' title='bbox 633 3841 734 3908; x_wconf 71' lang='lat' dir='ltr'><strong>litaret.</strong></span> 
     </span>
     <span class='ocr_line' id='line_1_34' title="bbox 404 3923 1152 4009; baseline 0.004 -25"><span class='ocrx_word' id='word_1_231' title='bbox 404 3927 423 3984; x_wconf 74' lang='lat'><strong>2</strong></span> <span class='ocrx_word' id='word_1_232' title='bbox 457 3925 595 3987; x_wconf 79' lang='lat' dir='ltr'><strong>Cleaaent.</strong></span> <span class='ocrx_word' id='word_1_233' title='bbox 608 3928 691 3988; x_wconf 81' lang='lat' dir='ltr'><strong>unic.</strong></span> <span class='ocrx_word' id='word_1_234' title='bbox 708 3925 743 3987; x_wconf 84' lang='lat' dir='ltr'><strong>de</strong></span> <span class='ocrx_word' id='word_1_235' title='bbox 755 3923 929 4006; x_wconf 56' lang='lat' dir='ltr'><strong>suppleant</strong></span> <span class='ocrx_word' id='word_1_236' title='bbox 1033 3925 1152 4009; x_wconf 83' lang='lat' dir='ltr'><strong>proelot.</strong></span> 
     </span>
    </p>
   </div>
   <div class='ocr_carea' id='block_1_12' title="bbox 395 3925 1156 4091">
    <p class='ocr_par' dir='ltr' id='par_1_15' title="bbox 395 3925 1156 4091">
     <span class='ocr_line' id='line_1_35' title="bbox 395 3925 1156 4091; baseline 0.003 -24"><span class='ocrx_word' id='word_1_237' title='bbox 395 4005 437 4088; x_wconf 73' lang='lat'><strong>(5)</strong></span> <span class='ocrx_word' id='word_1_238' title='bbox 459 4009 567 4070; x_wconf 86' lang='lat' dir='ltr'><strong>concil.</strong></span> <span class='ocrx_word' id='word_1_239' title='bbox 586 4009 721 4074; x_wconf 80' lang='lat' dir='ltr'><strong>Trident.</strong></span> <span class='ocrx_word' id='word_1_240' title='bbox 735 4025 809 4070; x_wconf 75' lang='lat' dir='ltr'><strong>cess.</strong></span> <span class='ocrx_word' id='word_1_241' title='bbox 826 4009 844 4069; x_wconf 77' lang='grc'>5</span> <span class='ocrx_word' id='word_1_242' title='bbox 859 3925 1021 4091; x_wconf 42' lang='lat' dir='ltr'><strong>megla&amp;</strong></span> <span class='ocrx_word' id='word_1_243' title='bbox 1034 4007 1156 4091; x_wconf 72' lang='lat' dir='ltr'><strong>resona.</strong></span> 
     </span>
    </p>
   </div>
   <div class='ocr_carea' id='block_1_13' title="bbox 0 0 1567 5182">
    <p class='ocr_par' dir='ltr' id='par_1_16' title="bbox 0 0 1567 5182">
     <span class='ocr_line' id='line_1_36' title="bbox 0 0 1567 5182; baseline 0 0"><span class='ocrx_word' id='word_1_244' title='bbox 0 0 1567 5182; x_wconf 95' lang='lat' dir='ltr'><strong> </strong></span> 
     </span>
    </p>
   </div>
  </div>
 </body>
</html>
