3100 5182
561 439 785 512 -lld-

122 601 183 656 aut
204 609 268 682 per
286 583 408 673 alium,
434 584 492 654 ubi
510 585 603 680 justo
623 586 860 683 impedimento
882 599 1015 657 tenetur
1030 585 1104 752 1Sl).
1133 585 1208 671 Qua

121 687 154 754 in
181 709 218 754 re
240 685 412 780 episeopus
426 681 589 780 quidquid
611 685 653 754 ad
676 687 910 773 visitationem,
937 699 1028 754 auta
1074 707 1206 756 morum

122 783 364 853 correctionem
389 781 553 876 pertinet,
592 807 686 877 agere
714 781 814 852 debet
847 784 916 852 sine
946 783 1084 877 strepitu
1109 779 1206 878 judi-

123 881 166 948 eii
194 877 271 974 (ἢ),
307 903 417 974 neque
449 876 518 948 ulla
557 877 731 975 appellatio
770 877 938 977 suspendit
975 881 1042 948 rim
1068 903 1204 964 eorum,

123 1001 202 1072 quaa
228 974 382 1046 mandata
416 992 474 1046 aut
497 974 625 1048 decreta
651 993 727 1048 sunt
750 976 817 1074 (ὅ).
855 976 978 1047 Verum
1002 979 1027 1046 si
1056 975 1207 1046 solemnis

119 1073 239 1170 judicii
264 1075 347 1144 ritus
371 1097 498 1144 serrare
523 1072 664 1170 placuit,
687 1097 747 1171 per
765 1073 1019 1172 appellationem
1039 1075 1087 1143 ris
1107 1071 1206 1144 editae

124 1173 298 1242 sententiae
315 1170 527 1267 suspenditur
545 1171 613 1268 (d).

169 1354 211 1436 (t)
231 1354 397 1416 Concilium
411 1354 619 1416 ‘tridentinum
635 1373 706 1418 sess.
728 1357 768 1417 tl
780 1374 847 1438 cop.
867 1354 937 1418 δάε
950 1354 1106 1438 resumat.
1124 1355 1207 1432 Epis·

128 1439 192 1516 aopi
211 1435 362 1496 dimcesim
378 1436 532 1498 lustrantis
551 1455 674 1498 munera
694 1437 833 1498 describit
850 1435 898 1498 his
917 1438 1031 1498 verbis:
1054 1434 1207 1498 Visitotio·

130 1536 206 1578 num
288 1517 397 1598 cipraus
414 1516 454 1577 sit
483 1537 590 1600 scopus
610 1537 720 1581 sanam
742 1515 996 1612 orthodoxamque
1023 1516 1206 1590 doctrinam,

130 1615 147 1656 e
246 1599 252 1609 '
282 1595 610 1676 ternistratores,
639 1598 728 1661 bonos
745 1616 842 1660 mores
868 1607 956 1676 tuere,
977 1615 1089 1680 pravos
1113 1594 1209 1656 corri-

132 1697 216 1758 pere,
242 1677 381 1760 populum
410 1677 659 1742 cohortationibus
686 1689 715 1740 et
741 1677 995 1741 admonitionibus
1022 1677 1064 1740 cd
1091 1675 1209 1758 reliyr'o·

133 1778 219 1836 neca,
232 1778 332 1840 moero
342 1761 603 1846 innocentiamque
616 1759 791 1836 occmdcre3
803 1769 912 1838 cetero,
928 1768 1018 1843 prout
1030 1757 1127 1836 meos,
1142 1767 1210 1818 terrr-

129 1859 192 1922 pua
213 1850 243 1902 et
266 1844 377 1904 cocceio
404 1841 494 1925 seret,
526 1861 563 1905 ec
593 1843 782 1906 oditortrm
806 1841 970 1925 prudentio
1001 1839 1043 1902 od
1072 1837 1209 1923 fidetium

129 1921 265 2002 [noram
279 1923 467 1986 wostituere.
488 1925 661 2005 Huiusmodi
685 1933 754 1986 sunt
769 1943 889 2001 curare,
907 1933 941 1986 ut
965 1931 1142 2003 reparentur
1160 1939 1210 1982 ec-

130 2005 241 2080 ueste,
261 2013 350 2084 atque
374 2013 408 2064 ut
428 2006 526 2068 omnia
551 2007 624 2067 fiant
644 2006 805 2068 secuudum
818 2005 878 2086 [ea,
898 2025 965 2084 quaa
984 2004 1074 2066 sacris
1096 2002 1210 2084 legibus
1286 2066 1288 2076 ,

130 2095 199 2147 srrnt
210 2087 379 2147 constituta.
396 2089 533 2148 Ceterum
551 2087 746 2149 visitationem
770 2087 846 2149 hunc
865 2094 945 2148 inter
967 2086 1113 2166 praecipua
1132 2083 1210 2165 cpis-

130 2169 194 2246 copi
210 2185 336 2228 munna
349 2177 482 2229 recenset
496 2174 527 2232 S.
546 2172 672 2232 loannes
686 2169 927 2250 chrysostomus,
943 2165 1021 2228 dona.
1039 2169 1058 2227 2
1075 2166 1108 2226 ira
1122 2165 1208 2246 epist.

130 2249 172 2310 od
193 2249 312 2328 ruam,
331 2257 403 2310 tom.
427 2253 461 2314 ll
477 2248 555 2334 paq.
576 2251 647 2328 737,
664 2249 734 2312 edit.
753 2247 975 2334 Mootsoucorrii
995 2248 1098 2310 Paris.
1117 2249 1209 2321 1757,

131 2335 208 2474 ‘ds'
233 2331 414 2473 Augurptppps
427 2333 514 2416 epist.
532 2333 570 2394 56
585 2341 615 2396 et
631 2333 691 2394 209
707 2341 778 2396 tom.
800 2327 892 2394 toul.
912 2333 972 2394 tlt
991 2337 1019 2391 et
1041 2329 1118 2406 777,
1138 2326 1209 2390 edit.
1267 2369 1281 2384 .

151 2415 238 2475 'erret
252 2432 304 2472 ort.
404 2456 412 2472 .
538 2441 547 2454 ·

170 2493 230 2636 (Ἄ
239 2493 315 2556 Vide
329 2497 459 2578 Fagnan.
475 2494 508 2558 in
518 2513 585 2579 cop.
601 2491 772 2558 ddactusda
784 2487 919 2576 rescript.
937 2511 1023 2556 aum.
1041 2492 1081 2554 76
1094 2500 1122 2554 et
1133 2509 1208 2574 aeq„

128 2577 181 2657 qui
232 2583 308 2670 teec
327 2573 366 2635 de
380 2593 414 2672 rc
432 2577 561 2656 disputat
576 2584 606 2638 et
628 2577 713 2658 plura
740 2585 884 2638 memorat
907 2575 1024 2636 decreta
1046 2577 1110 2637 Sao.
1133 2577 1212 2636 Gon·

128 2665 315 2821 Ἥὴὲῑέ
326 2657 520 2821 tlodwdchlojlic.
540 2736 616 2800 lud.
635 2737 742 2802 Ordirt.
762 2735 874 2802 concil.
894 2735 1070 2830 mm&
1082 2751 1152 2828 cop:
1174 2735 1214 2796 to

129 2841 204 2885 sess.
222 2821 265 2882 24
284 2817 320 2880 de
334 2818 493 2902 reformat.
501 2864 511 2897 ,
528 2819 701 2882 Benedictus
716 2825 785 2884 XIV
801 2821 925 2880 Constet.
941 2815 990 2878 Ad
1002 2812 1162 2878 calcantes
1173 2817 1213 2877 l8

130 2903 168 2966 de
189 2923 210 2965 a
327 2943 357 2977 .‚
382 2909 411 2962 et
431 2898 600 2963 inscitior.
617 2901 751 2980 maced,
768 2899 815 2962 ael
828 2899 973 2982 dompno.
992 2897 1019 2978 3.
1042 2899 1078 2958 at
1103 2904 1173 2958 tom.
1195 2901 1210 2960 t

127 2979 1075 3145 ppdworaeappoa.qpaeaapffirerpaebptppirdpppupffioap
1083 2978 1214 3141 diffidi

354 3111 365 3142 7

132 3145 848 3310 ffltttttrttttttttttttttr..
867 3225 902 3288 r..
915 3219 1022 3290 ...a
1045 3219 1212 3285 araas..

132 3327 209 3372 aesc
227 3311 267 3370 ld
280 3327 347 3392 cop.
363 3311 376 3370 l
394 3307 430 3370 de
441 3306 599 3392 reformet.
616 3327 701 3370 aum.
715 3311 746 3370 7.

185 3486 220 3588 ς.
259 3485 305 3558 Χ.
344 3484 471 3559 Cuncta
502 3489 635 3586 quaein
668 3489 848 3559 visitatione
873 3501 952 3558 sunt
982 3501 1071 3582 gesta
1095 3509 1133 3556 ae
1168 3507 1216 3554 rc-

134 3601 254 3683 perta,
294 3587 538 3682 congregationi
581 3585 711 3658 concilii
752 3584 965 3681 significanda
1006 3597 1102 3672 sunt,
1143 3595 1216 3650 tum

134 3699 176 3753 ut
204 3681 348 3754 eeclesiae
374 3681 502 3780 Capiti,
531 3685 584 3754 cui
605 3699 654 3755 est
678 3709 696 3754 a
721 3683 850 3756 Christo
879 3683 1047 3756 commissa
1075 3703 1151 3751 cura
1183 3692 1217 3746 et

134 3779 376 3852 administratio
419 3783 523 3878 gregis
566 3783 727 3872 universi,
774 3784 924 3854 omnium
971 3774 1217 3875 particularium

133 3875 349 3949 ecclesiarum
377 3895 479 3949 status
510 3895 696 3976 compertus
730 3881 792 3970 sit,
825 3894 898 3948 tum
919 3893 957 3948 ut
993 3873 1103 3946 cuncti
1137 3871 1219 3966 epis·

132 3976 216 4071 copi
254 3999 343 4046 anam
376 4001 453 4048 cum
494 3974 570 4048 sede
612 3975 786 4074 apostolica
819 3977 1006 4047 societatem
1051 3985 1085 4042 et
1130 3991 1217 4039 com·
