3140 5168
554 453 775 524 -551-

126 601 350 690 matrimonia,
388 599 449 670 nisi
476 601 548 696 quia
576 615 705 670 tantum
738 617 777 671 ut
806 601 889 672 clam
918 601 1075 691 nuberet,
1101 628 1140 674 eo
1163 629 1198 675 se

124 697 317 789 contulerit,
345 697 457 770 relicto
483 699 573 785 ioco,
618 700 651 768 in
694 722 763 794 quo
796 699 990 772 Tridentino
1027 700 1079 772 ier
1113 697 1196 790 obti-

125 796 224 867 nebat
237 797 307 894 (4).
327 793 426 883 Quod
450 799 568 868 attinet
589 795 631 866 ad
653 821 691 867 ea
715 798 940 888 matrimonia,
972 823 1048 896 quae
1073 793 1197 882 temere

126 911 202 966 sunt
245 911 435 986 contracta,
483 897 606 968 omissis
645 891 750 964 tribus
787 893 1091 968 denuntiationibus
1119 893 1196 994 (5.),

126 1019 162 1064 ea
189 996 286 1068 vetita
308 993 443 1092 quidem
472 1009 506 1066 ct
535 995 643 1065 minus
679 990 834 1086 honesta,
871 1019 941 1067 non
967 1009 1076 1066 tamen
1107 997 1198 1066 irrita

130 1107 220 1162 sunt.
1141 1111 1145 1120 ·

165 1261 207 1344 (1)
219 1263 398 1342 Disputatea
422 1263 460 1326 de
480 1282 514 1327 re
526 1272 659 1326 accurate
672 1272 702 1326 et
716 1265 830 1346 copiose
844 1263 953 1327 Bened.
983 1267 1052 1328 XIV
1067 1263 1102 1327 de
1126 1284 1196 1350 eyn.

129 1344 224 1407 Dico.
240 1343 290 1406 tit.
306 1348 325 1406 8
339 1366 404 1428 cap.
423 1349 473 1408 17.

163 1425 206 1508 (2)
230 1431 319 1490 conc.
339 1429 423 1492 Trid.
449 1447 520 1491 acca.
546 1430 587 1490 ts
608 1427 645 1490 de
669 1426 791 1512 reseram
815 1436 907 1490 matr.
928 1445 996 1510 cup.
1018 1431 1048 1489 1.
1073 1428 1198 1490 Consule

128 1511 234 1573 Pallav.
258 1507 327 1571 tot.
354 1529 434 1572 conc.
454 1509 541 1572 Trid.
556 1509 577 1573 l.
592 1512 631 1572 2⁹2
656 1528 690 1570 cc
715 1513 801 1572 ‚iet
823 1508 846 1572 t.
872 1512 911 1571 15
926 1529 991 1592 ccp.
1015 1511 1053 1583 9,
1075 1509 1126 1569 ubi
1153 1528 1200 1569 ac·

128 1601 226 1654 curate
245 1593 419 1672 explicatum
441 1593 545 1670 babes,
571 1611 658 1674 quam
700 1592 835 1674 iligcntcr
858 1609 983 1672 expensa
1004 1593 1064 1652 sint
1085 1591 1199 1666 omnia,

128 1683 284 1754 antequam
295 1675 369 1736 iliud
379 1675 566 1758 evulgarctur
577 1675 740 1752 dsuetum,
754 1693 812 1755 quo
823 1675 1001 1736 clandestina
1012 1673 1201 1734 matrimonia

131 1758 215 1818 irrita
230 1757 375 1818 declarata
386 1768 466 1819 sunt.

168 1839 211 1920 (5)
226 1838 312 1900 Modo
326 1848 423 1901 autem
442 1837 586 1920 parochus
611 1859 738 1919 presens
759 1839 808 1914 sit,
822 1847 910 1917 atque
933 1837 981 1914 id,
998 1836 1076 1916 quod
1089 1837 1201 1917 agitur,

128 1923 283 2002 intelligat,
298 1923 516 1983 matrimonium
528 1921 619 1998 vaiet,
635 1924 723 1983 etiam
745 1922 769 1983 si
781 1940 848 1981 casu
870 1929 1020 2000 repertus,
1044 1927 1094 1978 aut
1117 1919 1203 1978 aliam

130 2005 166 2066 ob
186 2023 302 2066 causam
327 2012 444 2065 vocatus
459 2005 507 2064 sit.
531 2004 608 2065 Vide
631 2004 740 2066 Bened.
767 2007 836 2066 XIV
853 2000 966 2084 dcayn.
985 1999 1070 2062 dioec.
1097 1997 1146 2062 tit.
1165 2001 1203 2060 15

130 2105 194 2170 cop.
223 2088 279 2163 13,
305 2085 356 2146 ubi
368 2095 397 2147 et
421 2086 579 2146 aliamultn
595 2085 700 2162 habes,
716 2104 782 2164 quta
795 2084 831 2145 ad
857 2084 933 2144 hanc
956 2101 1020 2144 reru
1043 2083 1202 2160 pertinent.

133 2171 237 2232 Confer
250 2169 338 2228 etiam
361 2167 621 2248 SehmaIzgrucber
638 2171 697 2230 lus
719 2164 786 2229 ccci.
802 2166 886 2228 unio.
914 2163 1001 2226 tut
1023 2163 1068 2224 tit.
1087 2165 1104 2224 5
1120 2161 1146 2245 S.
1165 2165 1203 2238 5,

132 2251 181 2312 ubi
205 2251 293 2310 etiam
318 2251 376 2311 late
399 2250 580 2324 ostenditur,
606 2251 699 2328 qualis
713 2259 743 2310 et
756 2249 902 2328 quomodo
916 2245 1060 2328 parochus
1081 2263 1208 2324 praesens

132 2352 195 2394 csse
210 2332 325 2393 debeat.
345 2333 614 2395 Similitertrecesse
630 2339 762 2408 nonest,
786 2331 865 2409 quod
882 2338 970 2390 testes
994 2345 1128 2408 expresse
1148 2327 1207 2388 sint

132 2416 240 2490 vocati,
258 2423 291 2474 ut
312 2424 469 2494 presentes
490 2413 677 2474 matrimonio
697 2416 772 2488 siut,
791 2413 945 2473 sedetiam
967 2418 1055 2470 testes
1079 2427 1146 2470 casu
1163 2427 1207 2469 re·

132 2498 208 2576 perti
222 2497 282 2576 apti
297 2505 327 2556 et
340 2497 438 2560 idonei
450 2503 529 2558 sunt.
551 2497 675 2559 Consule
695 2495 874 2575 Schmalzgr.
892 2491 946 2556 icc.
958 2492 1008 2553 cit.
1024 2489 1051 2574 S.
1080 2493 1098 2552 t
1120 2509 1204 2552 cum.

208 2587 236 2639 ct
303 2625 310 2639 .

134 2583 306 2742 95ῗ11781ῖ1ζ
320 2663 391 2722 Ben.
407 2662 476 2723 xlv
496 2657 551 2721 loc.
569 2657 659 2722 citi.
680 2661 718 2720 15
738 2677 806 2740 cap.
822 2660 842 2719 1
859 2675 944 2718 acm.
970 2657 1023 2726 10,
1044 2656 1094 2716 ubi
1117 2654 1208 2716 habes

134 2743 407 2812 declarationemea
423 2741 461 2802 de
481 2760 515 2802 rc
532 2742 671 2803 editama
694 2745 758 2805 Sac.
774 2743 882 2822 Congr.
899 2737 1032 2815 concilii,
1047 2756 1135 2817 quam
1150 2741 1208 2799 Ur·

134 2825 227 2886 banus
239 2827 307 2886 viti
320 2824 517 2885 confirmavit.

170 2907 215 2989 (t)
237 2909 328 2966 Vetus
346 2915 389 2967 est
413 2907 460 2966 lex
484 2904 627 2982 ecclesie,
645 2904 814 2968 confirmata
829 2902 968 2983 asynodo
982 2901 1065 2964 Trid.
1081 2919 1152 2964 sesa.
1167 2901 1206 2961 at

133 3007 198 3072 cap.
218 2991 231 3048 1
250 2986 286 3048 de
300 2985 358 3069 ref.
374 2997 466 3048 matr.
474 3033 484 3064 ‚
509 3005 562 3066 pcr
576 3007 664 3066 quam
677 2989 809 3047 omniurn
833 2986 1036 3061 matrimonia,
1050 2993 1207 3061 antequam

134 3071 363 3150 conjungantur,
387 3070 482 3130 tribus
503 3069 649 3130 continuis
668 3069 772 3129 diebus
789 3069 870 3128 iestis
893 3067 924 3127 in
947 3067 1064 3127 ccclesia
1093 3065 1209 3145 publice

133 3155 212 3214 inter
235 3153 390 3213 missarum
404 3153 544 3213 solemnia
569 3151 730 3211 nuntianda
752 3158 835 3226 sunt,
861 3156 895 3209 ut
910 3149 967 3222 ito,
993 3148 1113 3226 siquod
1134 3147 1209 3208 iorte

134 3236 204 3296 latet
226 3235 470 3313 impedimentum
491 3234 655 3313 detegatur.
681 3233 790 3295 concil.
817 3236 950 3294 Lateran.
977 3230 1008 3290 in
1034 3249 1102 3312 cap.
1130 3226 1207 3290 bdc

138 3315 287 3380 Clcndest
317 3315 453 3398 despuas.
478 3315 542 3376 hec
568 3314 678 3392 edicta,
703 3315 765 3375 sive
786 3313 1023 3374 denuntiationes
1047 3313 1155 3392 repetit
1175 3328 1210 3370 ax

135 3400 251 3478 speciali
277 3399 485 3460 nonnullorum
510 3399 641 3458 locorum
663 3397 889 3470 consuetudine,
914 3414 1001 3473 quam
1025 3394 1134 3472 ubique
1148 3411 1211 3453 scr-

135 3481 263 3542 sandam
288 3499 350 3541 esse
375 3481 535 3541 constituit.
556 3479 689 3558 Cujacius
706 3478 737 3538 in
761 3497 828 3560 cap.
849 3479 888 3538 27
910 3475 946 3538 de
960 3474 1112 3558 sponsat,
1129 3483 1157 3535 ct
1178 3471 1211 3532 ia

137 3583 203 3646 cop.
227 3567 263 3625 51
280 3561 316 3624 dc
343 3559 491 3624 Clandcst
513 3559 649 3643 desporet.
675 3562 782 3621 tomo
807 3555 861 3621 col.
886 3561 961 3619 1011
993 3559 1113 3618 111055
1137 3553 1210 3616 edit.

137 3646 275 3708 Maur-irc.
293 3645 390 3721 1778,
408 3645 571 3724 presertim
587 3643 666 3722 apud
679 3637 775 3705 Gallos
788 3641 957 3720 hujusmodi
971 3637 1212 3700 consuetudinem

138 3728 266 3810 viguisse
282 3728 389 3804 tradit,·
404 3727 455 3788 sed
470 3726 571 3786 cadem
586 3743 687 3786 revera
699 3733 728 3786 et
749 3725 780 3786 in
795 3725 859 3785 aliis
876 3723 947 3783 iocis
961 3721 1123 3783 obtinebat.
1139 3722 1213 3782 Nam

137 3811 201 3871 illas
224 3811 256 3871 in
270 3811 404 3888 Pupiensi
428 3809 546 3869 ecclesia
557 3807 704 3869 adhibitas
725 3815 850 3868 testatur
874 3801 1065 3868 Gonzaiezod
1078 3819 1146 3882 cap.
1173 3801 1211 3862 17

137 3891 216 3954 verb.
237 3891 355 3953 Batanis
368 3889 404 3952 dc
421 3887 577 3972 sponsal„
594 3889 671 3950 ct¹in
693 3890 790 3950 Airica
814 3888 901 3949 etiam
924 3887 1043 3945 usitatas
1057 3885 1161 3958 inisse,
1177 3901 1212 3942 ex

138 3975 263 4036 Tertuil.
280 3982 379 4036 monet
393 3973 563 4034 Bmhmerus
577 3971 618 4032 cd
634 3991 701 4054 cop.
719 3973 780 4032 5n.
797 3972 831 4030 71
845 3967 880 4029 de
897 3965 1045 4028 Clandest.
1062 3965 1214 4047 despotia,-

139 4057 272 4135 quinimo
288 4077 305 4118 a
328 4057 467 4136 primeva
485 4055 681 4136 apostolorum
708 4052 891 4113 institutione
912 4067 975 4109 eam
993 4067 1109 4130 semper
1125 4047 1214 4109 fuisse
