3134 5144
842 417 1061 488 -266-

411 571 600 636 Biturioensis
623 569 692 630 anni
716 569 795 629 into
810 565 869 642 col,
893 568 950 628 574
989 576 1058 628 tom.
1086 569 1125 628 ll
1147 563 1256 629 collect.
1279 565 1407 644 ‘deridet'²
1436 569 1479 629 cui

411 654 529 735 proluit
550 654 662 734 legatos
680 649 894 725 Pontifioins‚a
914 667 974 728 quo
991 649 1184 710 anathematis
1205 650 1417 729 poennindicta
1441 661 1480 712 est

409 738 548 798 adversus
569 741 718 795 tantorum
733 733 895 794 facinorum
912 739 1066 793 auctorest
1086 732 1278 794 Multitudine
1293 733 1409 811 populi,
1431 751 1480 812 per

410 817 574 896 iniqnitatis
594 815 669 876 lilios
696 816 823 891 concita,
850 815 881 874 in
906 815 1045 875 electores
1068 816 1211 893 impetum
1233 814 1377 896 iaciente,
1406 815 1480 875 elee-

411 902 506 962 tiones
516 900 586 979 ipsos
600 899 631 958 in
642 897 930 958 nonnullis'eeclssiis
946 897 1149 976 impediuntur
1163 897 1291 958 totaliter
1303 923 1316 950 n
1333 905 1387 957 etc.
1404 898 1479 959 Alias

411 999 528 1062 qnoque
549 999 648 1060 poenas
668 980 819 1040 eonstituit
840 979 903 1040 lraec
928 979 1058 1058 synodus
1074 987 1176 1039 eontra
1199 995 1301 1040 corum
1324 979 1479 1040 ciminum

410 1083 492 1140 reos,
508 1081 574 1142 quas
587 1079 681 1141 poenoe
690 1061 722 1122 in
736 1061 858 1122 coneilio
869 1062 994 1122 lucensi
1005 1061 1075 1122 anni
1089 1063 1170 1123 tnta
1184 1069 1333 1123 renovatio
1344 1072 1415 1122 sunt
1425 1059 1477 1124 col.

415 1149 476 1208 602
488 1153 558 1206 tom.
576 1147 615 1205 ll
626 1141 734 1205 mlleet.
750 1141 868 1205 toto.
1146 1167 1150 1174 ·

462 1301 493 1400 ς.
522 1301 568 1372 X.
594 1300 711 1398 Neque
731 1323 807 1372 vero
827 1302 946 1370 summi
967 1299 1144 1371 Pontifices
1171 1298 1295 1398 aliquid
1312 1299 1354 1372 de
1378 1301 1479 1374 alieno

408 1403 484 1500 jure
507 1413 725 1495 usurparunt,
756 1399 805 1468 uti
831 1401 957 1497 jactant
990 1397 1138 1470 homines
1168 1399 1204 1468 in
1231 1397 1341 1469 sedem
1375 1399 1479 1498 Apos-

412 1499 540 1570 tolicam
574 1497 658 1568 male
687 1499 840 1586 animati,
876 1494 932 1568 sed
964 1499 1073 1594 potius
1101 1499 1259 1595 repetiere
1269 1499 1325 1595 jus
1367 1525 1477 1586 suum,

414 1595 505 1694 quod
536 1595 677 1668 ecclesiae
714 1593 897 1668 sollicitudo
933 1621 971 1666 ac
995 1599 1078 1666 ratio
1121 1611 1306 1692 temporum
1337 1615 1479 1695 repetere

414 1695 561 1791 cogebat.
594 1693 680 1764 Nam
723 1695 816 1765 initio
848 1695 905 1791 jus
948 1692 1166 1764 constituendi
1204 1696 1390 1791 episcopos,
1435 1699 1479 1766 uti

415 1793 675 1864 demonstratum
723 1816 820 1889 supra
861 1807 927 1881 est,
975 1794 1148 1888 proprium
1179 1807 1248 1862 erat
1284 1792 1479 1865 Pontificum

415 1891 656 1980 Romanorum,
700 1891 757 1986 qui
799 1887 950 1986 deinceps
986 1888 1127 1984 eligendi
1173 1906 1365 1987 potestatem
1400 1917 1480 1962 eon·

413 2003 577 2060 cesserunt
614 1985 746 2087 synodis
788 1985 1058 2083 provincialibus,
1102 1987 1207 2078 clero,
1248 1989 1477 2085 metropolitis,

414 2085 561 2182 capitulis
600 2087 842 2157 canonicorum.
879 2085 963 2156 Cum
1001 2084 1035 2154 hi
1077 2111 1192 2158 omnes
1234 2111 1376 2158 consessa
1417 2087 1479 2156 sibi

413 2199 573 2281 potestate
603 2183 835 2274 abuterentur,
877 2210 953 2255 eum
984 2183 1071 2280 leges
1101 2189 1137 2256 in
1177 2183 1383 2256 electionibus
1416 2184 1481 2256 ob-

413 2283 586 2354 servandas
624 2281 846 2378 despicerent,
879 2309 955 2353 oum
994 2285 1031 2352 in
1065 2285 1102 2354 iis
1132 2283 1280 2372 ambitio,
1325 2285 1477 2372 simonia,

414 2380 519 2451 studia
568 2383 730 2477 partium,
781 2397 887 2451 cetera
941 2381 1165 2478 hujuscemodi
1215 2381 1479 2470 dominarentur,

414 2503 616 2576 consequens
656 2494 745 2568 crat,
783 2495 820 2547 ut
846 2482 964 2550 creatio
998 2482 1223 2576 episcoporum
1254 2479 1295 2549 ad
1323 2507 1397 2552 eum
1425 2507 1482 2550 re-

413 2578 512 2668 diret,
541 2579 575 2647 in
602 2601 668 2674 quo
697 2579 753 2676 jus
782 2575 844 2647 hoc
877 2603 1002 2673 semper
1029 2577 1185 2668 haeserat,
1214 2593 1248 2648 et
1275 2605 1294 2648 a
1325 2603 1390 2676 quo
1420 2603 1483 2673 po-

414 2691 510 2748 testas
534 2679 640 2747 omnis
665 2678 701 2745 in
729 2673 897 2746 inferiores
923 2675 1065 2746 derivata
1093 2677 1199 2747 luerat
1226 2675 1375 2773 (t).1ta
1395 2683 1483 2774 jure

413 2777 639 2848 motationis
670 2773 743 2871 (ἢ),
766 2775 1015 2872 justissimisque
1047 2773 1090 2845 de
1121 2777 1220 2846 causis
1247 2777 1404 2871 integrata
1438 2791 1483 2845 est

414 2891 506 2944 vetus
536 2871 724 2968 disciplina,
756 2897 816 2968 per
857 2899 957 2970 quam
985 2899 1133 2944 summus
1154 2873 1305 2946 Pontifex
1326 2899 1385 2945 suo
1409 2876 1483 2972 jure

415 2973 581 3067 episcopos
604 2970 833 3042 constituebat.

438 3114 499 3211 w
518 3117 643 3179 conside
665 3116 856 3179 Benedictum
874 3122 943 3182 XlV
961 3119 1089 3215 'constit
1110 3123 1150 3181 lo
1166 3127 1313 3202 postremo
1331 3121 1373 3180 60
1392 3118 1420 3202 S.
1448 3121 1485 3179 ld

416 3196 810 3362 ‘Jiblbiiigr'dtgibluiibiig'
825 3199 988 3345 &inbibit
1007 3204 1158 3364 llitigium
1185 3283 1294 3362 ubique
1321 3280 1487 3344 doctrinam

417 3363 533 3444 egregie
553 3363 680 3424 declarat
701 3364 910 3427 Thomassinus
927 3385 1058 3448 respons.
1079 3364 1120 3428 od
1138 3376 1199 3428 not.
1214 3365 1318 3461 script.
1341 3365 1491 3448 anonymi

413 3445 565 3528 promise.
592 3471 606 3499 a
629 3447 684 3508 Ubi
696 3447 762 3526 jus,
781 3447 893 3526 inquit,
916 3449 954 3510 ab
971 3449 1109 3510 inferiore
1126 3448 1164 3508 ad
1185 3465 1363 3528 superiorem
1384 3447 1490 3508 devol-

417 3529 514 3603 vitur,
537 3527 619 3588 verbi
647 3531 739 3610 gratia
762 3547 779 3588 a
803 3529 929 3610 capitulo
959 3531 996 3591 ad
1020 3532 1202 3611 episcopum,
1227 3531 1264 3591 ab
1288 3528 1421 3608 episeopo
1452 3527 1490 3588 nd

416 3609 690 3688 metropolitanum,
713 3632 730 3672 a
747 3612 971 3692 metropolitano
993 3613 1030 3673 ad
1048 3615 1220 3693 primatem,
1241 3631 1300 3672 non
1320 3611 1426 3690 aoeipit
1452 3611 1491 3671 ab

416 3692 566 3766 interiori,
592 3711 651 3753 non
674 3701 796 3772 usurpat
815 3695 847 3754 in
873 3695 1042 3756 inferiorem
1064 3697 1214 3775 superior,
1235 3713 1295 3754 non
1313 3695 1381 3754 lacit
1407 3692 1492 3772 inju-

416 3777 491 3836 riam
515 3775 648 3837 interiori
668 3775 817 3853 superior,
842 3795 900 3838 non
926 3787 1059 3858 repetere
1079 3785 1209 3856 potesta
1233 3778 1384 3854 superiore
1412 3777 1493 3836 inle-

414 3860 477 3920 rior
499 3903 507 3918 .
533 3901 540 3917 .
567 3903 574 3918 .
601 3903 608 3918 .
634 3858 717 3918 ilatio
731 3875 819 3935 porro
832 3859 886 3918 isto
903 3861 1053 3938 potiundae
1074 3859 1222 3938 potestatis
1236 3858 1357 3936 alicujus
1376 3857 1491 3938 oppido

417 3939 703 4022 inagnilioentissima
725 3947 779 4000 est.
805 3940 940 4002 Solemne
963 3951 1006 4003 est
1033 3943 1127 4017 eninr,
1152 3943 1219 4019 juro
1246 3941 1342 4000 omnia
1364 3941 1406 4000 ad
1443 3961 1493 4000 so-

417 4027 546 4102 periotes
563 4024 601 4088 ab
614 4021 802 4086 inferioribus
816 4021 947 4104 devolvi,
963 4033 991 4086 et
1010 4026 1139 4086 omnium
1158 4041 1277 4102 prorsus
1290 4022 1494 4101 spiritualium
