<?xml version="1.0" encoding="UTF-8"?>
<!DOCTYPE html PUBLIC "-//W3C//DTD XHTML 1.0 Transitional//EN"
    "http://www.w3.org/TR/xhtml1/DTD/xhtml1-transitional.dtd">
<html xmlns="http://www.w3.org/1999/xhtml" xml:lang="en" lang="en">
 <head>
  <title>
</title>
<meta http-equiv="Content-Type" content="text/html;charset=utf-8" />
  <meta name='ocr-system' content='tesseract 3.04.00' />
  <meta name='ocr-capabilities' content='ocr_page ocr_carea ocr_par ocr_line ocrx_word'/>
</head>
<body>
  <div class='ocr_page' id='page_1' title='image "./institutionumca00devogoog_0209.png"; bbox 0 0 3134 5144; ppageno 0'>
   <div class='ocr_carea' id='block_1_1' title="bbox 761 419 1013 545">
    <p class='ocr_par' dir='ltr' id='par_1_1' title="bbox 761 419 1013 545">
     <span class='ocr_line' id='line_1_1' title="bbox 761 419 1013 545; baseline 0.004 -3"><span class='ocrx_word' id='word_1_1' title='bbox 761 419 1013 545; x_wconf 38' lang='lat'><strong>2206-</strong></span> 
     </span>
    </p>
   </div>
   <div class='ocr_carea' id='block_1_2' title="bbox 357 617 1438 770">
    <p class='ocr_par' dir='ltr' id='par_1_2' title="bbox 357 617 1438 770">
     <span class='ocr_line' id='line_1_2' title="bbox 357 617 1438 703; baseline -0.005 -16"><span class='ocrx_word' id='word_1_2' title='bbox 357 622 464 687; x_wconf 79' lang='lat' dir='ltr'><strong>deieeit</strong></span> <span class='ocrx_word' id='word_1_3' title='bbox 480 638 587 703; x_wconf 76' lang='lat' dir='ltr'><strong>magno</strong></span> <span class='ocrx_word' id='word_1_4' title='bbox 602 620 710 682; x_wconf 87' lang='lat' dir='ltr'><strong>damno</strong></span> <span class='ocrx_word' id='word_1_5' title='bbox 729 621 772 681; x_wconf 85' lang='lat' dir='ltr'><strong>rei</strong></span> <span class='ocrx_word' id='word_1_6' title='bbox 792 620 945 684; x_wconf 76' lang='lat' dir='ltr'><strong>litteraria</strong></span> <span class='ocrx_word' id='word_1_7' title='bbox 965 617 1086 684; x_wconf 82' lang='lat' dir='ltr'><strong>dissert.</strong></span> <span class='ocrx_word' id='word_1_8' title='bbox 1110 620 1175 682; x_wconf 79' lang='lat' dir='ltr'><strong>uia</strong></span> <span class='ocrx_word' id='word_1_9' title='bbox 1199 620 1252 679; x_wconf 87' lang='lat' dir='ltr'><strong>uit.</strong></span> <span class='ocrx_word' id='word_1_10' title='bbox 1277 622 1316 680; x_wconf 87' lang='lat' dir='ltr'><strong>B.</strong></span> <span class='ocrx_word' id='word_1_11' title='bbox 1338 618 1438 682; x_wconf 76' lang='lat' dir='ltr'><strong>cura</strong></span> 
     </span>
     <span class='ocr_line' id='line_1_3' title="bbox 357 701 572 770; baseline -0.028 0"><span class='ocrx_word' id='word_1_12' title='bbox 357 701 572 770; x_wconf 66' lang='lat' dir='ltr'><strong>ariminensis.</strong></span> 
     </span>
    </p>
   </div>
   <div class='ocr_carea' id='block_1_3' title="bbox 357 919 1440 1232">
    <p class='ocr_par' dir='ltr' id='par_1_3' title="bbox 357 919 1440 1232">
     <span class='ocr_line' id='line_1_4' title="bbox 404 919 1439 1023; baseline -0.001 -30"><span class='ocrx_word' id='word_1_13' title='bbox 404 921 436 1023; x_wconf 67' lang='grc' dir='ltr'><strong>ς.</strong></span> <span class='ocrx_word' id='word_1_14' title='bbox 465 919 567 992; x_wconf 81' lang='lat' dir='ltr'><strong>tvlt.</strong></span> <span class='ocrx_word' id='word_1_15' title='bbox 612 919 664 991; x_wconf 89' lang='lat' dir='ltr'><strong>lta</strong></span> <span class='ocrx_word' id='word_1_16' title='bbox 687 922 757 990; x_wconf 90' lang='lat' dir='ltr'><strong>nati</strong></span> <span class='ocrx_word' id='word_1_17' title='bbox 792 935 827 991; x_wconf 91' lang='lat' dir='ltr'><strong>et</strong></span> <span class='ocrx_word' id='word_1_18' title='bbox 862 919 954 991; x_wconf 81' lang='lat' dir='ltr'><strong>brevi</strong></span> <span class='ocrx_word' id='word_1_19' title='bbox 983 921 1154 1016; x_wconf 80' lang='lat' dir='ltr'><strong>propagati</strong></span> <span class='ocrx_word' id='word_1_20' title='bbox 1180 920 1348 1010; x_wconf 86' lang='lat' dir='ltr'><strong>canonici,</strong></span> <span class='ocrx_word' id='word_1_21' title='bbox 1377 923 1439 1018; x_wconf 93' lang='lat' dir='ltr'><strong>qui</strong></span> 
     </span>
     <span class='ocr_line' id='line_1_5' title="bbox 357 1015 1440 1114; baseline -0.002 -24"><span class='ocrx_word' id='word_1_22' title='bbox 357 1019 419 1092; x_wconf 92' lang='lat' dir='ltr'><strong>sub</strong></span> <span class='ocrx_word' id='word_1_23' title='bbox 434 1034 522 1092; x_wconf 82' lang='lat' dir='ltr'><strong>certa</strong></span> <span class='ocrx_word' id='word_1_24' title='bbox 541 1017 652 1114; x_wconf 78' lang='lat' dir='ltr'><strong>regula</strong></span> <span class='ocrx_word' id='word_1_25' title='bbox 672 1043 884 1089; x_wconf 90' lang='lat' dir='ltr'><strong>communem</strong></span> <span class='ocrx_word' id='word_1_26' title='bbox 902 1020 1002 1088; x_wconf 83' lang='lat' dir='ltr'><strong>vitam</strong></span> <span class='ocrx_word' id='word_1_27' title='bbox 1024 1015 1251 1088; x_wconf 77' lang='lat' dir='ltr'><strong>traducebant.</strong></span> <span class='ocrx_word' id='word_1_28' title='bbox 1276 1015 1342 1088; x_wconf 85' lang='lat' dir='ltr'><strong>Sed</strong></span> <span class='ocrx_word' id='word_1_29' title='bbox 1359 1043 1440 1090; x_wconf 89' lang='lat' dir='ltr'><strong>cum</strong></span> 
     </span>
     <span class='ocr_line' id='line_1_6' title="bbox 357 1113 1437 1232; baseline -0.004 -43"><span class='ocrx_word' id='word_1_30' title='bbox 357 1117 434 1232; x_wconf 38' lang='lat' dir='ltr'><strong>hacc·</strong></span> <span class='ocrx_word' id='word_1_31' title='bbox 451 1115 582 1212; x_wconf 80' lang='lat' dir='ltr'><strong>regula,</strong></span> <span class='ocrx_word' id='word_1_32' title='bbox 609 1129 709 1212; x_wconf 86' lang='lat' dir='ltr'><strong>atque</strong></span> <span class='ocrx_word' id='word_1_33' title='bbox 736 1116 812 1186; x_wconf 82' lang='lat' dir='ltr'><strong>haec</strong></span> <span class='ocrx_word' id='word_1_34' title='bbox 849 1116 1033 1186; x_wconf 87' lang='lat' dir='ltr'><strong>communis</strong></span> <span class='ocrx_word' id='word_1_35' title='bbox 1068 1116 1133 1183; x_wconf 83' lang='lat' dir='ltr'><strong>rita</strong></span> <span class='ocrx_word' id='word_1_36' title='bbox 1158 1113 1437 1210; x_wconf 78' lang='lat' dir='ltr'><strong>consequentibus</strong></span> 
     </span>
    </p>
   </div>
   <div class='ocr_carea' id='block_1_4' title="bbox 357 1211 1440 1311">
    <p class='ocr_par' dir='ltr' id='par_1_4' title="bbox 357 1211 1440 1311">
     <span class='ocr_line' id='line_1_7' title="bbox 357 1211 1440 1311; baseline -0.004 -25"><span class='ocrx_word' id='word_1_37' title='bbox 357 1239 452 1286; x_wconf 83' lang='lat' dir='ltr'><strong>annu</strong></span> <span class='ocrx_word' id='word_1_38' title='bbox 478 1238 563 1311; x_wconf 89' lang='lat' dir='ltr'><strong>pene</strong></span> <span class='ocrx_word' id='word_1_39' title='bbox 589 1211 713 1310; x_wconf 92' lang='lat' dir='ltr'><strong>ubique</strong></span> <span class='ocrx_word' id='word_1_40' title='bbox 734 1211 896 1302; x_wconf 82' lang='lat' dir='ltr'><strong>desiisset,</strong></span> <span class='ocrx_word' id='word_1_41' title='bbox 923 1237 995 1284; x_wconf 91' lang='lat' dir='ltr'><strong>eam</strong></span> <span class='ocrx_word' id='word_1_42' title='bbox 1019 1213 1198 1282; x_wconf 84' lang='lat' dir='ltr'><strong>instaurare</strong></span> <span class='ocrx_word' id='word_1_43' title='bbox 1226 1213 1333 1282; x_wconf 87' lang='lat' dir='ltr'><strong>conati</strong></span> <span class='ocrx_word' id='word_1_44' title='bbox 1358 1227 1440 1284; x_wconf 87' lang='lat' dir='ltr'><strong>sunt</strong></span> 
     </span>
    </p>
   </div>
   <div class='ocr_carea' id='block_1_5' title="bbox 358 1307 1536 1408">
    <p class='ocr_par' dir='ltr' id='par_1_5' title="bbox 358 1307 1536 1408">
     <span class='ocr_line' id='line_1_8' title="bbox 358 1307 1536 1408; baseline -0.003 -25"><span class='ocrx_word' id='word_1_45' title='bbox 358 1314 418 1384; x_wconf 86' lang='lat' dir='ltr'><strong>viri</strong></span> <span class='ocrx_word' id='word_1_46' title='bbox 433 1313 575 1408; x_wconf 78' lang='lat' dir='ltr'><strong>insignes</strong></span> <span class='ocrx_word' id='word_1_47' title='bbox 599 1312 721 1406; x_wconf 88' lang='lat' dir='ltr'><strong>pietate</strong></span> <span class='ocrx_word' id='word_1_48' title='bbox 737 1325 771 1381; x_wconf 89' lang='lat' dir='ltr'><strong>et</strong></span> <span class='ocrx_word' id='word_1_49' title='bbox 788 1307 937 1381; x_wconf 87' lang='lat' dir='ltr'><strong>doctrina</strong></span> <span class='ocrx_word' id='word_1_50' title='bbox 964 1309 1038 1405; x_wconf 89' lang='lat' dir='ltr'><strong>(l),</strong></span> <span class='ocrx_word' id='word_1_51' title='bbox 1058 1310 1116 1406; x_wconf 92' lang='lat' dir='ltr'><strong>qui</strong></span> <span class='ocrx_word' id='word_1_52' title='bbox 1139 1310 1322 1380; x_wconf 87' lang='lat' dir='ltr'><strong>monasticis</strong></span> <span class='ocrx_word' id='word_1_53' title='bbox 1336 1313 1440 1380; x_wconf 88' lang='lat' dir='ltr'><strong>etiam</strong></span> <span class='ocrx_word' id='word_1_54' title='bbox 1528 1359 1536 1370; x_wconf 89' lang='lat'>-</span> 
     </span>
    </p>
   </div>
   <div class='ocr_carea' id='block_1_6' title="bbox 357 1405 1440 2380">
    <p class='ocr_par' dir='ltr' id='par_1_6' title="bbox 357 1405 1440 2380">
     <span class='ocr_line' id='line_1_9' title="bbox 357 1405 1440 1504; baseline 0 -28"><span class='ocrx_word' id='word_1_55' title='bbox 357 1411 441 1482; x_wconf 84' lang='lat' dir='ltr'><strong>votis</strong></span> <span class='ocrx_word' id='word_1_56' title='bbox 463 1433 538 1482; x_wconf 87' lang='lat' dir='ltr'><strong>suos</strong></span> <span class='ocrx_word' id='word_1_57' title='bbox 561 1409 733 1480; x_wconf 83' lang='lat' dir='ltr'><strong>canomoos</strong></span> <span class='ocrx_word' id='word_1_58' title='bbox 755 1405 913 1502; x_wconf 77' lang='lat' dir='ltr'><strong>obstringi</strong></span> <span class='ocrx_word' id='word_1_59' title='bbox 937 1406 1133 1493; x_wconf 70' lang='lat' dir='ltr'><strong>voluerunt,</strong></span> <span class='ocrx_word' id='word_1_60' title='bbox 1152 1432 1216 1504; x_wconf 91' lang='lat' dir='ltr'><strong>qua</strong></span> <span class='ocrx_word' id='word_1_61' title='bbox 1237 1407 1273 1476; x_wconf 94' lang='lat' dir='ltr'><strong>in</strong></span> <span class='ocrx_word' id='word_1_62' title='bbox 1303 1431 1338 1478; x_wconf 92' lang='lat' dir='ltr'><strong>re</strong></span> <span class='ocrx_word' id='word_1_63' title='bbox 1359 1409 1440 1478; x_wconf 81' lang='lat' dir='ltr'><strong>novi</strong></span> 
     </span>
     <span class='ocr_line' id='line_1_10' title="bbox 357 1502 1440 1603; baseline -0.003 -27"><span class='ocrx_word' id='word_1_64' title='bbox 357 1505 399 1576; x_wconf 90' lang='lat' dir='ltr'><strong>ab</strong></span> <span class='ocrx_word' id='word_1_65' title='bbox 423 1507 566 1603; x_wconf 84' lang='lat' dir='ltr'><strong>antiquis</strong></span> <span class='ocrx_word' id='word_1_66' title='bbox 598 1507 761 1576; x_wconf 89' lang='lat' dir='ltr'><strong>canonicis</strong></span> <span class='ocrx_word' id='word_1_67' title='bbox 792 1502 1010 1594; x_wconf 83' lang='lat' dir='ltr'><strong>differebant,</strong></span> <span class='ocrx_word' id='word_1_68' title='bbox 1039 1503 1159 1601; x_wconf 90' lang='lat' dir='ltr'><strong>quibus</strong></span> <span class='ocrx_word' id='word_1_69' title='bbox 1185 1527 1244 1574; x_wconf 91' lang='lat' dir='ltr'><strong>suo</strong></span> <span class='ocrx_word' id='word_1_70' title='bbox 1269 1528 1303 1574; x_wconf 89' lang='lat' dir='ltr'><strong>se</strong></span> <span class='ocrx_word' id='word_1_71' title='bbox 1330 1505 1440 1600; x_wconf 86' lang='lat' dir='ltr'><strong>patri-</strong></span> 
     </span>
     <span class='ocr_line' id='line_1_11' title="bbox 360 1599 1439 1676; baseline -0.002 -2"><span class='ocrx_word' id='word_1_72' title='bbox 360 1605 472 1676; x_wconf 91' lang='lat' dir='ltr'><strong>monio</strong></span> <span class='ocrx_word' id='word_1_73' title='bbox 495 1627 566 1674; x_wconf 92' lang='lat' dir='ltr'><strong>non</strong></span> <span class='ocrx_word' id='word_1_74' title='bbox 586 1601 736 1674; x_wconf 87' lang='lat' dir='ltr'><strong>abdicare</strong></span> <span class='ocrx_word' id='word_1_75' title='bbox 756 1600 887 1674; x_wconf 75' lang='lat' dir='ltr'><strong>licebat.</strong></span> <span class='ocrx_word' id='word_1_76' title='bbox 909 1599 996 1673; x_wconf 88' lang='lat' dir='ltr'><strong>Cum</strong></span> <span class='ocrx_word' id='word_1_77' title='bbox 1017 1625 1094 1672; x_wconf 78' lang='lat' dir='ltr'><strong>vero</strong></span> <span class='ocrx_word' id='word_1_78' title='bbox 1114 1625 1183 1671; x_wconf 92' lang='lat' dir='ltr'><strong>non</strong></span> <span class='ocrx_word' id='word_1_79' title='bbox 1199 1625 1313 1671; x_wconf 87' lang='lat' dir='ltr'><strong>omnes</strong></span> <span class='ocrx_word' id='word_1_80' title='bbox 1328 1600 1439 1672; x_wconf 89' lang='lat' dir='ltr'><strong>cleriei</strong></span> 
     </span>
     <span class='ocr_line' id='line_1_12' title="bbox 358 1696 1439 1796; baseline -0.003 -24"><span class='ocrx_word' id='word_1_81' title='bbox 358 1725 569 1773; x_wconf 89' lang='lat' dir='ltr'><strong>communem</strong></span> <span class='ocrx_word' id='word_1_82' title='bbox 593 1699 684 1770; x_wconf 91' lang='lat' dir='ltr'><strong>illam</strong></span> <span class='ocrx_word' id='word_1_83' title='bbox 714 1725 752 1770; x_wconf 88' lang='lat' dir='ltr'><strong>ac</strong></span> <span class='ocrx_word' id='word_1_84' title='bbox 788 1725 874 1796; x_wconf 90' lang='lat' dir='ltr'><strong>pene</strong></span> <span class='ocrx_word' id='word_1_85' title='bbox 912 1700 1124 1772; x_wconf 89' lang='lat' dir='ltr'><strong>monasticam</strong></span> <span class='ocrx_word' id='word_1_86' title='bbox 1160 1696 1439 1794; x_wconf 81' lang='lat' dir='ltr'><strong>amplecterentur</strong></span> 
     </span>
     <span class='ocr_line' id='line_1_13' title="bbox 358 1794 1440 1893; baseline -0.001 -26"><span class='ocrx_word' id='word_1_87' title='bbox 358 1801 477 1886; x_wconf 71' lang='lat' dir='ltr'><strong>rium,</strong></span> <span class='ocrx_word' id='word_1_88' title='bbox 500 1795 697 1867; x_wconf 88' lang='lat' dir='ltr'><strong>hincaditus</strong></span> <span class='ocrx_word' id='word_1_89' title='bbox 718 1795 898 1893; x_wconf 80' lang='lat' dir='ltr'><strong>patefactus</strong></span> <span class='ocrx_word' id='word_1_90' title='bbox 920 1811 971 1868; x_wconf 88' lang='lat' dir='ltr'><strong>est</strong></span> <span class='ocrx_word' id='word_1_91' title='bbox 994 1797 1176 1885; x_wconf 88' lang='lat' dir='ltr'><strong>canonicis,</strong></span> <span class='ocrx_word' id='word_1_92' title='bbox 1193 1796 1252 1892; x_wconf 93' lang='lat' dir='ltr'><strong>qui</strong></span> <span class='ocrx_word' id='word_1_93' title='bbox 1269 1794 1440 1866; x_wconf 72' lang='lat' dir='ltr'><strong>saeculares</strong></span> 
     </span>
     <span class='ocr_line' id='line_1_14' title="bbox 359 1892 1440 2060; baseline -0.001 -96"><span class='ocrx_word' id='word_1_94' title='bbox 359 1892 580 1992; x_wconf 87' lang='lat' dir='ltr'><strong>appellantur.</strong></span> <span class='ocrx_word' id='word_1_95' title='bbox 599 1893 684 1966; x_wconf 88' lang='lat' dir='ltr'><strong>Nam</strong></span> <span class='ocrx_word' id='word_1_96' title='bbox 700 1892 863 1988; x_wconf 76' lang='lat' dir='ltr'><strong>regulares</strong></span> <span class='ocrx_word' id='word_1_97' title='bbox 877 1910 975 1984; x_wconf 90' lang='lat' dir='ltr'><strong>sunt,</strong></span> <span class='ocrx_word' id='word_1_98' title='bbox 994 1897 1052 1991; x_wconf 90' lang='lat' dir='ltr'><strong>qui</strong></span> <span class='ocrx_word' id='word_1_99' title='bbox 1068 1893 1129 1964; x_wconf 91' lang='lat' dir='ltr'><strong>sub</strong></span> <span class='ocrx_word' id='word_1_100' title='bbox 1150 1895 1326 2060; x_wconf 48' lang='lat' dir='ltr'><strong>praefosito</strong></span> <span class='ocrx_word' id='word_1_101' title='bbox 1341 1917 1440 1964; x_wconf 89' lang='lat' dir='ltr'><strong>com-</strong></span> 
     </span>
     <span class='ocr_line' id='line_1_15' title="bbox 359 1991 1437 2087; baseline 0.001 -26"><span class='ocrx_word' id='word_1_102' title='bbox 359 2016 494 2063; x_wconf 87' lang='lat' dir='ltr'><strong>munem</strong></span> <span class='ocrx_word' id='word_1_103' title='bbox 506 1992 606 2060; x_wconf 82' lang='lat' dir='ltr'><strong>vitam</strong></span> <span class='ocrx_word' id='word_1_104' title='bbox 622 2007 657 2062; x_wconf 89' lang='lat' dir='ltr'><strong>et</strong></span> <span class='ocrx_word' id='word_1_105' title='bbox 677 1994 759 2062; x_wconf 82' lang='lat' dir='ltr'><strong>votis</strong></span> <span class='ocrx_word' id='word_1_106' title='bbox 781 1991 969 2062; x_wconf 87' lang='lat' dir='ltr'><strong>adstrictam</strong></span> <span class='ocrx_word' id='word_1_107' title='bbox 994 2006 1114 2087; x_wconf 79' lang='lat' dir='ltr'><strong>agunt,</strong></span> <span class='ocrx_word' id='word_1_108' title='bbox 1142 2013 1225 2060; x_wconf 68' lang='lat' dir='ltr'><strong>saecu</strong></span> <span class='ocrx_word' id='word_1_109' title='bbox 1240 2015 1309 2061; x_wconf 85' lang='lat' dir='ltr'><strong>ares</strong></span> <span class='ocrx_word' id='word_1_110' title='bbox 1333 2013 1437 2078; x_wconf 84' lang='lat' dir='ltr'><strong>vero,</strong></span> 
     </span>
     <span class='ocr_line' id='line_1_16' title="bbox 383 2085 1438 2185; baseline -0.001 -28"><span class='ocrx_word' id='word_1_111' title='bbox 383 2091 415 2157; x_wconf 96' lang='lat' dir='ltr'><strong>ui</strong></span> <span class='ocrx_word' id='word_1_112' title='bbox 438 2089 572 2160; x_wconf 82' lang='lat' dir='ltr'><strong>seorsim</strong></span> <span class='ocrx_word' id='word_1_113' title='bbox 596 2090 724 2177; x_wconf 77' lang='lat' dir='ltr'><strong>vivunt,</strong></span> <span class='ocrx_word' id='word_1_114' title='bbox 748 2113 785 2158; x_wconf 90' lang='lat' dir='ltr'><strong>ac</strong></span> <span class='ocrx_word' id='word_1_115' title='bbox 810 2091 977 2185; x_wconf 87' lang='lat' dir='ltr'><strong>perpetuis</strong></span> <span class='ocrx_word' id='word_1_116' title='bbox 1004 2087 1222 2160; x_wconf 83' lang='lat' dir='ltr'><strong>ecclesiasticis</strong></span> <span class='ocrx_word' id='word_1_117' title='bbox 1249 2085 1438 2183; x_wconf 80' lang='lat' dir='ltr'><strong>praebendis</strong></span> 
     </span>
     <span class='ocr_line' id='line_1_17' title="bbox 358 2115 1438 2282; baseline -0.003 -25"><span class='ocrx_word' id='word_1_118' title='bbox 358 2115 489 2276; x_wconf 79' lang='lat' dir='ltr'><strong>donati,</strong></span> <span class='ocrx_word' id='word_1_119' title='bbox 515 2210 637 2282; x_wconf 89' lang='lat' dir='ltr'><strong>suaque</strong></span> <span class='ocrx_word' id='word_1_120' title='bbox 665 2184 751 2256; x_wconf 92' lang='lat' dir='ltr'><strong>bona</strong></span> <span class='ocrx_word' id='word_1_121' title='bbox 782 2188 979 2276; x_wconf 76' lang='lat' dir='ltr'><strong>retinentes,</strong></span> <span class='ocrx_word' id='word_1_122' title='bbox 1009 2201 1139 2257; x_wconf 81' lang='lat' dir='ltr'><strong>serrant</strong></span> <span class='ocrx_word' id='word_1_123' title='bbox 1160 2187 1353 2256; x_wconf 87' lang='lat' dir='ltr'><strong>canonicum</strong></span> <span class='ocrx_word' id='word_1_124' title='bbox 1376 2186 1438 2254; x_wconf 91' lang='lat' dir='ltr'><strong>in-</strong></span> 
     </span>
     <span class='ocr_line' id='line_1_18' title="bbox 359 2282 1135 2380; baseline 0.003 -28"><span class='ocrx_word' id='word_1_125' title='bbox 359 2284 531 2372; x_wconf 90' lang='lat' dir='ltr'><strong>stitutum,</strong></span> <span class='ocrx_word' id='word_1_126' title='bbox 549 2297 711 2380; x_wconf 90' lang='lat' dir='ltr'><strong>quatenus</strong></span> <span class='ocrx_word' id='word_1_127' title='bbox 727 2285 853 2380; x_wconf 85' lang='lat' dir='ltr'><strong>patitur</strong></span> <span class='ocrx_word' id='word_1_128' title='bbox 873 2286 937 2354; x_wconf 85' lang='lat' dir='ltr'><strong>rita</strong></span> <span class='ocrx_word' id='word_1_129' title='bbox 954 2282 1135 2378; x_wconf 84' lang='lat' dir='ltr'><strong>singularis.</strong></span> 
     </span>
    </p>
   </div>
   <div class='ocr_carea' id='block_1_7' title="bbox 320 2499 1440 3396">
    <p class='ocr_par' dir='ltr' id='par_1_7' title="bbox 320 2499 1440 3396">
     <span class='ocr_line' id='line_1_19' title="bbox 398 2499 1440 2583; baseline 0.002 -20"><span class='ocrx_word' id='word_1_130' title='bbox 398 2499 441 2582; x_wconf 80' lang='lat' dir='ltr'><strong>(l)</strong></span> <span class='ocrx_word' id='word_1_131' title='bbox 466 2501 552 2578; x_wconf 87' lang='lat' dir='ltr'><strong>Quod</strong></span> <span class='ocrx_word' id='word_1_132' title='bbox 578 2501 609 2563; x_wconf 92' lang='lat' dir='ltr'><strong>in</strong></span> <span class='ocrx_word' id='word_1_133' title='bbox 636 2503 718 2564; x_wconf 85' lang='lat' dir='ltr'><strong>ltalia</strong></span> <span class='ocrx_word' id='word_1_134' title='bbox 741 2505 944 2583; x_wconf 76' lang='lat' dir='ltr'><strong>prestiterunt</strong></span> <span class='ocrx_word' id='word_1_135' title='bbox 970 2507 1075 2566; x_wconf 86' lang='lat' dir='ltr'><strong>Petrus</strong></span> <span class='ocrx_word' id='word_1_136' title='bbox 1104 2503 1256 2580; x_wconf 77' lang='lat' dir='ltr'><strong>Damhnt,</strong></span> <span class='ocrx_word' id='word_1_137' title='bbox 1281 2504 1313 2564; x_wconf 89' lang='lat' dir='ltr'><strong>iu</strong></span> <span class='ocrx_word' id='word_1_138' title='bbox 1343 2503 1440 2567; x_wconf 87' lang='lat' dir='ltr'><strong>Gallia</strong></span> 
     </span>
     <span class='ocr_line' id='line_1_20' title="bbox 358 2583 1435 2666; baseline 0 -20"><span class='ocrx_word' id='word_1_139' title='bbox 358 2586 408 2646; x_wconf 83' lang='lat' dir='ltr'><strong>lvo</strong></span> <span class='ocrx_word' id='word_1_140' title='bbox 433 2583 635 2660; x_wconf 80' lang='lat' dir='ltr'><strong>carnotensis,</strong></span> <span class='ocrx_word' id='word_1_141' title='bbox 648 2585 679 2645; x_wconf 93' lang='lat' dir='ltr'><strong>in</strong></span> <span class='ocrx_word' id='word_1_142' title='bbox 705 2585 810 2666; x_wconf 71' lang='lat' dir='ltr'><strong>singlis</strong></span> <span class='ocrx_word' id='word_1_143' title='bbox 841 2586 984 2666; x_wconf 76' lang='lat' dir='ltr'><strong>Egbertus</strong></span> <span class='ocrx_word' id='word_1_144' title='bbox 1013 2585 1217 2660; x_wconf 66' lang='lat' dir='ltr'><strong>thermensis,</strong></span> <span class='ocrx_word' id='word_1_145' title='bbox 1251 2592 1339 2663; x_wconf 83' lang='lat' dir='ltr'><strong>atque</strong></span> <span class='ocrx_word' id='word_1_146' title='bbox 1370 2585 1435 2659; x_wconf 82' lang='lat' dir='ltr'><strong>alii,</strong></span> 
     </span>
     <span class='ocr_line' id='line_1_21' title="bbox 358 2665 1433 2747; baseline 0 -21"><span class='ocrx_word' id='word_1_147' title='bbox 358 2665 408 2743; x_wconf 90' lang='lat' dir='ltr'><strong>qui</strong></span> <span class='ocrx_word' id='word_1_148' title='bbox 429 2665 602 2726; x_wconf 78' lang='lat' dir='ltr'><strong>cauomeum</strong></span> <span class='ocrx_word' id='word_1_149' title='bbox 616 2665 786 2728; x_wconf 83' lang='lat' dir='ltr'><strong>institutum</strong></span> <span class='ocrx_word' id='word_1_150' title='bbox 801 2669 968 2728; x_wconf 86' lang='lat' dir='ltr'><strong>monasticis</strong></span> <span class='ocrx_word' id='word_1_151' title='bbox 987 2668 1076 2728; x_wconf 88' lang='lat' dir='ltr'><strong>etiam</strong></span> <span class='ocrx_word' id='word_1_152' title='bbox 1094 2667 1169 2728; x_wconf 87' lang='lat' dir='ltr'><strong>votis</strong></span> <span class='ocrx_word' id='word_1_153' title='bbox 1185 2665 1361 2747; x_wconf 79' lang='lat' dir='ltr'><strong>obligarunt.</strong></span> <span class='ocrx_word' id='word_1_154' title='bbox 1378 2669 1433 2730; x_wconf 79' lang='lat' dir='ltr'><strong>At·</strong></span> 
     </span>
     <span class='ocr_line' id='line_1_22' title="bbox 357 2745 1439 2829; baseline 0.002 -23"><span class='ocrx_word' id='word_1_155' title='bbox 357 2765 416 2824; x_wconf 87' lang='lat' dir='ltr'><strong>que</strong></span> <span class='ocrx_word' id='word_1_156' title='bbox 427 2745 459 2808; x_wconf 89' lang='lat' dir='ltr'><strong>hi</strong></span> <span class='ocrx_word' id='word_1_157' title='bbox 472 2747 593 2825; x_wconf 84' lang='lat' dir='ltr'><strong>quidem</strong></span> <span class='ocrx_word' id='word_1_158' title='bbox 606 2747 736 2808; x_wconf 85' lang='lat' dir='ltr'><strong>canonici</strong></span> <span class='ocrx_word' id='word_1_159' title='bbox 751 2747 807 2809; x_wconf 89' lang='lat' dir='ltr'><strong>sub</strong></span> <span class='ocrx_word' id='word_1_160' title='bbox 832 2748 987 2829; x_wconf 79' lang='lat' dir='ltr'><strong>Augustini</strong></span> <span class='ocrx_word' id='word_1_161' title='bbox 1004 2749 1106 2829; x_wconf 77' lang='lat' dir='ltr'><strong>regula</strong></span> <span class='ocrx_word' id='word_1_162' title='bbox 1120 2747 1336 2822; x_wconf 77' lang='lat' dir='ltr'><strong>inclaruerunt,</strong></span> <span class='ocrx_word' id='word_1_163' title='bbox 1354 2747 1439 2824; x_wconf 91' lang='lat' dir='ltr'><strong>quod</strong></span> 
     </span>
     <span class='ocr_line' id='line_1_23' title="bbox 357 2827 1437 2907; baseline 0.002 -19"><span class='ocrx_word' id='word_1_164' title='bbox 357 2828 468 2890; x_wconf 88' lang='lat' dir='ltr'><strong>scilicet</strong></span> <span class='ocrx_word' id='word_1_165' title='bbox 487 2828 550 2906; x_wconf 87' lang='lat' dir='ltr'><strong>ejus</strong></span> <span class='ocrx_word' id='word_1_166' title='bbox 565 2828 677 2890; x_wconf 84' lang='lat' dir='ltr'><strong>clerum</strong></span> <span class='ocrx_word' id='word_1_167' title='bbox 696 2830 759 2907; x_wconf 87' lang='lat' dir='ltr'><strong>pari</strong></span> <span class='ocrx_word' id='word_1_168' title='bbox 780 2847 882 2891; x_wconf 85' lang='lat' dir='ltr'><strong>rerum</strong></span> <span class='ocrx_word' id='word_1_169' title='bbox 906 2849 1027 2892; x_wconf 85' lang='lat' dir='ltr'><strong>suamm</strong></span> <span class='ocrx_word' id='word_1_170' title='bbox 1050 2827 1437 2900; x_wconf 76' lang='lat' dir='ltr'><strong>abdicationessmulahan·</strong></span> 
     </span>
     <span class='ocr_line' id='line_1_24' title="bbox 358 2909 1434 2991; baseline 0.002 -23"><span class='ocrx_word' id='word_1_171' title='bbox 358 2915 424 2984; x_wconf 81' lang='lat' dir='ltr'><strong>tur3</strong></span> <span class='ocrx_word' id='word_1_172' title='bbox 439 2909 579 2987; x_wconf 86' lang='lat' dir='ltr'><strong>quoniam</strong></span> <span class='ocrx_word' id='word_1_173' title='bbox 591 2911 790 2990; x_wconf 76' lang='lat' dir='ltr'><strong>Augustinum</strong></span> <span class='ocrx_word' id='word_1_174' title='bbox 811 2911 922 2972; x_wconf 87' lang='lat' dir='ltr'><strong>nullam</strong></span> <span class='ocrx_word' id='word_1_175' title='bbox 936 2911 1089 2991; x_wconf 84' lang='lat' dir='ltr'><strong>specialem</strong></span> <span class='ocrx_word' id='word_1_176' title='bbox 1103 2911 1163 2972; x_wconf 87' lang='lat' dir='ltr'><strong>suis</strong></span> <span class='ocrx_word' id='word_1_177' title='bbox 1174 2910 1286 2972; x_wconf 90' lang='lat' dir='ltr'><strong>clericis</strong></span> <span class='ocrx_word' id='word_1_178' title='bbox 1299 2909 1434 2990; x_wconf 70' lang='lat' dir='ltr'><strong>regulam</strong></span> 
     </span>
     <span class='ocr_line' id='line_1_25' title="bbox 358 2988 1433 3074; baseline 0.003 -26"><span class='ocrx_word' id='word_1_179' title='bbox 358 2988 474 3050; x_wconf 89' lang='lat' dir='ltr'><strong>dedisse</strong></span> <span class='ocrx_word' id='word_1_180' title='bbox 495 2997 618 3052; x_wconf 85' lang='lat' dir='ltr'><strong>constat.</strong></span> <span class='ocrx_word' id='word_1_181' title='bbox 646 2991 753 3052; x_wconf 73' lang='lat' dir='ltr'><strong>Conim</strong></span> <span class='ocrx_word' id='word_1_182' title='bbox 776 2991 1002 3054; x_wconf 77' lang='lat' dir='ltr'><strong>&#39;thomassinum</strong></span> <span class='ocrx_word' id='word_1_183' title='bbox 1024 2989 1078 3054; x_wconf 85' lang='lat' dir='ltr'><strong>loc.</strong></span> <span class='ocrx_word' id='word_1_184' title='bbox 1099 2991 1148 3056; x_wconf 86' lang='lat' dir='ltr'><strong>cit.</strong></span> <span class='ocrx_word' id='word_1_185' title='bbox 1173 3011 1241 3074; x_wconf 80' lang='lat' dir='ltr'><strong>cap.</strong></span> <span class='ocrx_word' id='word_1_186' title='bbox 1266 2993 1284 3052; x_wconf 87' lang='grc'><strong>7</strong></span> <span class='ocrx_word' id='word_1_187' title='bbox 1308 2998 1338 3052; x_wconf 86' lang='lat' dir='ltr'><strong>et</strong></span> <span class='ocrx_word' id='word_1_188' title='bbox 1353 3007 1433 3074; x_wconf 59' lang='lat' dir='ltr'><strong>seu,</strong></span> 
     </span>
     <span class='ocr_line' id='line_1_26' title="bbox 358 3069 1435 3155; baseline 0.006 -27"><span class='ocrx_word' id='word_1_189' title='bbox 358 3087 392 3129; x_wconf 86' lang='lat' dir='ltr'><strong>ac</strong></span> <span class='ocrx_word' id='word_1_190' title='bbox 411 3071 606 3131; x_wconf 77' lang='lat' dir='ltr'><strong>Mamurium</strong></span> <span class='ocrx_word' id='word_1_191' title='bbox 630 3069 839 3134; x_wconf 71' lang='lat' dir='ltr'><strong>dissertationi</strong></span> <span class='ocrx_word' id='word_1_192' title='bbox 850 3092 942 3155; x_wconf 81' lang='lat' dir='ltr'><strong>sopra</strong></span> <span class='ocrx_word' id='word_1_193' title='bbox 964 3070 1146 3136; x_wconf 73' lang='lat' dir='ltr'><strong>houiahitat</strong></span> <span class='ocrx_word' id='word_1_194' title='bbox 1170 3069 1301 3134; x_wconf 81' lang='lat' dir='ltr'><strong>Italicas</strong></span> <span class='ocrx_word' id='word_1_195' title='bbox 1322 3069 1435 3134; x_wconf 70' lang='lat' dir='ltr'><strong>dear-</strong></span> 
     </span>
     <span class='ocr_line' id='line_1_27' title="bbox 320 3151 1437 3232; baseline 0.003 -23"><span class='ocrx_word' id='word_1_196' title='bbox 320 3164 323 3170; x_wconf 85' lang='lat'>·</span> <span class='ocrx_word' id='word_1_197' title='bbox 359 3151 472 3211; x_wconf 64' lang='lat' dir='ltr'><strong>tottii</strong></span> <span class='ocrx_word' id='word_1_198' title='bbox 497 3159 567 3210; x_wconf 78' lang='lat' dir='ltr'><strong>tosa.</strong></span> <span class='ocrx_word' id='word_1_199' title='bbox 586 3152 688 3232; x_wconf 69' lang='lat' dir='ltr'><strong>door.</strong></span> <span class='ocrx_word' id='word_1_200' title='bbox 718 3155 738 3212; x_wconf 73' lang='lat'><strong>2</strong></span> <span class='ocrx_word' id='word_1_201' title='bbox 816 3199 823 3214; x_wconf 94' lang='lat'><strong>.</strong></span> <span class='ocrx_word' id='word_1_202' title='bbox 851 3157 906 3232; x_wconf 69' lang='lat'><strong>20,</strong></span> <span class='ocrx_word' id='word_1_203' title='bbox 927 3153 998 3216; x_wconf 82' lang='lat' dir='ltr'><strong>adit.</strong></span> <span class='ocrx_word' id='word_1_204' title='bbox 1024 3156 1124 3218; x_wconf 74' lang='lat' dir='ltr'><strong>Rauso</strong></span> <span class='ocrx_word' id='word_1_205' title='bbox 1139 3157 1232 3231; x_wconf 76' lang='lat'><strong>1⁷55,</strong></span> <span class='ocrx_word' id='word_1_206' title='bbox 1258 3162 1345 3232; x_wconf 83' lang='lat' dir='ltr'><strong>atque</strong></span> <span class='ocrx_word' id='word_1_207' title='bbox 1365 3169 1437 3212; x_wconf 84' lang='lat' dir='ltr'><strong>eru-</strong></span> 
     </span>
     <span class='ocr_line' id='line_1_28' title="bbox 359 3231 1436 3314; baseline 0.002 -22"><span class='ocrx_word' id='word_1_208' title='bbox 359 3231 434 3292; x_wconf 86' lang='lat' dir='ltr'><strong>ditas</strong></span> <span class='ocrx_word' id='word_1_209' title='bbox 448 3231 577 3310; x_wconf 83' lang='lat' dir='ltr'><strong>cajetani</strong></span> <span class='ocrx_word' id='word_1_210' title='bbox 591 3233 684 3294; x_wconf 82' lang='lat' dir='ltr'><strong>cenni</strong></span> <span class='ocrx_word' id='word_1_211' title='bbox 698 3233 730 3294; x_wconf 91' lang='lat' dir='ltr'><strong>iu</strong></span> <span class='ocrx_word' id='word_1_212' title='bbox 766 3255 820 3296; x_wconf 86' lang='lat' dir='ltr'><strong>ane</strong></span> <span class='ocrx_word' id='word_1_213' title='bbox 832 3236 1066 3298; x_wconf 84' lang='lat' dir='ltr'><strong>dissertationem</strong></span> <span class='ocrx_word' id='word_1_214' title='bbox 1080 3244 1179 3313; x_wconf 87' lang='lat' dir='ltr'><strong>notas,</strong></span> <span class='ocrx_word' id='word_1_215' title='bbox 1195 3236 1247 3298; x_wconf 85' lang='lat' dir='ltr'><strong>ubi</strong></span> <span class='ocrx_word' id='word_1_216' title='bbox 1267 3236 1325 3296; x_wconf 89' lang='lat' dir='ltr'><strong>late</strong></span> <span class='ocrx_word' id='word_1_217' title='bbox 1336 3233 1436 3314; x_wconf 75' lang='lat' dir='ltr'><strong>agitur</strong></span> 
     </span>
     <span class='ocr_line' id='line_1_29' title="bbox 359 3312 946 3396; baseline 0.012 -23"><span class='ocrx_word' id='word_1_218' title='bbox 359 3312 397 3374; x_wconf 85' lang='lat' dir='ltr'><strong>dc</strong></span> <span class='ocrx_word' id='word_1_219' title='bbox 410 3313 616 3375; x_wconf 89' lang='lat' dir='ltr'><strong>canonicorum</strong></span> <span class='ocrx_word' id='word_1_220' title='bbox 630 3314 744 3396; x_wconf 77' lang='lat' dir='ltr'><strong>origine</strong></span> <span class='ocrx_word' id='word_1_221' title='bbox 757 3325 787 3378; x_wconf 87' lang='lat' dir='ltr'><strong>et</strong></span> <span class='ocrx_word' id='word_1_222' title='bbox 799 3318 946 3382; x_wconf 84' lang='lat' dir='ltr'><strong>instituto.</strong></span> 
     </span>
    </p>
   </div>
   <div class='ocr_carea' id='block_1_8' title="bbox 359 3513 1518 4082">
    <p class='ocr_par' dir='ltr' id='par_1_8' title="bbox 359 3513 1518 4082">
     <span class='ocr_line' id='line_1_30' title="bbox 407 3513 1518 3616; baseline 0 -28"><span class='ocrx_word' id='word_1_223' title='bbox 407 3513 438 3616; x_wconf 53' lang='grc' dir='ltr'><strong>ὃ.</strong></span> <span class='ocrx_word' id='word_1_224' title='bbox 467 3514 585 3589; x_wconf 85' lang='lat' dir='ltr'><strong>LVlll.</strong></span> <span class='ocrx_word' id='word_1_225' title='bbox 622 3515 750 3590; x_wconf 85' lang='lat' dir='ltr'><strong>Sensim</strong></span> <span class='ocrx_word' id='word_1_226' title='bbox 781 3537 891 3593; x_wconf 89' lang='lat' dir='ltr'><strong>autem</strong></span> <span class='ocrx_word' id='word_1_227' title='bbox 919 3525 1066 3596; x_wconf 89' lang='lat' dir='ltr'><strong>canonici</strong></span> <span class='ocrx_word' id='word_1_228' title='bbox 1099 3519 1265 3594; x_wconf 80' lang='lat' dir='ltr'><strong>saeculares</strong></span> <span class='ocrx_word' id='word_1_229' title='bbox 1293 3521 1328 3590; x_wconf 94' lang='lat' dir='ltr'><strong>in</strong></span> <span class='ocrx_word' id='word_1_230' title='bbox 1357 3541 1438 3590; x_wconf 90' lang='lat' dir='ltr'><strong>om·</strong></span> <span class='ocrx_word' id='word_1_231' title='bbox 1511 3545 1518 3558; x_wconf 95' lang='lat'>·</span> 
     </span>
     <span class='ocr_line' id='line_1_31' title="bbox 361 3613 1440 3718; baseline 0.003 -33"><span class='ocrx_word' id='word_1_232' title='bbox 361 3613 457 3685; x_wconf 88' lang='lat' dir='ltr'><strong>nibus</strong></span> <span class='ocrx_word' id='word_1_233' title='bbox 502 3613 762 3707; x_wconf 79' lang='lat' dir='ltr'><strong>cathedralibus,</strong></span> <span class='ocrx_word' id='word_1_234' title='bbox 808 3635 908 3716; x_wconf 86' lang='lat' dir='ltr'><strong>atque</strong></span> <span class='ocrx_word' id='word_1_235' title='bbox 946 3623 982 3692; x_wconf 92' lang='lat' dir='ltr'><strong>in</strong></span> <span class='ocrx_word' id='word_1_236' title='bbox 1019 3619 1168 3718; x_wconf 88' lang='lat' dir='ltr'><strong>pluribus</strong></span> <span class='ocrx_word' id='word_1_237' title='bbox 1208 3620 1306 3690; x_wconf 87' lang='lat' dir='ltr'><strong>etiam</strong></span> <span class='ocrx_word' id='word_1_238' title='bbox 1345 3615 1440 3688; x_wconf 85' lang='lat' dir='ltr'><strong>infe-</strong></span> 
     </span>
     <span class='ocr_line' id='line_1_32' title="bbox 360 3709 1445 3811; baseline 0.006 -29"><span class='ocrx_word' id='word_1_239' title='bbox 360 3709 499 3790; x_wconf 81' lang='lat' dir='ltr'><strong>rioribus</strong></span> <span class='ocrx_word' id='word_1_240' title='bbox 536 3711 676 3784; x_wconf 87' lang='lat' dir='ltr'><strong>eeclesiis</strong></span> <span class='ocrx_word' id='word_1_241' title='bbox 714 3713 824 3786; x_wconf 88' lang='lat' dir='ltr'><strong>locum</strong></span> <span class='ocrx_word' id='word_1_242' title='bbox 864 3715 983 3790; x_wconf 88' lang='lat' dir='ltr'><strong>habere</strong></span> <span class='ocrx_word' id='word_1_243' title='bbox 1025 3741 1075 3790; x_wconf 87' lang='lat' dir='ltr'><strong>coe</strong></span> <span class='ocrx_word' id='word_1_244' title='bbox 1118 3731 1215 3803; x_wconf 77' lang='lat' dir='ltr'><strong>runt3</strong></span> <span class='ocrx_word' id='word_1_245' title='bbox 1254 3737 1445 3811; x_wconf 85' lang='lat' dir='ltr'><strong>eorumque</strong></span> 
     </span>
     <span class='ocr_line' id='line_1_33' title="bbox 360 3809 1446 3914; baseline 0.004 -35"><span class='ocrx_word' id='word_1_246' title='bbox 360 3825 464 3882; x_wconf 78' lang='lat' dir='ltr'><strong>caetus</strong></span> <span class='ocrx_word' id='word_1_247' title='bbox 500 3809 641 3907; x_wconf 88' lang='lat' dir='ltr'><strong>capitula</strong></span> <span class='ocrx_word' id='word_1_248' title='bbox 675 3811 899 3908; x_wconf 74' lang='lat' dir='ltr'><strong>appellantur,</strong></span> <span class='ocrx_word' id='word_1_249' title='bbox 934 3839 1055 3914; x_wconf 79' lang='lat' dir='ltr'><strong>quaev</strong></span> <span class='ocrx_word' id='word_1_250' title='bbox 1119 3813 1355 3900; x_wconf 63' lang='lat' dir='ltr'><strong>cathedralia,</strong></span> <span class='ocrx_word' id='word_1_251' title='bbox 1384 3813 1446 3884; x_wconf 83' lang='lat' dir='ltr'><strong>vel</strong></span> 
     </span>
     <span class='ocr_line' id='line_1_34' title="bbox 359 3905 1445 4005; baseline 0.003 -26"><span class='ocrx_word' id='word_1_252' title='bbox 359 3907 540 4005; x_wconf 62' lang='lat' dir='ltr'><strong>colloquium</strong></span> <span class='ocrx_word' id='word_1_253' title='bbox 570 3905 744 3997; x_wconf 87' lang='lat' dir='ltr'><strong>dicuntur,</strong></span> <span class='ocrx_word' id='word_1_254' title='bbox 774 3937 851 3984; x_wconf 93' lang='lat' dir='ltr'><strong>cum</strong></span> <span class='ocrx_word' id='word_1_255' title='bbox 876 3913 1033 3986; x_wconf 90' lang='lat' dir='ltr'><strong>nimirum</strong></span> <span class='ocrx_word' id='word_1_256' title='bbox 1058 3909 1254 4000; x_wconf 90' lang='lat' dir='ltr'><strong>cathedrali,</strong></span> <span class='ocrx_word' id='word_1_257' title='bbox 1281 3924 1339 3982; x_wconf 90' lang='lat' dir='ltr'><strong>aut</strong></span> <span class='ocrx_word' id='word_1_258' title='bbox 1366 3907 1445 3982; x_wconf 86' lang='lat' dir='ltr'><strong>aliis</strong></span> 
     </span>
     <span class='ocr_line' id='line_1_35' title="bbox 363 4003 926 4082; baseline 0.02 -11"><span class='ocrx_word' id='word_1_259' title='bbox 363 4003 570 4078; x_wconf 82' lang='lat' dir='ltr'><strong>inferioribus</strong></span> <span class='ocrx_word' id='word_1_260' title='bbox 583 4004 721 4078; x_wconf 88' lang='lat' dir='ltr'><strong>ecclesiis</strong></span> <span class='ocrx_word' id='word_1_261' title='bbox 732 4008 926 4082; x_wconf 87' lang='lat' dir='ltr'><strong>inserviunt.</strong></span> 
     </span>
    </p>
   </div>
   <div class='ocr_carea' id='block_1_9' title="bbox 0 0 1577 5144">
    <p class='ocr_par' dir='ltr' id='par_1_9' title="bbox 0 0 1577 5144">
     <span class='ocr_line' id='line_1_36' title="bbox 0 0 1577 5144; baseline 0 0"><span class='ocrx_word' id='word_1_262' title='bbox 0 0 1577 5144; x_wconf 95' lang='lat' dir='ltr'><strong> </strong></span> 
     </span>
    </p>
   </div>
  </div>
 </body>
</html>
