3142 5188
568 425 788 496 -005-

141 573 258 634 crimen
273 589 332 632 non
349 569 508 646 iaciebant,
522 589 648 650 quaeque
661 573 691 632 in
707 573 824 634 ecclesia
839 569 1053 653 peragebantur
1067 572 1215 633 ccclesias·

145 655 203 714 tica
224 653 334 730 officia,
359 655 447 714 etiam
475 652 554 713 domi
579 654 678 734 peragi
702 673 784 732 posse
807 655 1021 715 existimabant.
1045 655 1116 731 Quis
1145 673 1215 714 vero

145 737 262 818 ignorat
285 738 393 798 iactum
420 733 528 796 Christi
557 735 732 810 servatoris,
757 737 808 814 qui
834 753 850 795 e
875 737 983 814 templo
1009 743 1155 816 emptores
1182 754 1216 796 ac

146 819 331 896 venditores,
357 826 385 878 et
406 824 516 877 ceteras
539 818 764 896 negotiationem
791 825 959 878 exercentes
978 818 1085 897 ejecit?
1108 815 1213 880 llatth.

148 903 220 962 XXI
234 920 264 961 0.
281 901 426 975 100115;
442 902 547 962 loann.
564 903 591 960 ll
603 919 632 959 o.
649 901 687 960 11
702 907 803 982 etseq.
1252 941 1256 948 .

201 985 218 1041 0
252 986 283 1044 S.
298 982 401 1045 Amhr.
418 999 463 1062 cp.
478 983 516 1042 17
528 999 560 1040 a.
578 983 616 1042 15
631 979 687 1042 cal.
705 981 764 1042 809
779 989 879 1063 etseq.
895 987 918 1042 t.
935 981 954 1042 5
968 979 1015 1043 ed.
1034 984 1107 1044 Ver.
1123 983 1213 1044 1751.

200 1066 218 1124 5
252 1069 283 1126 S.
298 1068 343 1126 lo.
360 1063 464 1142 Chrys.
489 1069 565 1123 oret.
585 1073 663 1146 post.
682 1061 769 1124 redit.
794 1060 830 1124 eh
845 1061 914 1124 eeu.
931 1071 1002 1125 tom.
1017 1067 1119 1148 5pop.
1139 1067 1211 1126 108.

145 1143 288 1224 Idemque
301 1145 427 1208 habetur
446 1146 478 1206 in
494 1146 589 1206 sena.
607 1148 621 1206 1
639 1145 673 1206 ia
686 1146 802 1206 Pentec.
818 1145 874 1206 int.
896 1163 982 1228 spur.
996 1155 1018 1207 t.
1035 1149 1053 1208 5
1131 1191 1138 1207 .
1155 1149 1210 1209 701

145 1225 194 1288 ed.
210 1229 312 1290 Poris.
337 1230 427 1290 1701.
451 1226 527 1289 Vide
546 1229 633 1288 etiam
658 1227 785 1288 edictum
807 1227 963 1288 Theodosii
978 1235 1043 1304 post
1062 1165 1134 1289 wi
1148 1226 1212 1290 cod.

146 1307 184 1372 dc
197 1309 298 1392 irequi
313 1307 431 1372 edocti.
447 1306 567 1390 confug.
585 1319 608 1370 t.
623 1311 641 1370 5
650 1328 684 1392 p.
698 1311 757 1370 598
771 1307 818 1371 cd.
831 1309 941 1391 Lipsius
956 1307 1046 1371 1758.

189 1392 230 1473 (1)
253 1393 345 1472 liujus
356 1390 574 1452 consuetudinis
584 1393 685 1454 crebra
696 1392 806 1452 mentio
818 1399 861 1452 cst
873 1390 951 1470 apud
962 1391 1082 1471 Chrys,
1095 1391 1212 1468 Euseb,

148 1474 290 1618 ἀ7001011.ἶ
314 1479 431 1554 synes,
452 1473 581 1553 Paulin.,
602 1483 631 1536 ct
655 1481 765 1536 ceteros
790 1491 916 1552 quorum
938 1491 1026 1552 supra
1050 1473 1215 1536 testimonia

171 1573 303 1635 escrrpsr.

189 1636 231 1719 (5)
252 1643 393 1701 Memorat
408 1638 484 1700 hanc
497 1637 738 1700 cousuetudinem
747 1641 793 1701 lo.
807 1637 957 1700 Cassianus
972 1635 1091 1698 doinst.
1107 1633 1213 1698 00000.

148 1716 201 1781 hb.
225 1723 239 1780 1
257 1741 324 1804 cop.
344 1723 383 1782 10
394 1741 466 1804 pap.
487 1724 524 1782 10
539 1719 586 1782 ed.
604 1718 742 1804 Francos.
765 1721 862 1797 170ος
885 1727 1056 1780 nontamen
1070 1737 1103 1779 ea
1126 1737 1216 1799 gene-

147 1803 237 1862 ratim
252 1804 361 1882 uhique
375 1804 492 1864 videtur
508 1803 679 1865 obtinuisse.

188 1882 231 1964 (6)
253 1889 434 1966 Quamquam
458 1886 538 1946 nulla
556 1893 635 1948 certa
656 1883 744 1963 hujus
765 1883 983 1945 consuetudinis
1006 1881 1216 1944 demonstratio

148 1967 212 2029 dari
227 1969 331 2047 possit,
344 1977 442 2029 tamen
462 1986 526 2028 eam
538 1969 623 2028 valde
644 1967 826 2046 probabilem
839 1984 901 2028 csse
915 1965 1043 2026 ostendit
1059 1963 1214 2044 Bingham.

150 2050 234 2132 θήῃ.
262 2047 329 2111 eccl.
354 2049 440 2112 tite
464 2069 532 2132 cop.
553 2052 592 2110 10
614 2047 676 2131 §.7
698 2057 769 2110 tom.
791 2051 893 2130 5pop.
922 2049 982 2110 511
1004 2047 1051 2108 cit.
1067 2045 1127 2122 ed„
1151 2045 1216 2106 lau·

148 2131 258 2210 datque
272 2133 470 2213 chrysostomi
485 2133 700 2207 testimonium,
726 2129 805 2191 unde
818 2130 1026 2212 intelligimus,
1048 2127 1215 2190 candidatos

148 2214 286 2293 baptismi
306 2215 458 2294 procidere
485 2233 574 2292 seque
596 2215 627 2275 in
649 2232 743 2294 genua
764 2213 906 2292 projicere
931 2213 1128 2288 consuevisse,
1149 2227 1215 2270 canu

149 2297 187 2358 ad
201 2297 404 2375 baptisterium
416 2297 601 2358 accedebant.

203 2378 232 2458 7)
255 2379 356 2440 Ambr.
372 2399 418 2460 ep.
441 2381 481 2439 00
494 2399 526 2438 a.
551 2381 590 2438 00
610 2374 663 2440 col.
680 2378 739 2438 908
755 2384 776 2436 t.
805 2379 823 2437 5
838 2374 884 2454 ed,
901 2376 964 2451 cit.,·
985 2375 1099 2435 Pauliu.
1115 2382 1179 2436 nat.
1197 2377 1215 2434 0

148 2462 189 2522 Fe
204 2461 239 2522 ic.
255 2480 325 2543 pap.
340 2465 400 2522 155
415 2479 491 2522 vers.
506 2461 567 2522 050
585 2459 631 2522 cd.
651 2461 774 2520 Veronae
789 2460 887 2535 1755,·
902 2457 1044 2520 Prudent.
1060 2460 1174 2540 Hymn.
1197 2459 1215 2517 0

149 2545 183 2604 ia
199 2545 231 2604 8.
247 2545 391 2605 laurent.
416 2562 492 2604 aera.
519 2545 578 2604 550
599 2560 670 2624 pop.
688 2543 744 2602 151
761 2539 831 2602 edit.
845 2541 947 2602 Paris.
973 2539 1068 2614 1087;
1085 2536 1213 2601 Cassiod.

149 2623 219 2687 hist.
245 2626 365 2707 tripart.
392 2623 442 2686 lib.
459 2627 556 2708 timp.
574 2628 613 2685 50
625 2641 694 2706 pop.
713 2625 857 2685 5111001.
875 2627 887 2683 1
908 2619 952 2682 ed.
968 2618 1102 2682 Rothom.
1121 2622 1215 2694 1079;

148 2717 250 2769 auctor
264 2705 331 2768 eccl.
345 2704 455 2768 hierar.
471 2727 538 2788 cap.
552 2709 569 2766 0
581 2705 608 2788 3.
624 2711 643 2768 1
659 2716 680 2768 t.
696 2707 710 2766 1
727 2723 799 2788 pap.
815 2702 929 2766 05001.
947 2705 1035 2764 lato.
1053 2705 1144 2764 1055.

191 2789 232 2871 (8)
254 2793 285 2852 8.
300 2792 377 2871 hug.
393 2788 429 2850 de
451 2788 587 2849 0101000
606 2785 656 2850 tit.
674 2789 687 2847 1
714 2806 782 2869 cop.
806 2790 820 2848 1
846 2783 899 2849 001.
924 2789 942 2846 5
964 2794 1034 2845 tom.
1059 2783 1136 2845 led.
1152 2783 1218 2860 eit,-

149 2874 179 2934 S.
199 2872 279 2932 llier.
305 2891 350 2952 ep.
369 2873 427 2932 107
443 2869 493 2931 od.
510 2869 638 2952 princip.
655 2887 740 2929 oum.
757 2871 795 2930 15
817 2867 870 2930 col.
894 2870 1038 2929 0011000.
1064 2869 1079 2926 1
1105 2864 1141 2927 ed
1153 2865 1217 2942 cit,-

149 2957 180 3017 S.
198 2956 285 3034 Greg.
312 2957 423 3015 Toron.
446 2949 517 3013 hiat.
543 2950 630 3013 tatu
652 2947 999 3030 0001001000010.
1027 2948 1128 3010 Paris.
1153 2948 1217 3024 cit,-

150 3036 270 3097 Orcsius
284 3032 332 3096 tit.
354 3039 372 3096 7
394 3053 459 3116 cap.
483 3036 521 3096 50
540 3053 612 3116 pop.
638 3035 696 3096 075
719 3031 765 3094 ed.
783 3031 882 3114 Lupd.
905 3035 1015 3093 Batou.
1038 3033 1132 3106 1758;
1149 3034 1217 3093 Cas-

149 3119 283 3179 siodorus
296 3137 364 3178 vor.
381 3115 431 3178 lib.
446 3118 484 3177 10
503 3135 568 3198 cap.
585 3119 626 3176 00
646 3135 686 3197 pa
710 3159 717 3174 .
742 3116 799 3176 107
818 3123 888 3176 tam.
913 3117 926 3174 1
946 3112 992 3174 ed.
1018 3112 1088 3190 cit.;
1102 3117 1215 3176 sozom.

150 3199 220 3262 hist.
235 3198 284 3261 tit.
310 3203 328 3260 9
353 3219 419 3281 cop.
438 3199 477 3258 10
493 3217 564 3280 pop.
585 3199 644 3258 576
662 3134 709 3258 cg.
736 3193 875 3258 Cantahr.
901 3197 992 3258 1700.
1009 3199 1050 3256 hc
1071 3214 1147 3274 saepe
1163 3195 1216 3274 ipsi

150 3283 248 3344 hostes
269 3301 333 3358 eos,
359 3281 465 3360 quibus
483 3298 601 3359 parcere
621 3278 772 3354 volebant,
793 3279 830 3340 ad
849 3279 982 3339 ecclesias
1000 3277 1159 3354 ducebant,
1185 3283 1218 3335 ut

149 3366 190 3426 ihi
207 3365 263 3426 tuti
286 3372 382 3425 essent
402 3363 438 3424 ab
461 3363 541 3440 aliis,
568 3363 619 3440 qui
642 3361 714 3440 ipsis
734 3361 796 3422 vim
814 3369 844 3422 et
870 3361 1008 3440 injuriam
1032 3360 1141 3420 inferre
1164 3375 1218 3436 po·

150 3447 287 3510 tuissem.

196 3603 229 3705 0.
257 3599 393 3674 XXIV.
421 3600 493 3697 Ipse
517 3623 626 3670 sensus
650 3597 813 3693 religionis
838 3601 1011 3694 impressus
1038 3610 1136 3691 atquc
1161 3597 1217 3664 in-

149 3706 229 3774 situs
261 3704 296 3772 in
326 3699 499 3772 hominum
528 3700 644 3768 animis
677 3696 771 3789 iecit,
800 3715 838 3767 ut
866 3691 1032 3767 christiani
1054 3695 1097 3762 ita
1127 3691 1218 3764 cole-

148 3817 224 3873 rent
260 3815 294 3870 et
333 3811 563 3869 venerarentur
605 3794 750 3868 ecclesias
787 3803 878 3882 s‘uas3
921 3809 1019 3889 atque
1056 3789 1107 3861 hic
1147 3791 1217 3886 ipse

150 3925 259 3970 sensus
289 3900 423 3968 intimus
456 3893 672 3967 ecclesiasticae
710 3894 924 3965 immunitatis
959 3891 1048 3984 origo
1084 3904 1118 3958 et
1145 3889 1218 3958 sun-

151 3997 343 4069 dementum
373 4011 434 4066 est.
473 3993 546 4066 Non
581 3995 667 4065 enim
707 3992 911 4064 ecclesiarum
943 3989 1130 4059 immunitas
1161 3989 1217 4058 in·
