3140 5168
542 432 764 504 -557-

112 581 1189 744 tta.tiltitillatuttttttttlittolttttttt

112 756 160 808 est
183 748 287 806 Petrus
302 745 421 821 Suavis,
442 744 502 806 sive
517 745 622 806 Paulus
636 745 770 823 Sarpius,
794 753 845 806 aut
866 748 907 808 Μ.
929 749 999 808 Ant.
1024 747 1061 808 de
1083 749 1188 810 Domi-

111 829 177 904 nis,
192 825 325 914 quisquis
338 828 376 886 sit
396 834 496 887 auctor
510 825 642 888 historiae
658 827 779 889 concilii
802 823 886 889 Trid.
908 829 967 891 Sed
988 830 1085 890 omnia
1099 829 1189 910 hujus

111 911 264 989 scriptoris
278 917 440 970 commenta
454 915 484 968 et
499 907 690 986 sophismata,
706 916 813 988 preter
831 917 962 987 eeteros,
981 912 1074 972 solide
1089 913 1188 993 gravi-

112 1001 221 1071 terque
238 993 376 1052 reiutavit
392 990 486 1053 carol.
507 991 653 1052 Biaschus'
666 989 824 1052 district
846 1009 918 1073 pap.
947 993 1006 1054 aot
1026 1011 1088 1078 sep.
1109 993 1189 1058 Vide

112 1075 203 1136 etiam
218 1073 418 1154 Tournelyum
428 1069 562 1134 Prnleet.
580 1069 669 1134 theol.
688 1071 724 1134 de
735 1074 872 1135 Sacram.
887 1083 980 1135 matr.
997 1094 1026 1160 q.
1046 1077 1064 1137 a
1076 1085 1136 1138 art.
1153 1079 1185 1138 2.

163 1243 193 1345 δ.
233 1243 346 1315 CLlll.
389 1243 484 1333 Torl,
515 1269 570 1318 seu
600 1243 806 1316 habitationis
832 1246 991 1342 separatio
1025 1248 1185 1319 minorem

113 1369 247 1442 qnoque
283 1342 382 1412 habet
411 1341 657 1431 difficultatem,
695 1345 852 1440 quoniam
891 1358 925 1414 et
962 1359 1078 1415 mutuo
1100 1370 1184 1417 con-

112 1466 209 1512 sensu
253 1443 448 1608 cond‘ugum,
474 1455 508 1512 et
538 1441 640 1514 altero
678 1443 780 1512 inrito
819 1440 892 1512 fieri
918 1456 1040 1537 potest.
1069 1441 1187 1514 Mutuo

111 1564 270 1612 consensu
326 1556 357 1628 t,
396 1565 470 1610 cum
519 1553 657 1636 uterque
695 1541 813 1638 conjux
852 1541 1031 1610 castitatem
1069 1555 1185 1630 voret,

112 1653 171 1730 aut
191 1637 402 1736 approbatam
428 1635 618 1733 religionem
638 1636 814 1734 profitetur
843 1637 909 1733 (l).
942 1636 1055 1708 Altero
1076 1653 1185 1708 autem

112 1737 217 1807 inrito
259 1733 370 1833 plores
399 1749 475 1806 sunt
516 1735 645 1807 divortii
687 1761 810 1822 causae3
841 1737 997 1806 nimirum
1040 1739 1066 1806 si
1108 1734 1191 1806 alter

112 1835 293 1932 conjugum
331 1838 366 1903 in
402 1832 572 1923 haeresim,
616 1849 672 1904 aut
707 1835 742 1904 in
781 1829 998 1905 idololatriam
1034 1831 1189 1930 prolaba-

112 1947 169 2002 tur
207 1931 282 2030 (ἢ),
310 1933 336 2002 si
371 1958 407 2002 ea
442 1933 627 2030 conjunctio
670 1947 839 2030 peccatum
866 1956 1000 2029 parere,
1029 1947 1087 2002 aut
1115 1929 1186 2002 dis·

106 2031 238 2126 junctio
282 2029 544 2102 emendationem
590 2027 704 2101 afferre
733 2031 834 2128 possit
877 2029 949 2126 (5);
987 2030 1034 2109 si,
1053 2055 1185 2124 gratem

110 2131 149 2196 in
172 2152 305 2200 uxorem
331 2131 484 2198 saevitiam
511 2129 644 2198 maritus
668 2127 819 2200 adhibeat
839 2127 912 2224 (d),
945 2128 971 2196 si
998 2125 1079 2198 alter
1100 2153 1184 2199 eon·

105 2225 228 2322 jugum
272 2225 486 2317 adulterium,
528 2240 585 2297 aut
623 2224 765 2300 inlandae
807 2225 931 2298 veneris
956 2223 1060 2298 scelus
1089 2249 1184 2298 aom-

111 2325 241 2395 miserit
258 2324 325 2422 (5).

153 2519 198 2602 (i)
219 2521 291 2602 Cap.
310 2522 325 2582 l
342 2523 404 2582 ott
420 2516 456 2580 de
473 2524 611 2582 convers.
627 2519 745 2616 eonjap.
764 2524 827 2598 Qua
842 2522 874 2582 in
886 2539 920 2580 re
933 2519 1008 2581 iliud
1021 2520 1105 2581 decet
1117 2521 1182 2582 ani-

110 2603 318 2678 madvertere,
335 2620 394 2663 non
409 2603 473 2683 cogi
495 2621 616 2664 uxorem
630 2603 794 2683 religiosam
809 2603 1018 2682 professionem
1031 2603 1184 2678 emittere,

110 2703 181 2745 cum
202 2687 235 2745 in
253 2704 285 2745 ea
303 2693 388 2746 aetate
408 2693 467 2758 eet,
486 2693 520 2745 ut
543 2686 606 2745 sine
624 2687 788 2764 suspicione
802 2687 836 2746 in
855 2685 1003 2746 communi
1032 2685 1186 2746 hominum

109 2769 249 2830 sacietate
261 2767 372 2828 versari
386 2767 491 2846 possit,
507 2766 594 2828 modo
610 2775 691 2828 extra
704 2769 876 2848 religionem
889 2769 1051 2828 castitatem
1065 2775 1183 2845 voveat,

110 2850 175 2930 cogi
191 2857 288 2910 autem
300 2850 435 2924 omnino,
449 2867 515 2908 cum
530 2847 638 2911 florens
653 2858 722 2910 [etas
735 2851 804 2911 iacit
815 2849 885 2910 huic
897 2849 1054 2928 suspicioni
1072 2847 1181 2910 locam.

165 2933 185 2993 ἢ
221 2933 293 3014 Cap.
310 2933 342 3008 2,
357 2933 390 3008 6,
406 2932 424 2992 7
439 2929 614 3010 cantant,
631 2950 698 2993 care.
715 2933 780 2993 toa
804 2975 812 2991 .
829 2933 868 2994 28
883 2949 935 3016 pa.
947 2935 983 2994 t.

166 3016 184 3074 'c'
220 3015 295 3096 Cap.
314 3011 522 3090 tdeDioort„
535 3032 602 3095 cop.
617 3015 635 3074 5
650 3011 685 3074 de
697 3011 765 3075 aaa
779 3022 833 3074 ter.

164 3095 197 3176 t)
220 3097 320 3178 Cap.8
334 3097 408 3157 etit
419 3092 454 3156 de
464 3094 568 3156 flectit.
581 3091 713 3176 spoliat,
728 3113 794 3156 cart.
805 3097 823 3155 a
835 3115 902 3179 cap.
913 3099 946 3157 ot
963 3115 1015 3180 pa.
1029 3099 1059 3156 l.
1073 3098 1184 3156 Verum

110 3179 135 3239 ai
164 3179 288 3238 moritus
324 3185 420 3238 caveat
452 3177 490 3237 de
516 3193 576 3238 non
611 3176 741 3238 vexanda
767 3197 873 3255 uxore,
902 3196 999 3257 neque
1031 3185 1111 3241 tanta
1144 3178 1182 3238 sit

110 3262 177 3341 ejus
191 3261 316 3335 saevitia,
334 3267 368 3320 ut
386 3277 445 3320 non
462 3259 531 3320 satis
546 3259 641 3318 careri
662 3277 746 3338 posse
759 3259 909 3340 videatur,
929 3280 992 3324 eam
1013 3259 1052 3322 ob
1067 3277 1182 3321 causnn

109 3341 173 3404 tori
189 3342 332 3422 separatio
346 3359 406 3402 non
418 3340 599 3402 conceditur.

155 3423 198 3504 (t)
220 3425 298 3501 Quin
319 3423 406 3485 debet
423 3424 546 3484 maritus
565 3441 687 3484 uxorem
707 3421 885 3502 adulteram,
905 3425 962 3486 nisi
983 3425 1184 3506 penitentiam

111 3505 279 3588 egerit,ab
296 3525 328 3568 se
343 3524 493 3567 removere
512 3524 579 3566 cart.
599 3507 778 3588 detdcap.
801 3509 840 3568 52
859 3527 912 3590 pa.
932 3509 966 3584 l,
988 3507 1040 3570 sed
1054 3514 1120 3586 post
1140 3525 1184 3566 ac·

111 3599 173 3650 tam
198 3587 400 3668 poenitentiam
424 3607 488 3649 eam
512 3587 642 3666 recipere
665 3595 759 3668 potest
780 3606 848 3650 carr.
872 3587 986 3666 7eod.,
1009 3607 1078 3670 cap.
1104 3585 1181 3648 aaa

111 3665 252 3734 Adrdtcr.
272 3671 347 3732 Vide
365 3671 453 3731 etiam
467 3673 604 3731 Hermam
618 3679 763 3750 pastorem
778 3667 828 3733 tat.
847 3673 867 3752 2
885 3669 1026 3734 Mandat.
1048 3671 1082 3747 t,
1103 3668 1182 3749 apud
1274 3695 1276 3700 ’

111 3753 291 3816 Cotelerinm
306 3755 372 3814 PP.
390 3761 484 3835 apost.
502 3759 571 3813 tom.
589 3756 689 3835 tpap.
707 3753 745 3814 87
760 3751 805 3815 ed.
819 3753 913 3815 Amat.
930 3754 1021 3814 crat.

160 3909 194 4010 ς.
235 3906 352 3979 CLIV.
396 3905 521 3982 Verum
549 3925 683 4006 propter
709 3907 905 3980 adulterium
930 3909 1087 4001 separatio
1111 3930 1179 3978 non

110 4009 334 4106 permittitur,
359 4008 384 4078 si
413 4006 530 4078 mulier
554 4010 652 4080 invita
681 4005 779 4079 luerit
814 4029 994 4102 compressa
1020 4003 1094 4103 (l);
1124 4019 1181 4078 aut
