3122 5178
792 461 986 532 ...98-

341 617 420 711 legis
448 614 602 702 nomine,
636 607 724 707 quod
757 607 931 680 violentam
956 611 1102 678 eontinet
1125 610 1269 705 corporis
1295 613 1420 680 coerci-

341 716 481 800 tionem,
515 712 581 779 sive
605 705 695 805 quod
717 705 804 776 Juris
827 705 1027 776 ecclesiastici
1053 705 1195 800 dignitas
1218 707 1418 802 postularem

342 825 382 880 ut
412 832 487 905 quae
521 832 625 878 mores
650 804 823 876 hominum
848 803 991 873 formant
1006 804 1127 897 regulae
1153 803 1417 900 appellarentur,

342 909 410 978 sive
436 904 572 975 demum
595 901 685 1000 quod
718 926 841 972 nomen
869 900 957 996 apud
989 900 1145 972 Hebraeos
1174 901 1237 995 legi
1271 899 1420 970 Mosaicae

367 1003 441 1073 lane
467 1001 605 1072 haeserat
620 1015 656 1070 ut
672 1023 844 1098 synagogae
867 995 1043 1067 succedens
1064 998 1216 1086 ecclesia,
1240 997 1302 1068 alio
1330 1023 1422 1069 roca-

343 1030 423 1171 lulo
441 1099 688 1170 constitutiones
706 1121 777 1168 suas
793 1094 1004 1192 appellandas
1019 1098 1194 1190 putaverit.

386 1295 413 1377 (l
442 1295 518 1358 Hine
534 1293 571 1355 ab
585 1291 726 1372 Euripide
739 1292 787 1371 jus
801 1297 918 1352 naturae
932 1317 1013 1356 savoa
1028 1319 1077 1356 roc
1092 1263 1178 1356 aanor]
1191 1288 1298 1372 reputa
1309 1289 1424 1354 ltoaesta'

346 1378 523 1456 appelatur,
548 1385 636 1455 atque
659 1394 676 1434 a
701 1374 864 1452 Chrysippo
885 1376 917 1433 L.
943 1373 973 1432 2.
995 1370 1030 1452 ff.
1052 1370 1092 1446 ¹cle
1107 1369 1162 1451 leq.
1188 1373 1236 1432 lex
1261 1375 1422 1454 generatim

348 1459 550 1524 diciturenim
563 1461 730 1522 tarassiam
742 1461 837 1519 danao
848 1451 1118 1536 repulojustoruaa
1137 1459 1164 1513 et
1175 1451 1369 1535 injustorum.

396 1635 428 1737 ς.
456 1633 600 1706 XXVII.
635 1634 764 1704 Dicitur
792 1633 893 1706 etiam·
920 1631 979 1702 lus
1007 1633 1221 1722 canonicum,
1248 1634 1425 1706 eceteram-

348 1739 481 1820 ticum,
503 1747 559 1801 aut
581 1755 745 1820 sumum,
760 1732 915 1826 quoniam
940 1731 1007 1823 agit
1028 1729 1070 1800 de
1090 1733 1235 1825 personis
1262 1729 1424 1826 rebusque

350 1834 465 1920 sacris,
491 1844 590 1925 atque
612 1828 847 1912 ecclesiasticis3
875 1828 954 1896 item
985 1827 1075 1922 quod
1098 1827 1327 1916 ecclesiastica³
1359 1829 1424 1900 hoc

352 1944 419 2016 est,
454 1951 541 1998 sacra
564 1941 723 2022 potestate
752 1925 794 1994 sit
819 1925 950 1994 latum:
982 1922 1101 1993 dicitur
1118 1939 1161 2011 ¹‚et
1177 1924 1422 2022 pontificium

351 2041 424 2094 tum
443 2023 532 2120 quod
564 2049 681 2119 magna
706 2038 853 2118 exparte
877 2047 894 2090 a
918 2021 1073 2092 Romanis
1100 2021 1315 2092 Pontificibus
1342 2047 1425 2093 con-

351 2125 503 2192 stitutum
528 2135 596 2210 est,
623 2137 696 2191 tum
711 2137 749 2190 ut
772 2146 790 2190 a
816 2117 976 2206 Caesareo,
1002 2120 1066 2190 sive
1098 2117 1184 2190 civili
1208 2123 1284 2216 jure
1308 2119 1426 2189 distin-

353 2234 483 2312 guatur.
507 2217 672 2287 Definitur
699 2233 808 2286 autern
826 2218 881 2312 jus
904 2214 1008 2304 illud‚
1035 2215 1124 2312 quod
1156 2217 1197 2284 ab
1215 2216 1344 2286 ecclesia
1369 2242 1427 2312 per

354 2319 541 2410 episcopos,
558 2317 738 2410 praesertim
761 2337 837 2382 vero
857 2337 915 2408 per
933 2313 1117 2384 Romanum
1137 2312 1352 2401 Pontificem,
1368 2339 1427 2382 ex·

354 2411 534 2506 plicatum,
569 2413 747 2498 sancitum,
789 2406 842 2478 rel
877 2409 1092 2504 approbatum
1135 2427 1201 2498 est,
1245 2409 1285 2478 ad
1306 2427 1425 2479 rectam

355 2507 605 2578 christianorum
641 2506 814 2578 hominum
850 2508 1101 2576 institutionem.
1140 2506 1275 2578 Constat
1308 2511 1428 2602 partim

329 2605 490 2694 „divinim
519 2605 638 2700 partim
672 2603 820 2675 humanis
851 2603 996 2698 legibus,
1028 2606 1148 2700 partim
1177 2607 1427 2702 scriptumest,

357 2705 477 2798 partim
494 2725 650 2773 veronen
666 2704 837 2798 seriptum.

404 2799 434 2899 ς.
463 2798 622 2870 XXVlll.
657 2801 782 2870 Dirinae
809 2797 908 2893 leges,
934 2822 1010 2893 quae
1038 2799 1144 2868 Deum
1177 2801 1283 2894 ipsum
1308 2797 1429 2869 habent

357 2913 541 2987 auctorem,
560 2895 613 2966 rel
635 2893 798 2966 naturales
817 2911 915 2985 sunt,
943 2899 998 2966 vel
1016 2895 1298 2990 supernaturalem
1315 2911 1350 2966 et
1367 2921 1431 2994 po-

356 2995 478 3065 sitirae.
498 2993 671 3063 Naturales
685 2995 867 3088 accepimus
882 2994 923 3064 ab
940 2993 1007 3087 ipsa
1020 3007 1153 3082 natura,
1169 2993 1231 3064 hoc
1246 3009 1313 3080 est,
1331 3019 1348 3062 a
1362 2995 1432 3063 Deo

358 3105 485 3162 naturae
510 3106 657 3178 auctore,
682 3092 786 3186 iisque
814 3089 983 3178 discimus,
1013 3090 1094 3186 quid
1116 3091 1206 3178 Deo,
1232 3091 1311 3186 quid
1339 3090 1432 3159 nobis

358 3189 449 3281 ipsis,
494 3185 574 3282 quid
599 3187 667 3256 aliis
701 3186 886 3256 homiuibus
926 3187 1114 3257 debeamus.
1145 3186 1309 3258 Nimirum
1346 3187 1433 3256 Deus

358 3285 508 3378 ipseper
530 3299 652 3354 rectam
680 3286 839 3354 rationem
869 3286 1033 3380 impressit
1060 3286 1315 3355 animisnostris
1339 3308 1433 3353 amo-

359 3405 444 3467 rem,
473 3394 506 3449 et
529 3379 655 3474 regulas
684 3381 873 3469 honestatisa
907 3379 1072 3477 adquam
1098 3406 1211 3451 omnes
1237 3397 1351 3452 natura
1381 3381 1432 3449 le-

358 3479 483 3563 rimur,
514 3479 632 3572 cuique
657 3493 818 3572 perpetuo
852 3477 1110 3569 adhaereremus‚
1139 3481 1199 3550 nisi
1228 3477 1433 3549 abstrahere·

360 3599 435 3642 mur
450 3573 536 3641 vitiis
557 3575 729 3670 pravisque
745 3573 978 3670 cupiditatibus
994 3575 1059 3671 (l).

401 3768 443 3850 (ll
459 3771 527 3830 uec
539 3769 585 3830 lex
598 3777 641 3830 est
655 3769 743 3830 Ratio
756 3769 896 3853 prosecta
912 3794 931 3833 a
946 3791 1049 3834 rerum
1066 3780 1194 3848 actura,
1211 3773 1307 3850 iuquit
1318 3773 1433 3844 Cicero,

360 3849 395 3910 ‹lc
416 3847 516 3933 lepte.
541 3848 590 3911 lib.
614 3853 773 3912 §lumel
797 3861 857 3912 tom
884 3857 960 3936 δρα
984 3897 991 3914 .
1016 3855 1090 3930 189,
1105 3851 1154 3915 cd.
1184 3849 1295 3916 oliveti
1314 3854 1436 3916 Genera

363 3933 459 4008 1745,
481 3939 508 3992 ct
531 3930 571 3993 orl
588 3940 664 3993 recte
683 3929 859 4014 sociandum
879 3873 1046 4016 tarpeiana,
1076 3943 1104 3994 ct
1125 3955 1144 3994 o
1164 3932 1269 3994 delicto
1290 3951 1435 4005 erroreum

363 4029 432 4094 quoa
445 4029 505 4074 riou
520 4023 585 4076 tum
596 4013 724 4097 alanique
740 4013 848 4095 irrupit
862 4011 994 4094 leuasse,
1014 4035 1081 4077 cum
1101 4015 1214 4095 arrepto
1230 4023 1284 4090 ast,
1301 4013 1353 4074 aed
1372 4023 1434 4074 truu

1382 4303 1400 4340 la
