3102 5184
793 475 1016 546 -554-

405 627 447 771 pl)
465 629 669 707 Apostutarum
693 644 792 704 poenas
810 624 970 706 diligenter
996 633 1150 688 enumerat
1175 625 1280 686 Lucius
1310 625 1443 686 Ferraris

367 711 409 773 Bi
425 708 509 772 tinet.
523 707 601 770 verb.
619 715 758 791 apostata
770 727 856 768 num.
875 710 914 768 tto
928 717 957 770 et
969 726 1031 792 sep.

415 865 445 966 §.
486 865 583 939 xvi.
638 867 682 938 Et
723 867 880 963 quoniam
920 862 1104 960 regulares,
1153 881 1327 968 antequam
1372 883 1442 937 rota

368 968 561 1062 suscipiant,
601 967 665 1035 suis
701 989 769 1034 sese
794 963 889 1035 bouis
918 962 1068 1034 abdioare
1109 961 1235 1053 solent,
1275 989 1381 1062 eaque
1409 966 1441 1034 in

368 1063 446 1135 alios
492 1063 659 1152 conferre,
699 1061 819 1133 ideireo
860 1064 1045 1134 constitutae
1089 1079 1166 1132 suut
1200 1077 1299 1134 eertae
1334 1060 1441 1157 leges,

368 1178 406 1231 ut
441 1188 554 1234 eorum
594 1163 849 1232 renuntiationes
889 1177 977 1232 reete
1010 1159 1240 1258 expediantur.
1276 1159 1442 1232 Nimirum

368 1284 482 1332 eorum
519 1260 728 1354 obligationes
761 1285 797 1329 ae
823 1260 1079 1330 renuntiationes
1117 1284 1185 1331 non
1218 1257 1345 1348 raleut,
1382 1261 1443 1328 nisi

369 1361 560 1429 emittantur
587 1384 663 1428 eum
693 1359 787 1429 renio
814 1359 976 1454 episcopi,
1011 1372 1068 1427 aut
1107 1359 1177 1457 ejus
1204 1359 1311 1428 vinarii
1337 1382 1441 1451 geue-

368 1455 442 1526 ralis
468 1459 552 1527 intra
576 1455 658 1528 duos
682 1481 808 1526 menses
832 1459 997 1553 proximos
1023 1471 1100 1526 ante
1122 1454 1379 1554 professionem,
1410 1471 1442 1526 et

365 1567 495 1626 tantum
535 1571 608 1652 post
648 1552 797 1625 eamdem
831 1554 953 1626 editam
987 1556 1052 1624 rim
1084 1569 1184 1652 atque
1215 1555 1336 1624 exitum
1381 1552 1441 1622 bu-

368 1651 465 1741 bont,
497 1656 540 1726 itu
574 1669 610 1726 ut
643 1651 763 1724 nullius
788 1655 945 1726 momenti
976 1655 1062 1744 sint,
1095 1655 1157 1723 nisi
1196 1651 1351 1749 professio
1381 1651 1441 1722 eb-

372 1750 524 1822 solvatur.

409 1911 451 1992 (ll
472 1911 581 1974 concil.
598 1909 733 1973 Trident.
747 1929 818 1972 sets.
835 1913 873 1972 65
888 1931 956 1994 cup.
973 1915 1011 1972 16
1027 1910 1063 1974 de
1076 1911 1171 1994 regul.

417 2065 446 2167 §.
484 2065 597 2138 XVll.
637 2065 872 2138 Monaeborum
912 2069 1014 2140 instar
1054 2087 1131 2140 sunt
1174 2067 1343 2152 moniales,
1380 2095 1439 2138 seu

369 2164 644 2255 sanctimoniales,
675 2165 819 2238 loeminae
862 2165 1001 2258 seilicet,
1032 2193 1107 2266 quae
1137 2165 1331 2240 solemnibus
1357 2170 1439 2238 rotis

369 2267 489 2334 emissis
522 2263 578 2360 (l)
608 2289 674 2335 sese
705 2263 775 2336 Deo
807 2281 1056 2354 conseerarunt,
1091 2281 1124 2337 et
1154 2291 1230 2363 quae
1258 2281 1345 2336 certa
1376 2265 1439 2336 ob-

368 2365 486 2434 striotte
517 2363 629 2458 regula
662 2363 764 2432 vitam
792 2361 919 2433 ducunt
945 2365 980 2436 in
1015 2367 1229 2454 monasterio,
1264 2363 1326 2433 sub
1351 2365 1439 2459 regi-
1519 2345 1520 2394 t

368 2465 457 2533 mine
485 2461 626 2558 episcopi
659 2475 693 2531 et
727 2459 897 2531 interdum
933 2465 1032 2534 enam
1075 2461 1282 2559 regularium.
1316 2461 1439 2534 Eadem

369 2576 579 2658 tempestate,
613 2583 676 2656 quo
712 2558 968 2654 monachorum,
1012 2563 1110 2634 etiem
1139 2560 1332 2632 monialium
1371 2586 1439 2632 ooe·

370 2659 466 2732 nobia
498 2661 643 2730 instituta
670 2673 747 2728 sunt
779 2656 845 2754 (6).
877 2659 1048 2830 Praeeippn
1075 2685 1187 2731 earum
1207 2675 1256 2730 est
1284 2657 1438 2730 elausurae

367 2758 440 2846 lex,
470 2783 534 2855 qua
560 2753 715 2828 moniales
746 2755 856 2851 egredi
887 2757 982 2856 probi
1025 2773 1104 2830 ntur
1131 2783 1150 2830 e
1177 2759 1275 2855 septis
1307 2783 1438 2830 monas-

368 2859 454 2945 terii,
481 2857 541 2926 uisi
572 2869 665 2950 cogat
702 2855 789 2925 exire
828 2857 874 2926 vis
904 2859 1028 2956 major,
1061 2879 1135 2954 quae
1165 2871 1296 2953 superet
1328 2855 1437 2952 legum

369 2967 583 3052 potestatem,
624 2967 662 3022 ut
698 2978 853 3048 magnum
885 2953 1094 3046 incendium,
1128 2953 1180 3025 rel
1213 2953 1350 3026 morbus
1390 2953 1438 3025 le-

369 3075 438 3150 prae
476 3066 533 3120 aut
569 3049 760 3145 epidemiae3
800 3053 858 3148 qui
898 3053 1049 3144 morbus,
1079 3043 1199 3151 praetei
1238 3055 1436 3150 superiorem

370 3151 422 3221 eoi
469 3147 616 3220 monialis
663 3147 792 3238 subest,
833 3155 929 3221 etiam
966 3154 1116 3250 episcopo
1152 3153 1299 3245 cognitus
1341 3153 1438 3247 serip-

371 3265 471 3348 toque
485 3245 641 3344 probatus
656 3271 725 3318 esse
741 3245 840 3319 debet
857 3249 924 3346 (5).

411 3421 452 3506 (1)
473 3425 517 3484 De
534 3417 711 3480 solemnibus
736 3417 816 3481 hisee
834 3422 925 3500 rotis,
942 3441 1067 3501 quorum
1085 3423 1230 3504 originem
1253 3421 1343 3500 aliqui
1368 3427 1436 3486 as.
1518 3413 1519 3460 t

371 3506 523 3570 Ambrosio
538 3507 691 3582 repetunt,
715 3501 868 3564 adeundus
882 3513 926 3566 est
946 3505 1175 3567 0rsius1storio
1194 3501 1292 3566 eccles.
1319 3502 1372 3567 tit.
1399 3507 1437 3567 l7

372 3609 456 3653 nunt.
470 3591 509 3650 86
519 3605 590 3668 pop.
609 3585 738 3668 blssseg.
757 3591 828 3646 tom.
845 3584 921 3648 ted.
935 3587 1020 3648 Rom.
1036 3588 1126 3648 1756.

411 3673 453 3756 (6)
474 3669 550 3734 Vide
569 3667 721 3731 Tbomass.
733 3684 807 3748 pap.
827 3671 839 3729 1
858 3667 907 3731 lib.
926 3671 1025 3750 drop.
1045 3672 1085 3732 11
1103 3681 1130 3732 et
1146 3689 1225 3754 eeq.,·
1243 3671 1437 3732 Muratoriam

370 3756 443 3819 dise.
456 3757 496 3818 66
508 3771 579 3838 paq.
600 3751 657 3812 106
672 3757 742 3811 tom.
760 3750 778 3810 5
790 3761 872 3834 part.
889 3755 908 3812 6
924 3749 970 3812 ed.
985 3753 1103 3826 Romoer
1118 3752 1254 3814 Balleriu.
1271 3749 1306 3810 in
1320 3755 1436 3814 Zenon.

370 3839 444 3902 dist.
462 3839 558 3919 drop.
577 3837 587 3894 1
601 3851 673 3916 paq.
690 3835 748 3894 167
762 3841 832 3895 tom.
849 3832 947 3896 ledit.
964 3837 1042 3917 Aug.
1058 3835 1148 3895 1768.

410 3921 452 4004 (5)
476 3922 550 4002 Cep.
569 3921 581 3978 l
605 3913 640 3976 de
658 3915 736 3976 Stat.
753 3913 848 3999 repul.
865 3917 898 3978 in
914 3919 948 3990 6,
977 3919 1008 3979 S.
1029 3918 1097 3978 Pius
1122 3919 1149 3978 V
1170 3913 1322 3976 constitut.
1352 3915 1436 3978 Circo

368 4001 530 4086 pastoralis
555 4003 592 4063 15
609 4017 682 4082 pag.
710 4001 856 4062 6661616.
882 4002 901 4060 1
921 4017 991 4080 par.
1014 3996 1356 4060 rossemannum
1379 3997 1435 4060 156

366 4105 440 4170 pag.
460 4087 498 4147 96
513 4095 583 4148 tom.
603 4085 705 4166 iper.
727 4085 744 4144 5
760 4079 893 4145 ludarii.
909 4085 981 4144 Cum
994 4089 1091 4143 autem
1107 4083 1137 4144 S.
1155 4080 1260 4142 PiusV
1273 4087 1337 4142 tres
1352 4079 1435 4142 basae
