3142 5188
530 431 749 502 -oto-

147 577 189 660 (1)
211 583 244 642 lu
263 576 353 642 Clam.
370 579 389 640 1
407 575 443 638 da
455 575 568 660 Sapolt.
591 578 789 642 Dominieanis
806 587 836 641 et
850 581 1046 644 Franciseanis
1065 600 1168 644 conee-

104 661 189 722 ditur
201 661 359 742 sepeliendi
374 659 560 740 privilegium
579 660 611 720 in
625 678 726 722 eorum
737 661 878 738 eeclesiis,
892 665 970 742 quod
984 663 1171 746 privilegium

102 743 170 804 aliis
181 761 297 886 rpuoque
310 741 493 824 regularibus
505 755 672 803 conoessum
685 741 789 822 luisse,
806 743 939 806 observat
958 747 1083 829 Pirhing
1101 749 1170 809 Jue.
1222 771 1240 790 ‚·

106 845 175 886 tan.
203 824 240 886 it.
255 827 272 887 5
288 825 332 886 tit.
346 826 386 887 28
401 841 486 884 nam.
504 825 554 885 59.

145 907 189 1069 )1)
213 911 286 990 Cap.
304 909 322 968 5
337 909 395 968 etl
409 903 444 967 de
458 901 572 988 Sepult.
588 905 620 966 in
632 907 662 968 6.
754 897 757 906 ’

159 989 189 1068 5)
213 984 497 1082 Coa.7deSopolt.
543 1021 544 1026 κ

157 1071 190 1152 l)
214 1073 321 1134 Comi
336 1069 400 1134 eod.
414 1089 447 1132 m
459 1071 491 1131 6.

145 1071 189 1235 lfa)
212 1157 285 1236 Cup.
301 1149 359 1215 ult.
373 1150 409 1216 de
423 1147 537 1234 Sepalt.
551 1151 586 1214 in
602 1155 633 1214 6.

152 1281 184 1382 §2
206 1283 248 1354 V.
283 1281 317 1354 Si
345 1285 417 1381 quis
448 1281 508 1353 sibi
539 1283 739 1380 sepulturam
767 1309 835 1356 non
870 1284 982 1382 eligit,
1013 1310 1085 1356 eam
1113 1285 1174 1356 ha-

103 1382 163 1454 bet
186 1385 221 1452 in
246 1381 395 1479 sepulcro
422 1381 609 1480 majorum,
642 1381 692 1454 rel
719 1385 746 1452 si
767 1409 806 1456 eo
833 1399 958 1474 cureat,
984 1385 1020 1452 in
1045 1381 1176 1454 eeclesia

101 1478 278 1576 parochiali
310 1479 378 1576 (l).
404 1479 559 1551 Mulieres
591 1495 701 1552 autem
734 1483 761 1552 si
787 1507 856 1554 non
881 1481 1039 1578 elegerint
1071 1481 1177 1577 sepul·

101 1595 232 1667 turam,
255 1604 330 1650 oum
353 1580 428 1650 viris
452 1579 516 1650 suis
540 1577 734 1676 sepelienda
757 1597 834 1650 sunt
856 1579 928 1677 (1),
959 1595 992 1651 et
1017 1581 1043 1650 si
1068 1577 1177 1676 plures

102 1676 247 1748 habuere
273 1679 375 1765 viros,
400 1703 476 1748 eum
502 1701 542 1748 eo
570 1677 792 1774 sepeliuntur,
821 1685 873 1750 cui
901 1694 1066 1776 postremo
1091 1703 1176 1774 nup·

102 1790 218 1844 serunt
256 1775 321 1873 (5)
359 1773 511 1847 Monaehi
541 1777 639 1846 etiam
675 1792 709 1848 et
736 1775 898 1870 regulares
934 1775 1113 1846 humantur
1141 1777 1176 1846 in

102 1871 235 1944 ecclesia
272 1872 324 1944 rel
357 1875 542 1948 coemeterio
575 1876 624 1944 sui
654 1877 860 1964 monasterii,
897 1873 986 1970 quod
1017 1876 1093 1970 ipsis
1121 1897 1177 1970 pa·

103 1969 224 2042 rochiae
251 1971 323 2044 loco
352 1988 400 2043 est
426 1971 503 2068 (4);
542 1987 575 2044 et
603 1970 751 2042 similiter
793 1975 958 2062 canonici,
988 1998 1025 2042 oc
1050 1971 1176 2044 benefi-

101 2072 177 2139 ciati
204 2071 239 2140 in
267 2069 396 2140 ecelesia
426 2073 476 2142 sui
508 2069 661 2167 capituli,
693 2069 743 2142 rel
774 2069 926 2142 beneficii
958 2069 1171 2167 sepeliuntur.

101 2165 264 2256 Cadaver,
318 2167 408 2265 quod
456 2184 568 2240 eontra
614 2168 826 2240 interdictum
872 2183 962 2240 extra
1009 2169 1176 2264 propriam

101 2265 270 2337 ecclesiam
307 2265 409 2338 humo
448 2265 604 2336 traditum
648 2266 727 2356 fuit,
766 2265 792 2337 si
828 2281 977 2363 petatur,
1020 2261 1174 2337 effodien·

101 2363 185 2435 dum
215 2381 264 2434 est
294 2391 331 2456 aa
354 2367 494 2462 propriae
523 2363 661 2436 ecelesiae
688 2363 925 2436 restituendum
954 2363 1021 2461 (5).

143 2511 186 2594 (1)
209 2516 283 2574 Con.
297 2515 316 2573 2
329 2531 396 2594 cup.
411 2515 449 2574 l5
465 2531 495 2596 q.
514 2513 549 2590 2,
564 2531 630 2596 top.
647 2517 661 2574 1
680 2521 709 2574 et
723 2516 741 2576 5
754 2512 789 2576 de
802 2507 916 2595 Sepult.
929 2511 962 2572 io
978 2512 1008 2572 6.

156 2595 186 2672 2)
209 2597 282 2655 Con.
299 2598 318 2654 2
338 2603 365 2655 et
381 2597 398 2656 5
413 2613 480 2676 cop.
497 2598 535 2655 l5
551 2603 656 2680 quoesl.
672 2597 702 2656 2.

156 2679 186 2752 5)
209 2681 284 2738 Con.
300 2677 394 2754 5oa't.,
412 2695 436 2738 t.
453 2679 471 2737 5
488 2675 524 2738 de
536 2675 649 2761 Sepolt.
665 2677 697 2738 in
710 2679 741 2739 6.

143 2757 187 2840 (1)
211 2762 285 2842 Cap.
297 2755 353 2820 att.
371 2755 433 2820 eod.
449 2760 482 2819 in
494 2761 524 2819 6.

141 2841 186 2921 (5)
209 2843 281 2922 Cap.
299 2845 317 2902 t
332 2839 367 2902 da
380 2837 494 2938 Sepult.
511 2844 611 2920 Neque
628 2841 750 2902 cadaver
762 2842 875 2918 solum,
891 2841 943 2902 sed
958 2841 1046 2901 etiam
1058 2840 1171 2902 funeris

100 2924 299 2984 emolumenta
319 2941 446 3002 proprio
465 2924 592 2984 ecelesiae
611 2923 791 2984 restituenda
808 2931 887 2984 suut.
904 2923 939 2985 ld
958 2929 1056 2984 autem
1075 2923 1171 2983 locum

100 3005 191 3066 habet
214 3007 275 3065 sive
297 3005 399 3065 alienae
421 3007 552 3083 paroeoiae
567 3004 716 3066 hominem
735 3005 801 3084 quis
822 3005 853 3066 in
873 3023 924 3065 sua
944 3005 1062 3066 eeclesia
1086 3023 1170 3084 sepe-

98 3088 213 3164 liverit,
234 3088 295 3147 sive
315 3087 402 3148 etiam
424 3087 573 3147 hominem
595 3088 727 3166 paroeale
745 3105 822 3162 suo,
847 3088 898 3166 qui
916 3086 972 3148 eibi
993 3087 1025 3147 in
1043 3086 1100 3148 ulia
1120 3105 1169 3147 ec-

99 3169 186 3230 elesia
211 3169 390 3248 sepulturum
418 3169 516 3250 elegit.
539 3169 655 3230 Videris
677 3168 829 3232 Giraldum
853 3187 953 3250 expos.
979 3172 1053 3232 lor.
1076 3171 1166 3231 Poot.

95 3271 169 3334 por.
189 3253 201 3311 1
220 3247 269 3312 to.
284 3253 302 3312 5
317 3251 424 3313 deerat.
436 3259 505 3312 rect.
522 3253 582 3312 187
593 3269 666 3334 pop.
683 3253 754 3312 519.

148 3377 179 3481 §.
209 3379 267 3451 Vl.
296 3380 381 3453 Cum
414 3379 548 3452 cadaver
579 3399 667 3452 extra
699 3383 871 3478 paroeciam
896 3379 1075 3478 sepelitur,
1106 3407 1168 3451 an-

97 3497 231 3578 tequam
259 3478 357 3551 domo
380 3478 558 3570 educatur,
588 3507 606 3550 a
639 3481 782 3578 parocho
806 3478 1066 3552 benedicendum
1091 3495 1164 3568 est,

96 3605 203 3676 eoque
229 3579 347 3648 comite
379 3575 421 3648 ed
453 3577 638 3675 sepulcrum
667 3575 893 3649 deferendum.
927 3577 1005 3648 Haec
1032 3575 1166 3673 quidem

96 3674 298 3748 consuetudo
329 3689 401 3768 est,
462 3701 512 3748 uae
543 3676 665 3774 ubique
701 3677 735 3746 in
760 3675 848 3746 ltalia
889 3677 992 3770 riget3
1032 3673 1089 3744 sed
1130 3677 1165 3744 in

96 3774 345 3844 ultramontanis
389 3703 583 3872 quilrurdam
624 3773 808 3868 regionibus
851 3775 996 3870 exequiae
1039 3774 1074 3842 in
1110 3797 1165 3868 pa-

95 3874 194 3944 roeoia
216 3871 439 3964 celebrantur,
469 3871 557 3971 quod
576 3874 631 3971 jus
653 3869 862 3944 decretalium
884 3871 960 3968 est(
984 3869 1013 3967 ).

137 4017 179 4101 (1)
201 4018 307 4080 crater
319 4021 494 4100 interpretes
509 4019 546 4082 ad
559 4037 624 4103 top.
642 4021 660 4082 9
674 4017 710 4084 oa
721 4015 872 4101 Sepoltur.
1018 4097 1065 4167 28

196 4125 273 4171 τοι.
302 4126 324 4171 r.
