3100 5182
793 439 1013 509 -150-

367 604 493 686 potest,
525 587 617 659 sacrle
647 585 858 682 intelligitur,
891 589 925 656 in
954 587 1050 657 rebus
1078 586 1293 657 ecclesiasticis
1322 586 1434 684 appel-

234 715 237 722 ’
269 746 270 750 ,
365 687 501 757 landum
542 686 676 758 demum
713 711 779 757 esse
800 711 977 756 ¹summum
1013 682 1227 773 Pontificem,
1297 685 1330 753 ui
1365 709 1435 755 om·

365 788 458 855 nium
480 800 527 854 est
546 787 715 882 princeps,
741 799 775 854 et
794 785 885 882 cujus
899 782 1060 882 judicium
1078 782 1137 854 soli
1158 783 1228 852 Dec
1247 711 1430 880 stilijicitur.

366 881 465 968 Quod
488 885 513 952 si
541 885 575 954 in
609 881 704 953 rebus
734 882 880 954 civilibus
915 907 1041 977 semper
1069 896 1231 976 postremo
1258 879 1434 978 appellatio

365 981 507 1050 adeum
539 982 660 1070 fertur,
694 1006 793 1076 penes
823 1005 921 1078 quem
949 995 998 1050 est
1026 1005 1155 1050 summa
1179 1005 1293 1049 earum
1321 1005 1434 1048 rerum

366 1095 523 1176 potestas,
551 1107 609 1150 cur
633 1103 702 1150 non
723 1081 820 1149 etiam
845 1081 879 1148 iu
908 1077 1004 1148 rebus
1030 1077 1247 1149 ecclesiasticis
1267 1092 1433 1172 postrema

365 1177 436 1249 bssaec
468 1177 641 1276 appellatio
674 1176 804 1247 dabitur
839 1176 880 1246 ad
917 1201 1082 1246 summum
1120 1172 1332 1264 Pontificem,
1375 1177 1435 1270 qui

365 1291 532 1373 tamquam
563 1278 733 1373 princeps,
764 1291 798 1344 et
824 1291 922 1372 caput
949 1273 1088 1346 ecclesiae
1127 1299 1288 1344 summam
1321 1275 1356 1342 in
1383 1271 1435 1342 bis

366 1373 461 1445 rebus
483 1391 676 1471 potestatem
702 1373 820 1444 habere
847 1372 968 1444 debeti'

404 1569 445 1649 (l)
467 1571 555 1632 initio
573 1570 697 1632 Romani
716 1569 885 1642 Pontifices,
910 1571 953 1630 uti
968 1569 1199 1629 demonstratum
1220 1585 1306 1644 supra
1334 1573 1377 1626 est
1401 1567 1434 1626 in

361 1648 522 1733 prolegom.
545 1671 610 1733 cup.
637 1655 655 1712 5
679 1651 705 1734 §.
729 1653 768 1712 ts
789 1660 851 1712 not.
871 1653 889 1711 2
912 1660 940 1712 et
961 1653 993 1728 5,
1011 1649 1159 1731 generales
1181 1649 1259 1729 leges
1280 1655 1312 1708 ul
1337 1649 1435 1726 pluri-

363 1753 446 1794 mum
466 1735 497 1794 in
517 1735 640 1794 concilio
658 1735 746 1794 edere
768 1733 915 1809 solebant,
939 1735 991 1796 sed
1014 1751 1090 1811 sepe
1110 1733 1198 1792 ctiam
1220 1729 1357 1790 mandata
1379 1748 1434 1790 sua

364 1814 652 1893 comprehendebant
665 1815 784 1890 litteris,
804 1814 911 1893 quibus
924 1833 1025 1876 omnes
1040 1832 1142 1893 parere
1158 1813 1346 1894 cogebantur.
1364 1812 1436 1872 Plu-

364 1915 411 1956 res
435 1905 504 1956 sunt
530 1895 695 1975 hujusmodi
715 1897 821 1956 littere
839 1897 1013 1972 decretales,
1039 1905 1126 1974 atque
1143 1915 1179 1956 ex
1200 1897 1250 1972 iis,
1278 1903 1311 1955 ut
1330 1912 1435 1954 omnes

364 1987 489 2053 norunt,
505 1996 572 2055 pars
589 1995 693 2058 magna
710 1979 839 2040 canonici
855 1979 931 2058 juris
948 1977 1112 2041 conficitur.
1130 1977 1286 2056 Dionysius
1302 1977 1434 2057 Exiguus

364 2059 416 2120 has
437 2059 596 2121 decretales
616 2061 730 2139 primus
748 2061 863 2141 collegit
888 2069 1004 2140 sumpto
1027 2061 1145 2122 initioa
1167 2059 1288 2134 Siricic,
1310 2059 1362 2120 sed
1389 2067 1435 2118 ta·

363 2159 432 2202 rnen
455 2150 569 2204 certum
592 2152 652 2214 est,
689 2143 727 2204 ab
749 2143 963 2221 antiquioribus
991 2161 1108 2221 quoque
1134 2139 1323 2204 Pontificibus
1351 2138 1436 2201 datas

362 2225 453 2284 fuisse
472 2224 581 2284 similes
593 2224 720 2300 litteras,
735 2245 801 2303 que
815 2232 928 2286 exstant
940 2225 1019 2304 apud
1030 2225 1230 2286 coustantium
1241 2219 1357 2304 epistol.
1370 2223 1435 2284 Rc-

363 2325 445 2366 rncn.
475 2303 616 2388 Pontific.
640 2310 725 2368 Certe
745 2309 806 2386 ipsc
830 2307 950 2370 Siricius
972 2306 1057 2389 epist.
1078 2311 1091 2366 l
1115 2305 1156 2368 cd
1176 2305 1291 2367 Himcr.
1323 2307 1436 2364 Tarra·

363 2405 465 2448 conen.
489 2407 556 2469 cap.
581 2390 600 2448 2
625 2386 680 2449 col.
704 2389 763 2450 ort
783 2387 867 2471 apud
894 2389 1102 2450 Constantium
1120 2385 1176 2450 loc.
1202 2385 1265 2464 cit,
1288 2395 1435 2446 memorat

362 2469 457 2530 inissa
481 2467 521 2530 cd
538 2469 710 2551 provincias
728 2492 749 2531 c
769 2468 945 2532 venerandae
964 2469 1113 2532 rnamcnc
1133 2468 1343 2554 predecessore
1366 2486 1436 2529 mco

362 2547 480 2611 Liberio
500 2548 654 2633 porcarella
679 2550 806 2614 decretu.
838 2556 933 2631 Atque
959 2553 1008 2612 illa
1032 2553 1129 2615 Siricii
1156 2551 1276 2630 epistola
1303 2549 1339 2610 nd
1373 2549 1436 2610 Hi-

362 2631 504 2709 rnert'nm,
520 2652 577 2712 qua
597 2633 758 2696 sacerdotes
775 2642 805 2697 et
819 2633 933 2695 diaconi
944 2633 1017 2712 jussi
1042 2643 1110 2695 sunt
1135 2633 1281 2694 abstinere
1295 2632 1333 2692 ab
1357 2649 1436 2692 uxo-

362 2713 462 2790 ribus,
490 2723 651 2794 quassante
671 2735 767 2780 sacros
790 2717 909 2777 ordines
933 2715 1093 2792 duxerant,
1116 2723 1188 2795 quot
1211 2717 1241 2775 in
1268 2713 1433 2793 Hispaniis,

365 2798 406 2856 uti
423 2797 558 2858 observat
571 2797 727 2860 Biancbius
740 2795 818 2861 della
836 2802 952 2881 potertd
967 2793 1108 2881 epolizic
1124 2795 1203 2860 dello
1221 2794 1326 2858 Cbicsc
1344 2792 1396 2856 lib.
1415 2799 1436 2857 2

363 2897 428 2960 ecp.
448 2881 466 2940 5
481 2877 508 2958 §.
529 2881 547 2940 5
567 2887 637 2940 torn.
654 2883 673 2940 t
691 2900 764 2963 pag.
786 2883 846 2942 tte
863 2889 893 2942 ct
905 2899 982 2964 aeq„
1005 2879 1106 2942 turbas
1122 2881 1248 2941 excitare
1265 2877 1435 2954 debuisset,

364 2960 442 3036 quod
466 2960 623 3020 tollebatur
648 2972 730 3022 vetus
754 2963 932 3024 consuetudo
959 2981 1060 3024 carum
1084 2964 1256 3044 regionum,
1294 2969 1324 3020 ct
1352 2959 1435 3021 civili

363 3040 531 3118 reipublicae
555 3041 654 3102 damni
680 3043 791 3122 aliquid
814 3044 917 3104 inferri
944 3043 1119 3106 ridebatur?
1142 3049 1177 3106 Et
1204 3052 1301 3104 nmen
1329 3060 1437 3103 omnes

364 3122 524 3183 Pontificio
544 3123 554 3181 l
593 3123 601 3181 i
621 3133 802 3200 paruerunt,
817 3144 851 3185 ac
862 3127 958 3188 siricii
970 3145 1118 3188 successor
1131 3126 1342 3188 innocentiusl
1356 3141 1436 3184 eam-

363 3203 432 3264 dem
445 3205 571 3284 legemo
623 3207 701 3268 rvari
718 3207 750 3267 in
767 3207 867 3271 Galliis
887 3208 979 3270 voluit
994 3209 1069 3270 datis
1080 3210 1187 3270 litteris
1204 3208 1243 3270 ad
1258 3207 1436 3268 victricium

363 3284 643 3368 Rotbomagensem,
670 3297 700 3350 et
723 3291 900 3370 Exuperium
925 3289 1100 3352 Tolosanum
1122 3291 1201 3370 npud
1228 3291 1437 3352 coustantium

311 3399 314 3409 ·
345 3365 420 3438 ,loc
444 3368 507 3445 cit,
533 3365 586 3430 col.
612 3370 671 3430 lib
689 3389 749 3454 sep.
774 3380 802 3432 et
821 3369 874 3433 col.
899 3373 958 3432 789
979 3390 1039 3469 req.
1057 3371 1191 3436 Dubitari
1210 3389 1279 3432 vero
1295 3389 1355 3432 non
1378 3389 1437 3450 po-

305 3483 312 3492 ·
366 3457 438 3525 test,
460 3452 532 3528 quin
546 3451 594 3512 hae
616 3451 722 3514 littere
741 3453 802 3515 rim
815 3454 887 3535 legis
899 3453 1073 3526 babuerrnt‚
1097 3456 1141 3516 uti
1158 3453 1286 3516 ostendit
1303 3452 1434 3528 sanmio,

363 3549 414 3591 scu
432 3549 517 3610 poenn
539 3533 693 3596 constituta
711 3536 742 3596 in
756 3555 823 3613 cos,
839 3537 889 3615 qui
910 3535 956 3596 his
975 3536 1089 3618 legibus
1101 3555 1161 3598 non
1179 3537 1433 3613 obtemperarent.

364 3617 428 3689 Qua
441 3613 542 3676 endem
564 3617 712 3678 sanctione
726 3621 848 3682 munitm
858 3627 927 3680 sunt
942 3617 1048 3680 littere
1061 3629 1225 3680 ceterorum
1237 3615 1435 3692 Pontificum,

364 3695 409 3756 nti
430 3704 508 3774 patet
530 3715 566 3758 cx
589 3699 704 3764 zosimo
725 3700 810 3782 epr'rt.
838 3703 856 3762 9
881 3698 922 3762 cd
946 3699 1073 3784 Hesyclt.
1101 3697 1248 3776 selonitr
1275 3699 1439 3762 celestino

365 3777 449 3859 epist.
471 3780 591 3841 dnum.
612 3781 645 3858 5,
666 3783 744 3860 apud
763 3784 962 3846 Constantium
982 3781 1037 3844 loc.
1060 3783 1109 3844 cit.
1131 3781 1187 3844 ccl.
1208 3784 1268 3844 970
1286 3791 1314 3842 et
1334 3783 1439 3858 tort,-

331 3917 333 3922 .
365 3861 459 3922 Leone
479 3865 521 3924 Μ.
544 3860 630 3943 epist.
656 3865 676 3923 b
699 3881 766 3946 cop.
796 3867 899 3947 bopp.
924 3873 993 3926 tom.
1015 3868 1029 3926 l
1053 3859 1108 3926 c'ol.
1137 3867 1211 3942 ott,
1236 3861 1441 3928 edithllc-

364 3941 439 4002 rr'nii
460 3945 559 4006 Venet.
584 3945 678 4020 tros,
704 3945 825 4026 aliisque
853 3946 1063 4026 compluribus,
1090 3965 1163 4026 quos
1186 3947 1364 4020 omittimus,
1396 3967 1442 4011 ne

364 4021 509 4106 longiores
532 4027 635 4090 simus.
659 4027 763 4089 Confer
782 4031 943 4092 zaccarinm
962 4027 1180 4090 anti-Febronio
1196 4049 1266 4113 pur.
1289 4029 1308 4088 2
1332 4026 1384 4093 lib.
1418 4035 1441 4092 2
