<?xml version="1.0" encoding="UTF-8"?>
<!DOCTYPE html PUBLIC "-//W3C//DTD XHTML 1.0 Transitional//EN"
    "http://www.w3.org/TR/xhtml1/DTD/xhtml1-transitional.dtd">
<html xmlns="http://www.w3.org/1999/xhtml" xml:lang="en" lang="en">
 <head>
  <title>
</title>
<meta http-equiv="Content-Type" content="text/html;charset=utf-8" />
  <meta name='ocr-system' content='tesseract 3.04.00' />
  <meta name='ocr-capabilities' content='ocr_page ocr_carea ocr_par ocr_line ocrx_word'/>
</head>
<body>
  <div class='ocr_page' id='page_1' title='image "./institutionumca00devogoog_0089.png"; bbox 0 0 3122 5178; ppageno 0'>
   <div class='ocr_carea' id='block_1_1' title="bbox 801 290 995 360">
    <p class='ocr_par' dir='ltr' id='par_1_1' title="bbox 801 290 995 360">
     <span class='ocr_line' id='line_1_1' title="bbox 801 290 995 360; baseline -0.005 -14"><span class='ocrx_word' id='word_1_1' title='bbox 801 290 995 360; x_wconf 74' lang='grc'>..84-</span> 
     </span>
    </p>
   </div>
   <div class='ocr_carea' id='block_1_2' title="bbox 231 435 1530 3865">
    <p class='ocr_par' dir='ltr' id='par_1_2' title="bbox 363 435 1530 538">
     <span class='ocr_line' id='line_1_2' title="bbox 363 435 1530 538; baseline -0.001 -25"><span class='ocrx_word' id='word_1_2' title='bbox 363 445 463 516; x_wconf 88' lang='lat' dir='ltr'>rensis</span> <span class='ocrx_word' id='word_1_3' title='bbox 483 457 516 514; x_wconf 90' lang='lat' dir='ltr'>et</span> <span class='ocrx_word' id='word_1_4' title='bbox 535 437 689 512; x_wconf 83' lang='lat' dir='ltr'>Richardi</span> <span class='ocrx_word' id='word_1_5' title='bbox 709 437 750 511; x_wconf 90' lang='lat' dir='ltr'>dc</span> <span class='ocrx_word' id='word_1_6' title='bbox 770 438 882 530; x_wconf 90' lang='lat' dir='ltr'>Senis,</span> <span class='ocrx_word' id='word_1_7' title='bbox 901 441 958 538; x_wconf 93' lang='lat' dir='ltr'>qui</span> <span class='ocrx_word' id='word_1_8' title='bbox 979 463 1091 510; x_wconf 87' lang='lat' dir='ltr'>omnes</span> <span class='ocrx_word' id='word_1_9' title='bbox 1108 455 1217 536; x_wconf 89' lang='lat' dir='ltr'>postea</span> <span class='ocrx_word' id='word_1_10' title='bbox 1242 435 1422 509; x_wconf 76' lang='lat' dir='ltr'><strong>cardinales</strong></span> <span class='ocrx_word' id='word_1_11' title='bbox 1529 453 1530 512; x_wconf 67' lang='lat' dir='ltr'>l</span> 
     </span>
    </p>

    <p class='ocr_par' dir='ltr' id='par_1_3' title="bbox 231 531 1530 634">
     <span class='ocr_line' id='line_1_3' title="bbox 231 531 1422 634; baseline -0.004 -24"><span class='ocrx_word' id='word_1_12' title='bbox 231 531 234 538; x_wconf 39' lang='lat'><strong><em>¹</em></strong></span> <span class='ocrx_word' id='word_1_13' title='bbox 362 541 437 612; x_wconf 86' lang='lat' dir='ltr'>sacti</span> <span class='ocrx_word' id='word_1_14' title='bbox 461 556 557 630; x_wconf 88' lang='lat' dir='ltr'>sunt,</span> <span class='ocrx_word' id='word_1_15' title='bbox 592 539 722 634; x_wconf 74' lang='lat' dir='ltr'>collegit</span> <span class='ocrx_word' id='word_1_16' title='bbox 752 563 889 611; x_wconf 78' lang='lat' dir='ltr'>canones</span> <span class='ocrx_word' id='word_1_17' title='bbox 917 537 1058 610; x_wconf 90' lang='lat' dir='ltr'>ducrum</span> <span class='ocrx_word' id='word_1_18' title='bbox 1088 536 1286 632; x_wconf 78' lang='lat' dir='ltr'><strong>generalium</strong></span> <span class='ocrx_word' id='word_1_19' title='bbox 1308 537 1422 607; x_wconf 90' lang='lat' dir='ltr'>conoi-</span> 
     </span>
    </p>

    <p class='ocr_par' dir='ltr' id='par_1_4' title="bbox 361 633 1530 737">
     <span class='ocr_line' id='line_1_4' title="bbox 361 633 1530 737; baseline -0.003 -29"><span class='ocrx_word' id='word_1_20' title='bbox 361 639 480 708; x_wconf 92' lang='lat' dir='ltr'>liorum</span> <span class='ocrx_word' id='word_1_21' title='bbox 508 636 774 737; x_wconf 82' lang='lat' dir='ltr'>Lugdunensium</span> <span class='ocrx_word' id='word_1_22' title='bbox 810 653 842 708; x_wconf 93' lang='lat' dir='ltr'>et</span> <span class='ocrx_word' id='word_1_23' title='bbox 874 634 1048 707; x_wconf 78' lang='lat' dir='ltr'>decretales</span> <span class='ocrx_word' id='word_1_24' title='bbox 1076 634 1274 706; x_wconf 87' lang='lat' dir='ltr'>Pontificum</span> <span class='ocrx_word' id='word_1_25' title='bbox 1305 633 1424 705; x_wconf 85' lang='lat' dir='ltr'>Rome·</span> <span class='ocrx_word' id='word_1_26' title='bbox 1529 663 1530 716; x_wconf 47' lang='grc' dir='ltr'><em>ἢ</em></span> 
     </span>
    </p>

    <p class='ocr_par' dir='ltr' id='par_1_5' title="bbox 351 731 1530 832">
     <span class='ocr_line' id='line_1_5' title="bbox 351 731 1530 832; baseline -0.002 -28"><span class='ocrx_word' id='word_1_27' title='bbox 351 742 502 826; x_wconf 84' lang='lat' dir='ltr'>norum,</span> <span class='ocrx_word' id='word_1_28' title='bbox 523 760 597 832; x_wconf 81' lang='lat' dir='ltr'>quae</span> <span class='ocrx_word' id='word_1_29' title='bbox 618 749 691 832; x_wconf 88' lang='lat' dir='ltr'>post</span> <span class='ocrx_word' id='word_1_30' title='bbox 714 733 834 805; x_wconf 89' lang='lat' dir='ltr'>editam</span> <span class='ocrx_word' id='word_1_31' title='bbox 857 733 1004 828; x_wconf 76' lang='lat' dir='ltr'>Gregorii</span> <span class='ocrx_word' id='word_1_32' title='bbox 1025 733 1082 806; x_wconf 94' lang='lat' dir='ltr'>IX</span> <span class='ocrx_word' id='word_1_33' title='bbox 1107 731 1331 806; x_wconf 81' lang='lat' dir='ltr'>collectionem</span> <span class='ocrx_word' id='word_1_34' title='bbox 1349 731 1425 802; x_wconf 82' lang='lat' dir='ltr'>lue-</span> <span class='ocrx_word' id='word_1_35' title='bbox 1529 751 1530 826; x_wconf 77' lang='lat' dir='ltr'><strong>j</strong></span> 
     </span>
    </p>

    <p class='ocr_par' dir='ltr' id='par_1_6' title="bbox 363 829 1530 928">
     <span class='ocr_line' id='line_1_6' title="bbox 363 829 1530 928; baseline -0.002 -26"><span class='ocrx_word' id='word_1_36' title='bbox 363 849 437 902; x_wconf 89' lang='lat' dir='ltr'>rant</span> <span class='ocrx_word' id='word_1_37' title='bbox 466 833 640 928; x_wconf 74' lang='lat' dir='ltr'>evulgatae,</span> <span class='ocrx_word' id='word_1_38' title='bbox 675 847 773 928; x_wconf 91' lang='lat' dir='ltr'>atque</span> <span class='ocrx_word' id='word_1_39' title='bbox 804 835 929 922; x_wconf 84' lang='lat' dir='ltr'>exiis,</span> <span class='ocrx_word' id='word_1_40' title='bbox 967 833 1032 904; x_wconf 89' lang='lat' dir='ltr'>suis</span> <span class='ocrx_word' id='word_1_41' title='bbox 1055 833 1152 904; x_wconf 90' lang='lat' dir='ltr'>etiam</span> <span class='ocrx_word' id='word_1_42' title='bbox 1183 829 1426 927; x_wconf 80' lang='lat' dir='ltr'>comprehensis</span> <span class='ocrx_word' id='word_1_43' title='bbox 1529 835 1530 916; x_wconf 68' lang='grc' dir='ltr'>ξ</span> 
     </span>
    </p>

    <p class='ocr_par' dir='ltr' id='par_1_7' title="bbox 363 925 1530 1020">
     <span class='ocr_line' id='line_1_7' title="bbox 363 925 1530 1020; baseline 0 -16"><span class='ocrx_word' id='word_1_44' title='bbox 363 928 665 1020; x_wconf 69' lang='lat' dir='ltr'>constitutionibus,</span> <span class='ocrx_word' id='word_1_45' title='bbox 699 930 837 1002; x_wconf 85' lang='lat' dir='ltr'>confecit</span> <span class='ocrx_word' id='word_1_46' title='bbox 868 942 1007 1003; x_wconf 68' lang='lat' dir='ltr'>motum</span> <span class='ocrx_word' id='word_1_47' title='bbox 1043 930 1282 1002; x_wconf 67' lang='lat' dir='ltr'>dammum.</span> <span class='ocrx_word' id='word_1_48' title='bbox 1315 925 1427 1012; x_wconf 83' lang='lat' dir='ltr'>Quare</span> <span class='ocrx_word' id='word_1_49' title='bbox 1529 965 1530 1004; x_wconf 86' lang='lat'>3</span> 
     </span>
    </p>

    <p class='ocr_par' dir='ltr' id='par_1_8' title="bbox 364 1024 1530 1224">
     <span class='ocr_line' id='line_1_8' title="bbox 364 1024 1530 1126; baseline -0.004 -28"><span class='ocrx_word' id='word_1_50' title='bbox 364 1028 436 1100; x_wconf 83' lang='lat' dir='ltr'>haec</span> <span class='ocrx_word' id='word_1_51' title='bbox 459 1027 607 1100; x_wconf 89' lang='lat' dir='ltr'>collectio</span> <span class='ocrx_word' id='word_1_52' title='bbox 633 1027 838 1123; x_wconf 78' lang='lat' dir='ltr'>Gregorian&#39;e</span> <span class='ocrx_word' id='word_1_53' title='bbox 866 1043 914 1098; x_wconf 89' lang='lat' dir='ltr'>est</span> <span class='ocrx_word' id='word_1_54' title='bbox 932 1054 993 1126; x_wconf 91' lang='lat' dir='ltr'>sup</span> <span class='ocrx_word' id='word_1_55' title='bbox 1017 1026 1150 1099; x_wconf 89' lang='lat' dir='ltr'>lementi</span> <span class='ocrx_word' id='word_1_56' title='bbox 1171 1024 1262 1115; x_wconf 89' lang='lat' dir='ltr'>loeo,</span> <span class='ocrx_word' id='word_1_57' title='bbox 1284 1052 1319 1097; x_wconf 87' lang='lat' dir='ltr'>aa</span> <span class='ocrx_word' id='word_1_58' title='bbox 1345 1027 1428 1096; x_wconf 89' lang='lat' dir='ltr'>toti·</span> <span class='ocrx_word' id='word_1_59' title='bbox 1529 1109 1530 1116; x_wconf 6' lang='grc' dir='ltr'>ἵ</span> 
     </span>
     <span class='ocr_line' id='line_1_9' title="bbox 365 1055 1428 1224; baseline -0.003 -28"><span class='ocrx_word' id='word_1_60' title='bbox 365 1125 462 1216; x_wconf 89' lang='lat' dir='ltr'>dem,</span> <span class='ocrx_word' id='word_1_61' title='bbox 487 1143 568 1224; x_wconf 89' lang='lat' dir='ltr'>quot</span> <span class='ocrx_word' id='word_1_62' title='bbox 605 1153 661 1216; x_wconf 86' lang='lat' dir='ltr'>ea,</span> <span class='ocrx_word' id='word_1_63' title='bbox 696 1126 785 1197; x_wconf 90' lang='lat' dir='ltr'>libris</span> <span class='ocrx_word' id='word_1_64' title='bbox 817 1141 953 1198; x_wconf 86' lang='lat' dir='ltr'>constat.</span> <span class='ocrx_word' id='word_1_65' title='bbox 993 1055 1073 1221; x_wconf 79' lang='lat' dir='ltr'>ij</span> <span class='ocrx_word' id='word_1_66' title='bbox 1106 1127 1212 1223; x_wconf 89' lang='lat' dir='ltr'>capita</span> <span class='ocrx_word' id='word_1_67' title='bbox 1248 1149 1321 1195; x_wconf 90' lang='lat' dir='ltr'>cum</span> <span class='ocrx_word' id='word_1_68' title='bbox 1351 1122 1428 1194; x_wconf 86' lang='lat' dir='ltr'>lau-</span> 
     </span>
    </p>

    <p class='ocr_par' dir='ltr' id='par_1_9' title="bbox 366 1220 1530 1320">
     <span class='ocr_line' id='line_1_10' title="bbox 366 1220 1530 1320; baseline -0.003 -27"><span class='ocrx_word' id='word_1_69' title='bbox 366 1225 502 1314; x_wconf 89' lang='lat' dir='ltr'>dantur,</span> <span class='ocrx_word' id='word_1_70' title='bbox 533 1228 567 1296; x_wconf 92' lang='lat' dir='ltr'>in</span> <span class='ocrx_word' id='word_1_71' title='bbox 591 1221 659 1296; x_wconf 86' lang='lat' dir='ltr'>fine</span> <span class='ocrx_word' id='word_1_72' title='bbox 691 1223 822 1296; x_wconf 87' lang='lat' dir='ltr'>additur</span> <span class='ocrx_word' id='word_1_73' title='bbox 844 1229 885 1296; x_wconf 72' lang='grc' dir='ltr'>ἐπ</span> <span class='ocrx_word' id='word_1_74' title='bbox 909 1236 1021 1315; x_wconf 79' lang='lat' dir='ltr'>secto,</span> <span class='ocrx_word' id='word_1_75' title='bbox 1049 1239 1087 1295; x_wconf 94' lang='lat' dir='ltr'>ut</span> <span class='ocrx_word' id='word_1_76' title='bbox 1119 1250 1139 1294; x_wconf 88' lang='lat' dir='ltr'>a</span> <span class='ocrx_word' id='word_1_77' title='bbox 1164 1222 1320 1320; x_wconf 85' lang='lat' dir='ltr'>capitibus</span> <span class='ocrx_word' id='word_1_78' title='bbox 1347 1220 1429 1292; x_wconf 89' lang='lat' dir='ltr'>Gre·</span> <span class='ocrx_word' id='word_1_79' title='bbox 1529 1229 1530 1306; x_wconf 63' lang='lat' dir='ltr'><strong>f</strong></span> 
     </span>
    </p>

    <p class='ocr_par' dir='ltr' id='par_1_10' title="bbox 273 1319 1530 1426">
     <span class='ocr_line' id='line_1_11' title="bbox 273 1319 1530 1426; baseline -0.002 -31"><span class='ocrx_word' id='word_1_80' title='bbox 273 1341 279 1352; x_wconf 83' lang='grc'><em>“</em></span> <span class='ocrx_word' id='word_1_81' title='bbox 365 1324 507 1417; x_wconf 81' lang='lat' dir='ltr'>gorianae</span> <span class='ocrx_word' id='word_1_82' title='bbox 547 1321 743 1394; x_wconf 87' lang='lat' dir='ltr'>collectionis</span> <span class='ocrx_word' id='word_1_83' title='bbox 782 1321 1039 1418; x_wconf 81' lang='lat' dir='ltr'>distinguantur,</span> <span class='ocrx_word' id='word_1_84' title='bbox 1070 1320 1133 1394; x_wconf 91' lang='lat' dir='ltr'>hoc</span> <span class='ocrx_word' id='word_1_85' title='bbox 1176 1319 1297 1392; x_wconf 92' lang='lat' dir='ltr'>modo:</span> <span class='ocrx_word' id='word_1_86' title='bbox 1336 1319 1450 1417; x_wconf 83' lang='lat' dir='ltr'>Gop.&#39;</span> <span class='ocrx_word' id='word_1_87' title='bbox 1494 1340 1530 1426; x_wconf 49' lang='lat'>2,</span> 
     </span>
    </p>

    <p class='ocr_par' dir='ltr' id='par_1_11' title="bbox 365 1420 1530 1504">
     <span class='ocr_line' id='line_1_12' title="bbox 365 1420 1530 1504; baseline -0.005 -10"><span class='ocrx_word' id='word_1_88' title='bbox 365 1425 612 1494; x_wconf 71' lang='lat' dir='ltr'>concertationi</span> <span class='ocrx_word' id='word_1_89' title='bbox 624 1420 666 1492; x_wconf 83' lang='lat' dir='ltr'>de</span> <span class='ocrx_word' id='word_1_90' title='bbox 836 1427 902 1494; x_wconf 68' lang='grc' dir='ltr'>,ἐπ</span> <span class='ocrx_word' id='word_1_91' title='bbox 914 1421 950 1492; x_wconf 90' lang='grc'>6.</span> <span class='ocrx_word' id='word_1_92' title='bbox 1529 1427 1530 1504; x_wconf 34' lang='grc' dir='ltr'><strong>ζ</strong></span> 
     </span>
    </p>

    <p class='ocr_par' dir='ltr' id='par_1_12' title="bbox 414 1513 1530 1618">
     <span class='ocr_line' id='line_1_13' title="bbox 414 1513 1530 1618; baseline -0.004 -30"><span class='ocrx_word' id='word_1_93' title='bbox 414 1515 445 1618; x_wconf 74' lang='lat'>§.</span> <span class='ocrx_word' id='word_1_94' title='bbox 474 1515 683 1590; x_wconf 87' lang='lat' dir='ltr'>LXXXIX.</span> <span class='ocrx_word' id='word_1_95' title='bbox 740 1517 813 1588; x_wconf 92' lang='lat' dir='ltr'>aulo</span> <span class='ocrx_word' id='word_1_96' title='bbox 839 1536 911 1616; x_wconf 89' lang='lat' dir='ltr'>post</span> <span class='ocrx_word' id='word_1_97' title='bbox 937 1517 1140 1589; x_wconf 83' lang='lat' dir='ltr'>Bonilaoium</span> <span class='ocrx_word' id='word_1_98' title='bbox 1166 1515 1254 1588; x_wconf 84' lang='lat' dir='ltr'>VIII</span> <span class='ocrx_word' id='word_1_99' title='bbox 1277 1513 1430 1586; x_wconf 85' lang='lat' dir='ltr'>Clemens</span> <span class='ocrx_word' id='word_1_100' title='bbox 1529 1525 1530 1610; x_wconf 40' lang='grc' dir='ltr'><strong>ᾗ</strong></span> 
     </span>
    </p>

    <p class='ocr_par' dir='ltr' id='par_1_13' title="bbox 366 1610 1530 1712">
     <span class='ocr_line' id='line_1_14' title="bbox 366 1610 1530 1712; baseline -0.003 -28"><span class='ocrx_word' id='word_1_101' title='bbox 366 1615 410 1702; x_wconf 93' lang='lat' dir='ltr'>V,</span> <span class='ocrx_word' id='word_1_102' title='bbox 452 1618 509 1712; x_wconf 94' lang='lat' dir='ltr'>qui</span> <span class='ocrx_word' id='word_1_103' title='bbox 541 1615 693 1687; x_wconf 82' lang='lat' dir='ltr'>Pontifex</span> <span class='ocrx_word' id='word_1_104' title='bbox 728 1619 934 1688; x_wconf 78' lang='lat' dir='ltr'>renunciatus</span> <span class='ocrx_word' id='word_1_105' title='bbox 965 1632 1014 1686; x_wconf 88' lang='lat' dir='ltr'>est</span> <span class='ocrx_word' id='word_1_106' title='bbox 1046 1617 1139 1693; x_wconf 77' lang='lat' dir='ltr'>init&#39;to</span> <span class='ocrx_word' id='word_1_107' title='bbox 1173 1613 1283 1687; x_wconf 88' lang='lat' dir='ltr'>saeculi</span> <span class='ocrx_word' id='word_1_108' title='bbox 1324 1610 1429 1703; x_wconf 85' lang='lat' dir='ltr'>XIV,</span> <span class='ocrx_word' id='word_1_109' title='bbox 1529 1623 1530 1638; x_wconf 65' lang='lat'>¹</span> 
     </span>
    </p>

    <p class='ocr_par' dir='ltr' id='par_1_14' title="bbox 367 1708 1530 1810">
     <span class='ocr_line' id='line_1_15' title="bbox 367 1708 1530 1810; baseline -0.004 -26"><span class='ocrx_word' id='word_1_110' title='bbox 367 1712 592 1784; x_wconf 88' lang='lat' dir='ltr'>collectionem</span> <span class='ocrx_word' id='word_1_111' title='bbox 624 1708 695 1782; x_wconf 88' lang='lat' dir='ltr'>fieri</span> <span class='ocrx_word' id='word_1_112' title='bbox 726 1713 823 1809; x_wconf 88' lang='lat' dir='ltr'>jussit</span> <span class='ocrx_word' id='word_1_113' title='bbox 866 1711 1108 1810; x_wconf 81' lang='lat' dir='ltr'>quamplurium</span> <span class='ocrx_word' id='word_1_114' title='bbox 1139 1712 1428 1800; x_wconf 77' lang='lat' dir='ltr'>constitutionum,</span> <span class='ocrx_word' id='word_1_115' title='bbox 1529 1767 1530 1804; x_wconf 62' lang='lat'>,</span> 
     </span>
    </p>

    <p class='ocr_par' dir='ltr' id='par_1_15' title="bbox 367 1808 1530 2004">
     <span class='ocr_line' id='line_1_16' title="bbox 368 1808 1530 1908; baseline -0.003 -26"><span class='ocrx_word' id='word_1_116' title='bbox 368 1834 446 1908; x_wconf 90' lang='lat' dir='ltr'>quas</span> <span class='ocrx_word' id='word_1_117' title='bbox 482 1812 551 1906; x_wconf 93' lang='lat' dir='ltr'>ipse</span> <span class='ocrx_word' id='word_1_118' title='bbox 581 1811 732 1880; x_wconf 87' lang='lat' dir='ltr'>emiserat</span> <span class='ocrx_word' id='word_1_119' title='bbox 770 1811 804 1880; x_wconf 90' lang='lat' dir='ltr'>in</span> <span class='ocrx_word' id='word_1_120' title='bbox 842 1811 978 1883; x_wconf 90' lang='lat' dir='ltr'>concilio</span> <span class='ocrx_word' id='word_1_121' title='bbox 1016 1811 1205 1882; x_wconf 85' lang='lat' dir='ltr'>Viennensi.</span> <span class='ocrx_word' id='word_1_122' title='bbox 1251 1808 1317 1881; x_wconf 86' lang='lat' dir='ltr'>Sed</span> <span class='ocrx_word' id='word_1_123' title='bbox 1354 1827 1431 1879; x_wconf 91' lang='lat' dir='ltr'>cum</span> <span class='ocrx_word' id='word_1_124' title='bbox 1529 1825 1530 1830; x_wconf 76' lang='grc'>’</span> 
     </span>
     <span class='ocr_line' id='line_1_17' title="bbox 367 1909 1429 2004; baseline -0.004 -25"><span class='ocrx_word' id='word_1_125' title='bbox 367 1923 472 1980; x_wconf 90' lang='lat' dir='ltr'>morte</span> <span class='ocrx_word' id='word_1_126' title='bbox 499 1931 577 1979; x_wconf 78' lang='lat' dir='ltr'>crau</span> <span class='ocrx_word' id='word_1_127' title='bbox 601 1921 672 1977; x_wconf 89' lang='lat' dir='ltr'>atus</span> <span class='ocrx_word' id='word_1_128' title='bbox 704 1932 776 1978; x_wconf 88' lang='lat' dir='ltr'>eam</span> <span class='ocrx_word' id='word_1_129' title='bbox 818 1909 854 1978; x_wconf 95' lang='lat' dir='ltr'>in</span> <span class='ocrx_word' id='word_1_130' title='bbox 883 1911 998 2004; x_wconf 77' lang='lat' dir='ltr'>vulgus</span> <span class='ocrx_word' id='word_1_131' title='bbox 1031 1909 1127 1980; x_wconf 88' lang='lat' dir='ltr'>edere</span> <span class='ocrx_word' id='word_1_132' title='bbox 1161 1935 1229 1980; x_wconf 91' lang='lat' dir='ltr'>non</span> <span class='ocrx_word' id='word_1_133' title='bbox 1252 1909 1429 2004; x_wconf 89' lang='lat' dir='ltr'>potuisset,</span> 
     </span>
    </p>

    <p class='ocr_par' dir='ltr' id='par_1_16' title="bbox 314 1934 1530 2496">
     <span class='ocr_line' id='line_1_18' title="bbox 314 1934 1432 2104; baseline 0.001 -29"><span class='ocrx_word' id='word_1_134' title='bbox 314 2059 315 2064; x_wconf 19' lang='grc' dir='ltr'>η</span> <span class='ocrx_word' id='word_1_135' title='bbox 367 2007 402 2075; x_wconf 91' lang='lat' dir='ltr'>id</span> <span class='ocrx_word' id='word_1_136' title='bbox 422 2005 556 2102; x_wconf 82' lang='lat' dir='ltr'>perfecit</span> <span class='ocrx_word' id='word_1_137' title='bbox 570 1934 710 2076; x_wconf 64' lang='lat' dir='ltr'>litum</span> <span class='ocrx_word' id='word_1_138' title='bbox 733 2003 868 2097; x_wconf 87' lang='lat' dir='ltr'>XXII,</span> <span class='ocrx_word' id='word_1_139' title='bbox 896 2009 953 2104; x_wconf 94' lang='lat' dir='ltr'>qui</span> <span class='ocrx_word' id='word_1_140' title='bbox 978 2005 1069 2077; x_wconf 89' lang='lat' dir='ltr'>illam</span> <span class='ocrx_word' id='word_1_141' title='bbox 1096 2009 1131 2078; x_wconf 90' lang='lat' dir='ltr'>in</span> <span class='ocrx_word' id='word_1_142' title='bbox 1164 2009 1309 2104; x_wconf 90' lang='lat' dir='ltr'>quinque</span> <span class='ocrx_word' id='word_1_143' title='bbox 1332 2003 1432 2076; x_wconf 87' lang='lat' dir='ltr'>libros</span> 
     </span>
     <span class='ocr_line' id='line_1_19' title="bbox 368 2099 1434 2202; baseline 0 -30"><span class='ocrx_word' id='word_1_144' title='bbox 368 2103 501 2174; x_wconf 82' lang='lat' dir='ltr'>divisam</span> <span class='ocrx_word' id='word_1_145' title='bbox 546 2117 634 2174; x_wconf 90' lang='lat' dir='ltr'>sexto</span> <span class='ocrx_word' id='word_1_146' title='bbox 675 2102 885 2175; x_wconf 87' lang='lat' dir='ltr'>decretalium</span> <span class='ocrx_word' id='word_1_147' title='bbox 927 2104 1056 2202; x_wconf 87' lang='lat' dir='ltr'>adjecit.</span> <span class='ocrx_word' id='word_1_148' title='bbox 1103 2103 1322 2178; x_wconf 71' lang='lat' dir='ltr'>Clementiae</span> <span class='ocrx_word' id='word_1_149' title='bbox 1361 2099 1434 2174; x_wconf 88' lang='lat' dir='ltr'>haec</span> 
     </span>
     <span class='ocr_line' id='line_1_20' title="bbox 369 2197 1530 2297; baseline -0.003 -23"><span class='ocrx_word' id='word_1_150' title='bbox 369 2201 514 2274; x_wconf 90' lang='lat' dir='ltr'>collectio</span> <span class='ocrx_word' id='word_1_151' title='bbox 559 2199 742 2297; x_wconf 82' lang='lat' dir='ltr'>appelletur</span> <span class='ocrx_word' id='word_1_152' title='bbox 785 2201 825 2271; x_wconf 92' lang='lat' dir='ltr'>ab</span> <span class='ocrx_word' id='word_1_153' title='bbox 859 2217 989 2275; x_wconf 87' lang='lat' dir='ltr'>auctore</span> <span class='ocrx_word' id='word_1_154' title='bbox 1035 2227 1093 2274; x_wconf 90' lang='lat' dir='ltr'>suc</span> <span class='ocrx_word' id='word_1_155' title='bbox 1122 2201 1290 2274; x_wconf 88' lang='lat' dir='ltr'>Clemente</span> <span class='ocrx_word' id='word_1_156' title='bbox 1325 2197 1367 2288; x_wconf 86' lang='lat' dir='ltr'>V,</span> <span class='ocrx_word' id='word_1_157' title='bbox 1400 2217 1434 2270; x_wconf 91' lang='lat' dir='ltr'>et</span> <span class='ocrx_word' id='word_1_158' title='bbox 1529 2207 1530 2270; x_wconf 61' lang='lat' dir='ltr'><em>Q</em></span> 
     </span>
     <span class='ocr_line' id='line_1_21' title="bbox 369 2297 1530 2396; baseline 0 -28"><span class='ocrx_word' id='word_1_159' title='bbox 369 2301 614 2370; x_wconf 87' lang='lat' dir='ltr'>constitutiones</span> <span class='ocrx_word' id='word_1_160' title='bbox 650 2324 685 2368; x_wconf 88' lang='lat' dir='ltr'>ea</span> <span class='ocrx_word' id='word_1_161' title='bbox 716 2299 972 2396; x_wconf 35' lang='lat' dir='ltr'>,comprehensae</span> <span class='ocrx_word' id='word_1_162' title='bbox 1020 2303 1161 2371; x_wconf 88' lang='lat' dir='ltr'>citantur</span> <span class='ocrx_word' id='word_1_163' title='bbox 1208 2299 1269 2370; x_wconf 89' lang='lat' dir='ltr'>hoo</span> <span class='ocrx_word' id='word_1_164' title='bbox 1302 2297 1430 2370; x_wconf 91' lang='lat' dir='ltr'>modo:</span> <span class='ocrx_word' id='word_1_165' title='bbox 1529 2307 1530 2392; x_wconf 64' lang='lat' dir='ltr'>J</span> 
     </span>
     <span class='ocr_line' id='line_1_22' title="bbox 373 2393 1530 2496; baseline -0.003 -27"><span class='ocrx_word' id='word_1_166' title='bbox 373 2397 546 2484; x_wconf 74' lang='lat' dir='ltr'>clement,</span> <span class='ocrx_word' id='word_1_167' title='bbox 563 2401 653 2491; x_wconf 75' lang='lat' dir='ltr'>quio</span> <span class='ocrx_word' id='word_1_168' title='bbox 665 2401 856 2495; x_wconf 70' lang='lat' dir='ltr'>continqa&#39;t,</span> <span class='ocrx_word' id='word_1_169' title='bbox 871 2397 895 2467; x_wconf 66' lang='grc'>9</span> <span class='ocrx_word' id='word_1_170' title='bbox 902 2451 915 2485; x_wconf 86' lang='lat'>,</span> <span class='ocrx_word' id='word_1_171' title='bbox 931 2398 973 2470; x_wconf 83' lang='lat' dir='ltr'>de</span> <span class='ocrx_word' id='word_1_172' title='bbox 992 2399 1089 2496; x_wconf 60' lang='lat' dir='ltr'>calep.</span> <span class='ocrx_word' id='word_1_173' title='bbox 1106 2399 1234 2471; x_wconf 72' lang='lat' dir='ltr'>domic</span> <span class='ocrx_word' id='word_1_174' title='bbox 1529 2393 1530 2466; x_wconf 75' lang='lat' dir='ltr'>j</span> 
     </span>
    </p>

    <p class='ocr_par' dir='ltr' id='par_1_17' title="bbox 372 2489 1530 3865">
     <span class='ocr_line' id='line_1_23' title="bbox 420 2489 1433 2594; baseline 0.005 -30"><span class='ocrx_word' id='word_1_175' title='bbox 420 2493 450 2592; x_wconf 50' lang='grc' dir='ltr'>ς.</span> <span class='ocrx_word' id='word_1_176' title='bbox 478 2492 550 2564; x_wconf 90' lang='lat' dir='ltr'>XC.</span> <span class='ocrx_word' id='word_1_177' title='bbox 590 2495 669 2566; x_wconf 89' lang='lat' dir='ltr'>Post</span> <span class='ocrx_word' id='word_1_178' title='bbox 704 2489 921 2566; x_wconf 87' lang='lat' dir='ltr'>Clementinas</span> <span class='ocrx_word' id='word_1_179' title='bbox 960 2493 1110 2592; x_wconf 86' lang='lat' dir='ltr'>prodiere</span> <span class='ocrx_word' id='word_1_180' title='bbox 1146 2505 1433 2594; x_wconf 73' lang='lat' dir='ltr'>eatruocycaates,</span> 
     </span>
     <span class='ocr_line' id='line_1_24' title="bbox 372 2589 1530 2690; baseline 0.002 -30"><span class='ocrx_word' id='word_1_181' title='bbox 372 2615 446 2689; x_wconf 84' lang='lat' dir='ltr'>quae</span> <span class='ocrx_word' id='word_1_182' title='bbox 478 2589 539 2664; x_wconf 91' lang='lat' dir='ltr'>hoc</span> <span class='ocrx_word' id='word_1_183' title='bbox 577 2593 710 2665; x_wconf 91' lang='lat' dir='ltr'>nomine</span> <span class='ocrx_word' id='word_1_184' title='bbox 751 2591 920 2690; x_wconf 84' lang='lat' dir='ltr'>appellatae</span> <span class='ocrx_word' id='word_1_185' title='bbox 963 2609 1060 2683; x_wconf 90' lang='lat' dir='ltr'>sunt,</span> <span class='ocrx_word' id='word_1_186' title='bbox 1114 2596 1190 2690; x_wconf 86' lang='lat' dir='ltr'>quia</span> <span class='ocrx_word' id='word_1_187' title='bbox 1210 2658 1214 2667; x_wconf 23' lang='lat' dir='ltr'>x</span> <span class='ocrx_word' id='word_1_188' title='bbox 1238 2591 1438 2687; x_wconf 80' lang='lat' dir='ltr'>vagabantur</span> <span class='ocrx_word' id='word_1_189' title='bbox 1529 2655 1530 2682; x_wconf 58' lang='lat'>,</span> 
     </span>
     <span class='ocr_line' id='line_1_25' title="bbox 372 2687 1530 2787; baseline -0.001 -27"><span class='ocrx_word' id='word_1_190' title='bbox 372 2707 460 2760; x_wconf 81' lang='lat' dir='ltr'>extra</span> <span class='ocrx_word' id='word_1_191' title='bbox 497 2715 614 2787; x_wconf 89' lang='lat' dir='ltr'>corpus</span> <span class='ocrx_word' id='word_1_192' title='bbox 643 2690 729 2761; x_wconf 83' lang='lat' dir='ltr'>Iuris</span> <span class='ocrx_word' id='word_1_193' title='bbox 759 2693 925 2781; x_wconf 87' lang='lat' dir='ltr'>canonici,</span> <span class='ocrx_word' id='word_1_194' title='bbox 959 2707 1058 2786; x_wconf 90' lang='lat' dir='ltr'>atque</span> <span class='ocrx_word' id='word_1_195' title='bbox 1086 2707 1174 2762; x_wconf 84' lang='lat' dir='ltr'>extra</span> <span class='ocrx_word' id='word_1_196' title='bbox 1205 2688 1436 2778; x_wconf 81' lang='lat' dir='ltr'>collectiones,</span> <span class='ocrx_word' id='word_1_197' title='bbox 1529 2687 1530 2744; x_wconf 50' lang='lat' dir='ltr'>l</span> 
     </span>
     <span class='ocr_line' id='line_1_26' title="bbox 374 2787 1530 2885; baseline -0.003 -27"><span class='ocrx_word' id='word_1_198' title='bbox 374 2787 491 2884; x_wconf 87' lang='lat' dir='ltr'>quibus</span> <span class='ocrx_word' id='word_1_199' title='bbox 521 2803 602 2858; x_wconf 91' lang='lat' dir='ltr'>tunc</span> <span class='ocrx_word' id='word_1_200' title='bbox 629 2787 688 2858; x_wconf 87' lang='lat' dir='ltr'>Jus</span> <span class='ocrx_word' id='word_1_201' title='bbox 719 2789 826 2884; x_wconf 87' lang='lat' dir='ltr'>ipsum</span> <span class='ocrx_word' id='word_1_202' title='bbox 855 2787 1023 2861; x_wconf 82' lang='lat' dir='ltr'>constabat</span> <span class='ocrx_word' id='word_1_203' title='bbox 1053 2788 1119 2885; x_wconf 88' lang='lat' dir='ltr'>(l).</span> <span class='ocrx_word' id='word_1_204' title='bbox 1163 2787 1291 2884; x_wconf 88' lang='lat' dir='ltr'>Duplex</span> <span class='ocrx_word' id='word_1_205' title='bbox 1323 2813 1437 2856; x_wconf 90' lang='lat' dir='ltr'>earum</span> <span class='ocrx_word' id='word_1_206' title='bbox 1529 2813 1530 2854; x_wconf 62' lang='lat'>3</span> 
     </span>
     <span class='ocr_line' id='line_1_27' title="bbox 374 2883 1530 2979; baseline 0.001 -24"><span class='ocrx_word' id='word_1_207' title='bbox 374 2911 474 2979; x_wconf 83' lang='lat' dir='ltr'>genus</span> <span class='ocrx_word' id='word_1_208' title='bbox 514 2901 574 2955; x_wconf 89' lang='lat' dir='ltr'>est.</span> <span class='ocrx_word' id='word_1_209' title='bbox 621 2885 703 2956; x_wconf 78' lang='lat' dir='ltr'>Alioe</span> <span class='ocrx_word' id='word_1_210' title='bbox 742 2887 896 2956; x_wconf 90' lang='lat' dir='ltr'>nimirum</span> <span class='ocrx_word' id='word_1_211' title='bbox 928 2901 1005 2956; x_wconf 89' lang='lat' dir='ltr'>sunt</span> <span class='ocrx_word' id='word_1_212' title='bbox 1039 2886 1172 2958; x_wconf 81' lang='lat' dir='ltr'>Ioannis</span> <span class='ocrx_word' id='word_1_213' title='bbox 1207 2885 1335 2974; x_wconf 88' lang='lat' dir='ltr'>XXII,</span> <span class='ocrx_word' id='word_1_214' title='bbox 1366 2883 1439 2956; x_wconf 85' lang='lat' dir='ltr'>aliae</span> <span class='ocrx_word' id='word_1_215' title='bbox 1529 2895 1530 2956; x_wconf 81' lang='lat'><em>3</em></span> 
     </span>
     <span class='ocr_line' id='line_1_28' title="bbox 375 2980 1440 3080; baseline 0 -28"><span class='ocrx_word' id='word_1_216' title='bbox 375 3007 577 3074; x_wconf 89' lang='lat' dir='ltr'>communes</span> <span class='ocrx_word' id='word_1_217' title='bbox 592 2980 758 3072; x_wconf 90' lang='lat' dir='ltr'>dicuntur,</span> <span class='ocrx_word' id='word_1_218' title='bbox 784 2983 874 3079; x_wconf 91' lang='lat' dir='ltr'>quod</span> <span class='ocrx_word' id='word_1_219' title='bbox 898 3009 966 3056; x_wconf 91' lang='lat' dir='ltr'>non</span> <span class='ocrx_word' id='word_1_220' title='bbox 990 2986 1085 3056; x_wconf 91' lang='lat' dir='ltr'>unius</span> <span class='ocrx_word' id='word_1_221' title='bbox 1106 2983 1291 3072; x_wconf 88' lang='lat' dir='ltr'>Pontifiois,</span> <span class='ocrx_word' id='word_1_222' title='bbox 1324 3008 1440 3080; x_wconf 90' lang='lat' dir='ltr'>quem·</span> 
     </span>
     <span class='ocr_line' id='line_1_29' title="bbox 376 3078 1530 3174; baseline 0.002 -26"><span class='ocrx_word' id='word_1_223' title='bbox 376 3078 553 3152; x_wconf 89' lang='lat' dir='ltr'>admodum</span> <span class='ocrx_word' id='word_1_224' title='bbox 603 3094 842 3174; x_wconf 81' lang='lat' dir='ltr'>extravagantes</span> <span class='ocrx_word' id='word_1_225' title='bbox 894 3081 1026 3154; x_wconf 83' lang='lat' dir='ltr'>Ioannis</span> <span class='ocrx_word' id='word_1_226' title='bbox 1079 3080 1206 3170; x_wconf 88' lang='lat' dir='ltr'>XXII,</span> <span class='ocrx_word' id='word_1_227' title='bbox 1252 3080 1309 3154; x_wconf 90' lang='lat' dir='ltr'>sed</span> <span class='ocrx_word' id='word_1_228' title='bbox 1351 3105 1442 3151; x_wconf 91' lang='lat' dir='ltr'>com·</span> <span class='ocrx_word' id='word_1_229' title='bbox 1529 3103 1530 3170; x_wconf 75' lang='lat' dir='ltr'>j</span> 
     </span>
     <span class='ocr_line' id='line_1_30' title="bbox 376 3171 1530 3276; baseline 0.002 -30"><span class='ocrx_word' id='word_1_230' title='bbox 376 3177 521 3273; x_wconf 88' lang='lat' dir='ltr'>plurium</span> <span class='ocrx_word' id='word_1_231' title='bbox 541 3179 710 3248; x_wconf 92' lang='lat' dir='ltr'>continent</span> <span class='ocrx_word' id='word_1_232' title='bbox 736 3176 911 3251; x_wconf 85' lang='lat' dir='ltr'>decretales</span> <span class='ocrx_word' id='word_1_233' title='bbox 943 3177 985 3249; x_wconf 89' lang='lat' dir='ltr'>ab</span> <span class='ocrx_word' id='word_1_234' title='bbox 1012 3179 1145 3251; x_wconf 87' lang='lat' dir='ltr'>Urbano</span> <span class='ocrx_word' id='word_1_235' title='bbox 1171 3178 1220 3251; x_wconf 86' lang='lat' dir='ltr'>IV</span> <span class='ocrx_word' id='word_1_236' title='bbox 1250 3179 1303 3276; x_wconf 53' lang='grc' dir='ltr'>(ἢ)</span> <span class='ocrx_word' id='word_1_237' title='bbox 1335 3204 1442 3274; x_wconf 88' lang='lat' dir='ltr'>usque</span> <span class='ocrx_word' id='word_1_238' title='bbox 1529 3171 1530 3262; x_wconf 76' lang='lat' dir='ltr'>l</span> 
     </span>
     <span class='ocr_line' id='line_1_31' title="bbox 378 3273 1530 3374; baseline 0.001 -30"><span class='ocrx_word' id='word_1_239' title='bbox 378 3274 420 3344; x_wconf 92' lang='lat' dir='ltr'>ad</span> <span class='ocrx_word' id='word_1_240' title='bbox 448 3273 576 3344; x_wconf 85' lang='lat' dir='ltr'>Sixtum</span> <span class='ocrx_word' id='word_1_241' title='bbox 600 3273 663 3364; x_wconf 89' lang='lat' dir='ltr'>IV,</span> <span class='ocrx_word' id='word_1_242' title='bbox 679 3299 745 3372; x_wconf 91' lang='lat' dir='ltr'>quo</span> <span class='ocrx_word' id='word_1_243' title='bbox 770 3275 928 3349; x_wconf 90' lang='lat' dir='ltr'>Pontifice</span> <span class='ocrx_word' id='word_1_244' title='bbox 949 3276 1020 3352; x_wconf 80' lang='lat' dir='ltr'>haeo</span> <span class='ocrx_word' id='word_1_245' title='bbox 1049 3277 1194 3350; x_wconf 89' lang='lat' dir='ltr'>collectio</span> <span class='ocrx_word' id='word_1_246' title='bbox 1215 3281 1340 3374; x_wconf 82' lang='lat' dir='ltr'>privato</span> <span class='ocrx_word' id='word_1_247' title='bbox 1365 3293 1441 3346; x_wconf 92' lang='lat' dir='ltr'>stu·</span> <span class='ocrx_word' id='word_1_248' title='bbox 1529 3273 1530 3330; x_wconf 73' lang='lat' dir='ltr'>l</span> 
     </span>
     <span class='ocr_line' id='line_1_32' title="bbox 378 3371 1530 3469; baseline 0.003 -27"><span class='ocrx_word' id='word_1_249' title='bbox 378 3371 433 3445; x_wconf 90' lang='lat' dir='ltr'>dio</span> <span class='ocrx_word' id='word_1_250' title='bbox 459 3371 599 3469; x_wconf 85' lang='lat' dir='ltr'>perfecta</span> <span class='ocrx_word' id='word_1_251' title='bbox 616 3387 665 3444; x_wconf 90' lang='lat' dir='ltr'>est</span> <span class='ocrx_word' id='word_1_252' title='bbox 689 3372 758 3469; x_wconf 82' lang='grc'>(5).</span> <span class='ocrx_word' id='word_1_253' title='bbox 777 3374 823 3444; x_wconf 85' lang='lat' dir='ltr'>Ea</span> <span class='ocrx_word' id='word_1_254' title='bbox 838 3401 913 3447; x_wconf 81' lang='lat' dir='ltr'>vero</span> <span class='ocrx_word' id='word_1_255' title='bbox 929 3374 1083 3447; x_wconf 82' lang='lat' dir='ltr'>dividitur</span> <span class='ocrx_word' id='word_1_256' title='bbox 1109 3379 1145 3446; x_wconf 91' lang='lat' dir='ltr'>in</span> <span class='ocrx_word' id='word_1_257' title='bbox 1163 3375 1263 3448; x_wconf 89' lang='lat' dir='ltr'>libros</span> <span class='ocrx_word' id='word_1_258' title='bbox 1292 3374 1340 3464; x_wconf 85' lang='lat' dir='ltr'>V,</span> <span class='ocrx_word' id='word_1_259' title='bbox 1354 3375 1442 3445; x_wconf 87' lang='lat' dir='ltr'>sicut</span> <span class='ocrx_word' id='word_1_260' title='bbox 1529 3371 1530 3426; x_wconf 67' lang='lat'>3</span> 
     </span>
     <span class='ocr_line' id='line_1_33' title="bbox 380 3469 1530 3568; baseline 0.003 -28"><span class='ocrx_word' id='word_1_261' title='bbox 380 3469 575 3564; x_wconf 83' lang='lat' dir='ltr'>Gregoriana</span> <span class='ocrx_word' id='word_1_262' title='bbox 611 3487 644 3541; x_wconf 92' lang='lat' dir='ltr'>et</span> <span class='ocrx_word' id='word_1_263' title='bbox 675 3472 744 3568; x_wconf 88' lang='lat' dir='ltr'>ejus</span> <span class='ocrx_word' id='word_1_264' title='bbox 773 3471 842 3544; x_wconf 87' lang='lat' dir='ltr'>loca</span> <span class='ocrx_word' id='word_1_265' title='bbox 871 3476 916 3544; x_wconf 89' lang='lat' dir='ltr'>sie</span> <span class='ocrx_word' id='word_1_266' title='bbox 933 3473 1140 3544; x_wconf 80' lang='lat' dir='ltr'>¹laudantur:</span> <span class='ocrx_word' id='word_1_267' title='bbox 1174 3474 1326 3548; x_wconf 79' lang='lat' dir='ltr'>Eatrco.</span> <span class='ocrx_word' id='word_1_268' title='bbox 1358 3497 1443 3543; x_wconf 83' lang='lat' dir='ltr'>rem</span> <span class='ocrx_word' id='word_1_269' title='bbox 1529 3511 1530 3564; x_wconf 47' lang='lat' dir='ltr'>p</span> 
     </span>
     <span class='ocr_line' id='line_1_34' title="bbox 379 3568 1530 3654; baseline 0 -15"><span class='ocrx_word' id='word_1_270' title='bbox 379 3593 451 3640; x_wconf 78' lang='lat' dir='ltr'>aaa</span> <span class='ocrx_word' id='word_1_271' title='bbox 473 3593 600 3640; x_wconf 81' lang='lat' dir='ltr'>aevom</span> <span class='ocrx_word' id='word_1_272' title='bbox 627 3569 669 3641; x_wconf 84' lang='lat' dir='ltr'>de</span> <span class='ocrx_word' id='word_1_273' title='bbox 688 3568 756 3640; x_wconf 81' lang='lat' dir='ltr'>dcl.</span> <span class='ocrx_word' id='word_1_274' title='bbox 785 3584 1036 3644; x_wconf 71' lang='lat' dir='ltr'>occant-samoe.</span> <span class='ocrx_word' id='word_1_275' title='bbox 1068 3577 1164 3645; x_wconf 59' lang='grc' dir='ltr'>ἐπῶν</span> <span class='ocrx_word' id='word_1_276' title='bbox 1186 3595 1362 3644; x_wconf 67' lang='lat' dir='ltr'>manua.</span> <span class='ocrx_word' id='word_1_277' title='bbox 1397 3571 1445 3638; x_wconf 85' lang='lat' dir='ltr'>At</span> <span class='ocrx_word' id='word_1_278' title='bbox 1494 3625 1497 3630; x_wconf 94' lang='lat'>.</span> <span class='ocrx_word' id='word_1_279' title='bbox 1529 3569 1530 3654; x_wconf 82' lang='lat' dir='ltr'>l</span> 
     </span>
     <span class='ocr_line' id='line_1_35' title="bbox 382 3664 1530 3765; baseline 0.003 -31"><span class='ocrx_word' id='word_1_280' title='bbox 382 3690 456 3738; x_wconf 81' lang='lat' dir='ltr'>aero</span> <span class='ocrx_word' id='word_1_281' title='bbox 469 3679 707 3762; x_wconf 75' lang='lat' dir='ltr'>extravagantes</span> <span class='ocrx_word' id='word_1_282' title='bbox 717 3664 850 3738; x_wconf 84' lang='lat' dir='ltr'>Ioannis</span> <span class='ocrx_word' id='word_1_283' title='bbox 860 3668 972 3741; x_wconf 91' lang='lat' dir='ltr'>XXII</span> <span class='ocrx_word' id='word_1_284' title='bbox 987 3693 1099 3740; x_wconf 91' lang='lat' dir='ltr'>omnes</span> <span class='ocrx_word' id='word_1_285' title='bbox 1115 3695 1182 3741; x_wconf 92' lang='lat' dir='ltr'>uno</span> <span class='ocrx_word' id='word_1_286' title='bbox 1197 3668 1444 3765; x_wconf 79' lang='lat' dir='ltr'>eomprehenste</span> <span class='ocrx_word' id='word_1_287' title='bbox 1529 3677 1530 3752; x_wconf 63' lang='lat' dir='ltr'>t</span> 
     </span>
     <span class='ocr_line' id='line_1_36' title="bbox 381 3757 1530 3865; baseline 0 -31"><span class='ocrx_word' id='word_1_288' title='bbox 381 3779 458 3834; x_wconf 90' lang='lat' dir='ltr'>sunt</span> <span class='ocrx_word' id='word_1_289' title='bbox 487 3762 590 3854; x_wconf 92' lang='lat' dir='ltr'>libro,</span> <span class='ocrx_word' id='word_1_290' title='bbox 620 3779 719 3862; x_wconf 90' lang='lat' dir='ltr'>atque</span> <span class='ocrx_word' id='word_1_291' title='bbox 753 3767 796 3836; x_wconf 90' lang='lat' dir='ltr'>ita</span> <span class='ocrx_word' id='word_1_292' title='bbox 828 3767 897 3865; x_wconf 90' lang='lat' dir='ltr'>ejus</span> <span class='ocrx_word' id='word_1_293' title='bbox 935 3763 1005 3838; x_wconf 89' lang='lat' dir='ltr'>loca</span> <span class='ocrx_word' id='word_1_294' title='bbox 1040 3767 1244 3839; x_wconf 87' lang='lat' dir='ltr'>indicantur:</span> <span class='ocrx_word' id='word_1_295' title='bbox 1283 3766 1441 3839; x_wconf 83' lang='lat' dir='ltr'>Ectroc.</span> <span class='ocrx_word' id='word_1_296' title='bbox 1529 3757 1530 3834; x_wconf 84' lang='lat' dir='ltr'>l</span> 
     </span>
    </p>
   </div>
   <div class='ocr_carea' id='block_1_3' title="bbox 382 3863 1303 3964">
    <p class='ocr_par' dir='ltr' id='par_1_18' title="bbox 382 3863 1530 4022">
     <span class='ocr_line' id='line_1_37' title="bbox 382 3863 1303 3964; baseline 0.002 -29"><span class='ocrx_word' id='word_1_297' title='bbox 382 3889 465 3936; x_wconf 85' lang='lat' dir='ltr'>cum</span> <span class='ocrx_word' id='word_1_298' title='bbox 477 3868 571 3938; x_wconf 77' lang='lat' dir='ltr'>iuter</span> <span class='ocrx_word' id='word_1_299' title='bbox 581 3863 764 3938; x_wconf 78' lang='lat' dir='ltr'>ooootdlcs</span> <span class='ocrx_word' id='word_1_300' title='bbox 777 3865 884 3938; x_wconf 81' lang='lat' dir='ltr'>Joan.</span> <span class='ocrx_word' id='word_1_301' title='bbox 903 3865 1016 3940; x_wconf 81' lang='lat' dir='ltr'>XXII</span> <span class='ocrx_word' id='word_1_302' title='bbox 1026 3869 1067 3941; x_wconf 82' lang='lat' dir='ltr'>da</span> <span class='ocrx_word' id='word_1_303' title='bbox 1078 3867 1169 3938; x_wconf 83' lang='lat' dir='ltr'>verb.</span> <span class='ocrx_word' id='word_1_304' title='bbox 1183 3866 1303 3964; x_wconf 62' lang='lat' dir='ltr'>capnos.</span> 
     </span>
    </p>
   </div>
   <div class='ocr_carea' id='block_1_4' title="bbox 0 0 1596 5178">
    <p class='ocr_par' dir='ltr' id='par_1_19' title="bbox 0 0 1596 5178">
     <span class='ocr_line' id='line_1_38' title="bbox 0 0 1596 5178; baseline 0 0"><span class='ocrx_word' id='word_1_305' title='bbox 0 0 1596 5178; x_wconf 95' lang='lat' dir='ltr'> </span> 
     </span>
    </p>
   </div>
  </div>
 </body>
</html>
