3164 5174
773 403 993 502 -sro'-

345 597 522 670 notantur3
558 597 592 652 et
616 583 673 679 qui
704 595 840 676 propter
873 581 1017 678 corporis
1046 559 1328 676 impedimentum,
1354 603 1420 649 or-

224 701 228 709 ·
344 681 430 751 dinis
455 681 671 750 ministerium
689 703 837 750 exercere
865 703 934 749 non
962 693 1109 776 possunt.
1139 675 1196 749 Ob
1221 677 1421 748 deformita-

344 795 412 850 tem
439 776 608 849 ordinibus
631 775 870 874 probibeutur,
896 779 956 874 qui
986 779 1031 846 ita
1057 774 1219 847 deformes
1247 791 1343 866 sunt,
1375 793 1422 846 ut

344 879 446 946 risum
475 893 532 948 aut
562 873 764 947 stomachum
800 890 974 964 moveant,
1009 875 1057 946 uti
1088 890 1167 946 suut
1194 873 1259 964 illi,
1294 873 1421 971 quibus

345 974 490 1045 abscissae
515 989 593 1045 sunt
622 997 728 1064 nares,
757 979 814 1044 aut
846 973 957 1044 oculus
982 963 1094 1043 erutus
1127 971 1202 1069 (l),
1237 975 1296 1070 q'ui
1321 971 1420 1069 lepra

343 1071 493 1145 laborant
528 1071 600 1170 (2),
673 1075 707 1142 ui
752 1070 888 1142 ridicule
928 1065 1037 1167 pusilli
1077 1087 1177 1168 atque
1222 1073 1265 1140 ita
1305 1069 1422 1141 claudi

344 1185 441 1262 sunt,
467 1187 506 1242 ut
529 1174 597 1242 sine
619 1099 727 1242 fulcro
743 1168 894 1240 incedere
917 1183 1083 1267 nequeant
1104 1169 1177 1266 (ὅ),
1205 1194 1274 1240 nou
1298 1185 1421 1240 tamen

344 1267 410 1356 illi,
452 1295 595 1367 quorum
630 1265 701 1340 leve
735 1269 849 1338 titium
895 1283 957 1359 est,
998 1271 1046 1338 uti
1078 1269 1105 1338 si
1143 1268 1215 1363 quis
1251 1263 1418 1339 maculam

345 1365 465 1438 lrabeat
493 1371 528 1437 in
551 1366 668 1458 oculo,
699 1381 756 1438 aut
776 1366 932 1462 ungulam
961 1365 1053 1462 digiti
1080 1367 1224 1436 amiserit
1251 1365 1316 1462 (d).

400 1564 429 1643 ll
451 1569 525 1628 Can.
540 1564 597 1628 alt.
614 1566 684 1628 dot.
701 1569 750 1628 tt.

399 1647 428 1726 7)
452 1651 524 1731 Cup.
542 1647 608 1710 lde
621 1647 718 1710 cleric.
737 1657 839 1731 myrei.

385 1729 416 1889 g
452 1734 526 1812 Cep.
544 1735 556 1790 7
582 1729 653 1792 diet.
675 1734 727 1792 79.

450 1814 522 1894 Cap.
543 1814 563 1872 2
582 1811 618 1872 de
635 1830 749 1896 corpor.
771 1811 868 1874 sitim.
885 1811 1126 1893 Irregularitatis,
1144 1829 1210 1891 quae
1228 1829 1264 1872 ex
1284 1815 1420 1892 corporis

345 1893 529 1954 deformitate
538 1894 686 1973 promdit,
700 1895 822 1976 vestigia
832 1901 902 1954 suut
915 1896 946 1954 iu
959 1894 1051 1954 veteri
1063 1901 1237 1955 testamento
1246 1897 1315 1956 Leo.
1328 1897 1420 1957 XXI

344 1994 374 2036 o.
391 1977 429 2036 78
444 1974 495 2036 od.
512 1978 566 2052 70,
582 1976 633 2037 ubi
644 1976 810 2038 excluditur
819 1975 857 2037 ab
867 1976 966 2037 aitaris
974 1976 1155 2054 ministerio,
1171 1976 1271 2054 siquis
1287 2001 1301 2030 a
1311 1980 1419 2040 cneus

343 2058 448 2135 fuerit,
481 2059 506 2118 si
538 2057 676 2136 claudus,
704 2059 729 2120 si
765 2075 855 2138 parvo
881 2058 928 2119 vel
959 2057 1063 2140 grandi
1089 2059 1137 2120 vel
1168 2065 1244 2118 torto
1269 2076 1353 2135 naso,
1383 2062 1417 2121 si

344 2139 435 2202 fracto
450 2139 539 2219 pede,
563 2140 588 2202 si
609 2159 715 2217 manu,
749 2141 774 2201 si
795 2141 916 2222 gibbus,
939 2141 963 2201 si
985 2140 1097 2219 lippus,
1122 2141 1147 2202 si
1170 2140 1333 2221 albuginem
1359 2138 1418 2202 ha·

344 2221 417 2282 bens
440 2221 471 2282 in
496 2222 594 2293 oculo,
619 2223 643 2283 si
665 2222 767 2304 jugem
783 2223 926 2299 scabiem,
952 2224 976 2283 si
998 2223 1200 2304 impetiginem
1221 2223 1252 2282 in
1273 2239 1416 2302 corpore,

343 2303 390 2364 vel
405 2301 571 2366 herniosus.
586 2329 600 2358 a
624 2307 735 2366 Verum
753 2305 964 2366 ceremonialia
980 2303 1043 2366 hac
1060 2305 1166 2366 veteris
1183 2305 1256 2384 legis
1269 2314 1419 2384 precepta

345 2385 506 2446 desierunt.
532 2386 653 2465 Antiqui
677 2387 803 2447 ecclesie
826 2405 950 2448 canones
977 2387 1074 2465 potius
1100 2388 1171 2448 vitia
1195 2387 1302 2448 mentis
1323 2394 1419 2465 atque

344 2467 452 2542 animi,
468 2485 556 2547 quam
578 2469 707 2548 corporis
721 2469 816 2530 notari
831 2469 1003 2540 voluerunt,
1021 2477 1052 2530 et
1065 2467 1124 2530 huc
1136 2477 1247 2548 spectat
1265 2487 1355 2530 canon
1369 2471 1417 2531 77

345 2557 374 2610 et
391 2551 430 2611 78
451 2550 647 2630 apostolorum
661 2550 739 2630 apud
756 2551 931 2612 cotelerium
946 2551 1014 2612 PP.
1038 2547 1192 2633 apostolic.
1219 2559 1289 2611 tom.
1308 2553 1320 2612 7
1335 2570 1417 2634 pay.

344 2633 405 2694 777
424 2639 453 2694 at
469 2635 549 2708 777,
574 2631 644 2694 edit.
664 2629 880 2695 Amtclodomi
897 2635 992 2712 7777,
1010 2640 1040 2693 ct
1063 2633 1132 2694 lacit
1154 2632 1306 2706 etiamid,
1331 2635 1421 2711 quod

345 2719 522 2778 Soaomenns
536 2711 586 2776 lib.
604 2717 622 2776 6
641 2711 745 2778 lictor.
771 2733 837 2798 cup.
855 2717 895 2776 50
914 2735 987 2798 pop.
1007 2716 1082 2793 765,
1102 2713 1174 2777 edit.
1203 2711 1315 2777 Vulcatii
1335 2717 1422 2776 Cosa-

345 2794 453 2880 tobrip.
477 2799 570 2874 1720,
587 2806 688 2859 narrat
703 2797 741 2860 de
752 2797 926 2859 anachoreta
944 2799 1114 2876 Ammonio,
1128 2797 1180 2876 qui
1197 2798 1266 2858 licet
1288 2797 1424 2861 abscissa

344 2887 420 2939 esset
439 2878 584 2954 auricula,
607 2887 706 2941 tamen
723 2880 889 2960 episcopatu
909 2879 1016 2962 dignus
1040 2887 1084 2942 est
1108 2879 1240 2956 habitus,
1268 2887 1298 2940 et
1318 2879 1423 2940 Palia-

345 2961 412 3020 dius
435 2960 469 3020 ic
492 2957 595 3021 histor.
621 2961 762 3023 tumim.
789 2979 856 3044 cap.
881 2963 920 3024 l2
941 2962 1020 3042 apud
1044 2961 1239 3043 liosweydum
1267 2961 1322 3022 ait.
1343 2963 1420 3024 PP.

341 3057 414 3123 pop.
435 3043 494 3102 977
515 3043 685 3124 Antvorpioe
702 3045 796 3123 tort,
817 3044 912 3123 episeo
933 3063 984 3104 um
1004 3053 1162 3120 memorat,
1184 3043 1236 3124 qui
1253 3041 1424 3122 profiteba-

344 3131 410 3198 tur,
431 3141 461 3184 ac
481 3131 628 3219 paratum
646 3121 785 3186 ordinere
802 3063 996 3189 aeremitae
1018 3125 1191 3189 citocotiam
1209 3143 1284 3187 noro
1302 3143 1423 3208 ampu-

345 3212 417 3266 tato.
433 3205 514 3267 Viuo
528 3205 657 3284 eorporis
672 3205 710 3266 ab
723 3206 877 3269 ordinibus
897 3208 1142 3286 excludebantur,
1159 3207 1210 3288 qui
1225 3225 1328 3269 eorum
1342 3225 1424 3270 mu-

343 3304 414 3347 nera
437 3286 521 3347 obire
541 3305 601 3348 nou
628 3295 778 3366 poterant,
803 3290 849 3352 rel
876 3291 927 3369 qui
960 3291 1016 3352 sibi
1042 3299 1146 3372 sponte
1177 3307 1211 3350 ac
1239 3290 1302 3352 siue
1325 3307 1424 3354 eausa

343 3377 457 3446 partem
473 3369 601 3448 aliquam
624 3371 753 3450 eorporis
772 3370 966 3432 absciderant.
989 3373 1047 3435 Sed
1066 3371 1171 3434 seculo
1189 3375 1217 3434 V
1237 3371 1298 3451 jam
1320 3371 1423 3433 disci-

342 3449 423 3528 plina
446 3451 579 3532 vigcbat,
598 3469 652 3530 per
671 3471 760 3532 quam
779 3471 900 3533 corpore
923 3453 1017 3515 vitiati
1044 3454 1081 3516 ab
1108 3453 1263 3516 ordinibus
1285 3453 1424 3534 repelle-

246 3551 249 3562 ·
346 3532 466 3610 bantur,
482 3533 526 3594 uti
539 3539 619 3613 patet
632 3553 667 3595 er
679 3549 786 3596 eonon.
800 3537 818 3596 5
830 3533 899 3598 dist.
915 3537 965 3596 st.

391 3707 421 3812 ᾗ.
455 3710 514 3782 vl.
552 3711 607 3783 Ob
639 3714 914 3813 impedimentum
946 3718 1089 3814 eorporis
1121 3713 1311 3810 irregulares
1345 3713 1425 3787 ha-

344 3810 465 3882 bentur
496 3809 606 3902 surdi,
637 3816 742 3904 muti,
777 3817 854 3886 caeci
885 3830 1027 3913 utroque
1053 3813 1167 3908 oculo,
1202 3812 1253 3884 rel
1281 3813 1424 3889 sinistro

343 3905 470 3999 solum,
512 3934 612 4006 quem
651 3911 781 3982 oculum
813 3918 959 3985 cononis
995 3911 1216 4010 appellamus,
1261 3910 1313 3983 rel
1353 3919 1425 4010 qui

344 4006 498 4080 eumdem
525 4009 570 4079 ita
599 4007 714 4080 laesum
737 4009 879 4102 habent,
914 4026 969 4102 ut,
998 4013 1127 4084 nonnisi
1149 4009 1300 4083 indecore
1325 4035 1424 4084 oon-
