3134 5144
806 413 1027 484 -tto-

371 561 448 632 licet
469 562 561 630 initio
589 559 806 632 archidiaconi
833 559 906 632 haec
931 559 999 632 fere
1030 559 1140 630 omnia
1169 573 1320 657 gererent
1347 585 1446 632 man·

372 657 448 729 dato
493 655 695 756 arbitrioque
731 657 896 754 episcopi,
942 673 1054 728 tamen
1100 655 1252 752 deinceps
1300 683 1339 729 eo
1386 685 1449 730 us·
1549 693 1550 698 ¹

373 779 438 852 que
474 758 635 851 progressi
667 769 765 844 sunt,
810 769 849 824 ut
886 757 1055 852 propriam
1103 769 1201 851 atque
1250 753 1448 826 ordinariam
1549 789 1550 842 l

371 853 560 924 obtinerent
585 851 869 952 jurisdictionem,
900 875 975 949 quae
1008 850 1138 950 pridem
1178 869 1248 922 erat
1279 851 1446 948 delegata,

371 975 408 1020 ac
428 953 503 1048 jura
529 953 627 1022 etiarn
654 947 861 1040 invaderent,
896 974 971 1046 quae
999 951 1131 1047 propria
1159 963 1253 1020 erant
1282 951 1448 1048 episcopo·
1549 1013 1550 1034 .

377 1073 456 1117 rum
477 1048 543 1144 (4).

412 1267 454 1349 (l)
468 1267 597 1330 isidoras
612 1267 789 1346 Hispalensis
810 1268 841 1328 in
855 1285 923 1331 coa.
941 1269 955 1330 l
984 1266 1055 1330 dist.
1075 1269 1115 1330 25
1126 1275 1154 1328 et
1181 1286 1248 1330 con.
1264 1268 1303 1328 ΞΟ
1315 1265 1383 1330 dist.
1406 1271 1446 1330 53

370 1351 429 1410 lale
455 1349 587 1410 discribit
610 1349 806 1412 archidiaconi
823 1349 906 1428 jura,
932 1368 998 1429 quaa
1014 1369 1065 1410 sua
1086 1357 1172 1412 catate
1195 1349 1375 1410 obtinebant.
1404 1353 1444 1412 Ea
1549 1355 1550 1408 i

371 1449 442 1492 vero
464 1431 517 1492 diu
540 1449 738 1510 perseverasse
759 1433 901 1512 lapsuque
922 1439 1089 1511 temporum
1113 1439 1196 1492 aucta
1225 1431 1312 1491 etiam
1335 1431 1440 1508 luisse,
1549 1491 1550 1500 ,

361 1513 504 1592 ¹ostendit
518 1513 709 1574 decretalium
727 1513 831 1574 titulus
844 1513 883 1574 de
898 1509 982 1596 offic.
998 1511 1161 1575 archidiac.
1549 1565 1550 1594 ,

413 1592 456 1676 (ᾖ)
473 1597 547 1656 Con.
563 1593 714 1656 diaconib
732 1593 821 1656 edict.
837 1595 887 1656 95.
904 1598 993 1656 Conci
1013 1595 1148 1657 Trideut.
1170 1613 1236 1676 cop.
1257 1597 1296 1656 lt
1314 1611 1383 1656 sess.
1403 1595 1444 1655 tt
1549 1599 1550 1672 Ϊ

372 1673 409 1736 dc
434 1675 560 1758 resona.
587 1673 820 1738 archidiaconus
841 1683 911 1758 post
937 1677 1108 1759 episcopum
1130 1675 1217 1754 scial,
1244 1694 1274 1737 se
1297 1676 1446 1738 vicariam

372 1757 439 1837 ejas
460 1775 521 1818 csse
534 1756 567 1816 in
585 1753 735 1834 calcibus,
751 1756 893 1834 scriptum
910 1767 955 1818 eat
974 1759 1008 1819 in
1031 1777 1099 1841 cop.
1116 1761 1130 1820 l
1162 1755 1198 1820 de
1219 1755 1301 1840 offic.
1326 1754 1442 1818 archid.

414 1836 456 1916 (5)
471 1839 577 1900 Confer
591 1838 816 1900 Thomassinum
828 1857 899 1920 por.
917 1842 929 1900 l
945 1837 995 1902 tat.
1010 1840 1029 1900 2
1047 1859 1114 1923 cop.
1128 1841 1166 1901 tt
1179 1847 1275 1922 etseq.

413 1917 455 2000 (l)
478 1919 704 1998 synodaticum,
731 1920 968 1996 procurationes,
998 1921 1112 1999 aliaque
1136 1921 1167 1982 id
1182 1939 1272 2002 genus
1297 1919 1447 1981 archidia-

372 2000 436 2060 ooni
452 1999 619 2078 capiebant,
633 2004 737 2061 Petrus
751 1999 894 2060 Blescnsis
911 1999 997 2084 epist.
1022 2004 1056 2064 hl
1077 2021 1149 2086 paq.
1166 2005 1225 2064 257
1243 2001 1310 2063 edit.
1333 2002 1442 2062 Pcrs's.
1530 2008 1542 2017 '

374 2081 467 2156 l667,
478 2081 590 2144 concil.
609 2085 803 2144 Lateranense
816 2081 849 2142 ia
860 2099 927 2166 cop.
945 2085 964 2145 6
978 2093 1007 2146 et
1017 2085 1056 2147 ts
1080 2083 1116 2148 de
1128 2081 1240 2147 Censib.

420 2284 451 2385 a.
480 2285 634 2357 axxrn.
676 2286 823 2357 rantum
853 2287 939 2361 hnc
971 2287 1270 2362 accusantum
1299 2303 1446 2386 poian.
1549 2259 1550 2270 '

376 2398 444 2454 tem
487 2386 630 2480 episcopi
668 2382 869 2476 tollendam,
904 2403 961 2458 aut
1005 2387 1219 2458 minuendam
1261 2402 1440 2474 curarunt3

372 2496 406 2552 et
438 2506 529 2552 nunc
558 2483 608 2552 rix
638 2507 708 2650 epp
734 2481 851 2553 umbra
889 2499 924 2555 et
962 2487 1069 2582 imago
1082 2500 1256 2598 superest.
1291 2481 1444 2584 Synodus

371 2577 566 2650 Tridentino
604 2605 659 2651 arc
694 2578 855 2670 diaconis,
902 2581 1038 2679 aliisque
1079 2580 1284 2654 inferioribus
1324 2580 1444 2679 prela-
1549 2571 1550 2648 J

371 2678 411 2747 tis
463 2676 627 2775 judicium
676 2677 800 2748 ademit
851 2703 1019 2751 causarum
1072 2677 1356 2752 matrimonialium
1408 2695 1445 2750 et

370 2774 611 2864 criminalium,
631 2801 725 2888 ’quas
755 2777 907 2872 episcopo
944 2780 1117 2848 reservarit
1148 2779 1220 2874 (1);
1252 2779 1325 2873 ipsis
1363 2801 1440 2848 tero

370 2871 504 2968 reliquit
528 2873 585 2970 jus
608 2871 761 2944 usitandi
785 2872 951 2966 ecclesias,
980 2900 1060 2972 quas
1087 2891 1184 2946 antea
1214 2876 1339 2944 uisitare
1365 2897 1443 2946 con·
1549 2887 1550 2892 ’

369 2984 554 3057 sueverant,
598 2968 697 3040 modo
730 2967 766 3038 id
806 2969 927 3042 faciant
963 2997 1023 3068 per
1061 2976 1262 3069 semetipsos,
1297 2985 1331 3041 et
1363 2995 1439 3042 cum
1549 2999 1550 3032 l

370 3088 527 3136 consensu
557 3067 722 3163 episcopi,
759 3069 813 3136 cui
842 3067 966 3140 debent
997 3072 1082 3140 intra
1108 3094 1253 3141 mensem
1283 3068 1441 3140 rationem

370 3159 531 3356 heeddeiez)
544 3177 686 3260 peractae
717 3165 906 3238 visitationis
943 3181 1042 3264 atque
1075 3169 1199 3264 integra
1241 3181 1311 3238 acta
1347 3163 1443 3236 exhi·

417 3283 452 3329 re
493 3273 502 3292 ⁸
537 3313 545 3330 .

409 3453 451 3536 (l)
465 3453 675 3518 'tridentinum
685 3476 754 3542 cap.
771 3459 812 3520 20
823 3477 894 3524 sesa.
910 3461 949 3524 24
960 3460 996 3524 de
1006 3460 1142 3540 reform,
1155 3479 1213 3542 quo
1224 3461 1338 3522 decreto
1347 3459 1443 3523 etism
1549 3453 1550 3474 i

367 3535 550 3598 beneficiales
562 3537 746 3620 majoresque
752 3559 852 3602 causas
862 3543 1089 3622 comprehendi,
1105 3561 1206 3604 omnes
1222 3543 1284 3604 fere
1296 3541 1445 3604 arbitron·

243 3623 249 3645 '
367 3626 429 3678 tur.
451 3617 559 3681 Eadem
578 3621 708 3701 synodus
722 3641 749 3683 c.
768 3625 807 3684 ll
825 3641 897 3686 scat.
913 3627 953 3687 aa
972 3623 1008 3686 de
1027 3622 1151 3708 resona.
1176 3623 1323 3704 spaciatim
1342 3623 1446 3686 vetuit

365 3697 586 3762 archidiaconos
597 3703 772 3764 clericorum
785 3703 823 3766 da
834 3705 1015 3786 impudicitia
1027 3725 1127 3770 masas
1137 3723 1318 3789 cognoscere.

407 3779 450 3863 (ἢ)
462 3781 671 3848 tridentinum
681 3802 749 3867 cop.
770 3787 872 3852 betae.
889 3785 974 3850 stata
987 3785 1110 3871 resona.

415 3963 444 4061 i.
477 3963 629 4036 LXXlV.
661 3963 760 4038 Nunc
803 3991 902 4042 omne
929 3965 1143 4040 archidiaconi
1170 3989 1289 4037 munus
1319 3989 1357 4037 eo
1388 3990 1443 4036 re·
