3140 5168
822 363 1044 436 -558-

396 514 462 590 Sed
504 530 538 586 et
562 511 772 586 numerandis
802 511 955 606 gradibus
981 510 1079 584 lineae
1110 527 1298 582 transverse
1334 507 1395 580 alia
1427 523 1477 580 est

394 613 481 684 luris
521 609 641 702 civilis,
681 627 715 684 et
760 609 820 680 alia
863 611 1009 682 canonici
1040 609 1130 682 luris
1165 612 1260 682 ratio.
1292 606 1381 682 Nam
1416 605 1478 678 Jus

395 709 490 784 oiiile'
520 711 650 809 subjicit
678 707 805 806 ¹iisdem
840 707 964 805 legibus
990 723 1024 782 et
1056 723 1181 780 rectam
1204 723 1240 780 et
1257 724 1477 780 transversam

395 805 537 896 11000ος
551 825 585 882 et
604 807 677 880 ideo
706 809 815 880 lateris
847 811 1019 905 utriusque
1045 808 1270 904 generationes
1303 821 1473 878 numerat.

414 1027 418 1035 ·
437 1008 478 1091 (l)
492 1007 519 1090 S.
533 1008 664 1072 ilnatit.
677 1005 714 1070 ale
725 1005 845 1090 prodii.
861 1015 981 1092 cogant.

446 1187 478 1287 ς.
515 1185 703 1260 CXXXIV.
744 1187 787 1258 lt
824 1213 963 1260 canones
1000 1202 1051 1258 tot
1085 1186 1205 1284 gradus
1244 1189 1474 1277 constituunt2

397 1302 479 1383 quot
498 1311 647 1383 personae
674 1285 708 1356 in
730 1313 797 1358 uno
824 1302 955 1357 tantum
981 1285 1083 1358 latere
1106 1289 1334 1383 reperiunturz
1372 1301 1407 1357 et
1441 1287 1476 1357 in

396 1383 481 1456 linea
512 1383 630 1481 aequali
656 1383 852 1456 collaterales
881 1386 1026 1458 interae
1064 1399 1143 1456 aunt
1170 1409 1210 1458 eo
1251 1382 1376 1480 gradm
1407 1409 1476 1482 qno

397 1481 519 1553 distant
548 1509 567 1552 a
598 1485 707 1579 stipite
727 1487 913 1572 communi,
936 1485 973 1554 in
994 1483 1151 1580 iuaequali
1175 1509 1216 1556 eo
1249 1481 1375 1579 gradu,
1408 1507 1477 1580 qno

399 1607 416 1650 a
443 1583 554 1678 stipite
571 1584 726 1652 remotior
753 1581 851 1652 distat
881 1581 949 1678 (l).
984 1579 1149 1654 Nimirum
1170 1607 1311 1654 mnones
1338 1607 1380 1652 ex
1408 1605 1477 1651 uno

398 1677 500 1751 lutere
536 1679 717 1750 ascendunt
745 1679 786 1752 ad
819 1681 985 1777 stipitem,
1028 1679 1118 1750 unde
1145 1677 1344 1754 collaterales
1374 1681 1477 1776 origi·

400 1803 477 1848 nem
508 1775 657 1868 ducunt,
688 1794 787 1876 atqne
823 1777 875 1850 hic
905 1778 1104 1866 subsistunt;
1154 1779 1262 1850 civiles
1289 1777 1379 1874 leges
1407 1777 1477 1848 alts-

400 1873 547 1948 cendunt
575 1879 672 1948 etiam
700 1875 852 1948 adalind
879 1875 987 1968 latus,
1018 1893 1053 1948 et
1083 1879 1120 1948 in
1145 1893 1286 1976 utroque
1316 1876 1475 1971 eolligunt

401 1976 623 2070 generationes
660 2001 795 2063 omnes,
825 1991 990 2073 quotquot
1013 1992 1110 2066 sunt,
1143 1991 1243 2073 atque
1274 2001 1314 2046 ex
1343 1975 1477 2070 singulis

400 2071 542 2166 singulos
576 2071 694 2166 gradus
735 2072 896 2144 efficiunt.
950 2073 1068 2173 Itaque
1106 2073 1290 2148 sectandum
1338 2099 1475 2145 canones

401 2172 499 2240 etiam
521 2175 670 2266 cognatio
693 2169 929 2244 collateralium
952 2175 1067 2271 incipit
1097 2199 1115 2244 a
1148 2175 1255 2270 primo
1290 2169 1411 2266 gradu,
1439 2173 1474 2240 in

403 2293 507 2366 coque
529 2284 606 2340 sunt
639 2269 753 2340 iratres
786 2286 819 2340 et
847 2294 990 2358 sorores3
1033 2295 1148 2342 verum
1172 2271 1225 2344 hic
1246 2269 1361 2366 gradus
1395 2271 1473 2367 jure

403 2365 487 2436 civili
517 2365 678 2438 secundus
709 2366 828 2462 gradus
858 2384 918 2440 est.
956 2370 1171 2442 Ecclesiastica
1212 2369 1269 2440 illa
1302 2369 1380 2439 ratio
1404 2393 1473 2437 nu-

404 2464 635 2536 merandorum
653 2466 815 2565 graduum
832 2465 960 2538 obtinet
976 2471 1012 2539 in
1028 2469 1261 2556 matrimoniis,
1280 2485 1311 2538 at
1326 2468 1360 2536 in
1376 2464 1474 2536 here-

405 2563 560 2635 ditatibus
583 2563 692 2635 adhuc
717 2591 756 2636 ex
781 2567 859 2662 jure
894 2565 981 2638 civili
1009 2565 1128 2663 gradus
1168 2569 1371 2638 aestimantur
1404 2563 1470 2660 (⁶2).

447 2737 457 2815 (
463 2733 489 2816 l)
501 2736 587 2798 initio
597 2751 720 2796 canones
729 2735 760 2795 in
771 2735 961 2800 numerandis
970 2735 1110 2820 gradibus
1120 2737 1206 2798 lineae
1215 2745 1389 2798 1000000000
1399 2737 1476 2798 luris

408 2819 500 2879 civilis
517 2817 648 2900 regulam
666 2817 836 2892 retinuisse,
853 2827 937 2914 putat
956 2821 1088 2900 cujacius
1104 2817 1146 2882 cal
1162 2819 1208 2881 at.
1229 2817 1265 2880 cle
1285 2821 1432 2901 Conseng.
1451 2825 1478 2878 01

409 2898 500 2982 Affin.
518 2897 696 2962 10006001.
719 2901 797 2962 tott
812 2897 885 2961 edat.
907 2903 1021 2964 Mutia.
1044 2921 1096 2963 on.
1119 2903 1210 2964 1778.
1228 2905 1342 2964 Verum
1356 2909 1400 2963 est
1412 2917 1476 2960 sane

410 2991 493 3044 vetus
514 2982 702 3044 ecclesiastica
724 2982 775 3044 illa
792 2983 894 3064 regola
913 3003 929 3044 a
954 2985 1031 3046 civili
1054 2985 1206 3060 distincte,
1227 3001 1353 3062 eamque
1373 2983 1476 3044 disan-te

411 3074 554 3127 memorat
571 3067 660 3146 Greg.
680 3067 721 3126 11.
740 3065 790 3144 qui
809 3071 890 3126 certe
907 3065 986 3146 (utut
1004 3067 1060 3130 alia
1077 3067 1251 3146 quibusdam
1268 3067 1415 3127 sententia
1432 3065 1477 3143 sit]

413 3157 513 3209 auctor
523 3153 567 3208 est
577 3165 623 3230 ep.
641 3149 680 3208 61
694 3143 735 3208 od
747 3149 827 3228 Aug.
848 3143 870 3208 l.
888 3149 921 3209 11
946 3158 967 3210 t.
988 3151 1007 3212 2
1026 3145 1080 3210 ool.
1104 3151 1183 3212 11110
1199 3145 1246 3212 ed.
1265 3147 1368 3210 Poris.
1386 3149 1475 3224 1705,

414 3251 479 3310 quc
494 3229 637 3309 descripta
655 3237 699 3290 est
716 3229 830 3290 incon.
850 3231 906 3291 101
924 3249 991 3313 cop.
1009 3231 1048 3293 55
1066 3250 1118 3314 qu.
1139 3233 1201 3294 101
1216 3231 1247 3292 5.
1267 3231 1369 3308 Inquit
1385 3229 1476 3302 enim,

416 3325 563 3376 ter-renam
577 3310 669 3395 legem
681 3309 715 3372 in
728 3311 813 3372 11000.
828 3328 894 3394 rep.
910 3313 1026 3393 nuptias
1040 3312 1280 3375 consobrinorum
1291 3313 1477 3392 permit-term

415 3399 467 3462 sed
480 3397 541 3478 ipse
550 3403 629 3456 vetat
643 3393 697 3456 has
708 3393 838 3472 nuptiae,
855 3403 1004 3474 umquam
1015 3395 1046 3455 in
1065 3395 1191 3456 0000000
1209 3395 1398 3476 generatione
1412 3411 1480 3453 con-

417 3489 537 3556 tractas,
556 3486 643 3556 atque
661 3474 762 3556 Anglis
777 3476 996 3539 matrimonium
1018 3478 1051 3538 in
1067 3478 1153 3539 tertia
1174 3485 1345 3556 autquarta
1360 3493 1480 3557 generu-

417 3567 497 3628 tione
520 3561 674 3642 permittit.
698 3561 774 3640 Ergo
798 3561 939 3641 Gregorio
960 3563 993 3622 P.
1017 3559 1182 3622 munobrini
1205 3567 1291 3620 eram
1306 3558 1339 3618 in
1354 3556 1481 3620 seeundo

419 3647 528 3730 gradu,
542 3662 608 3723 quar
621 3640 741 3703 omuino
760 3642 841 3702 luris
852 3643 982 3704 canonici
996 3642 1098 3724 regula
1114 3651 1173 3717 ost3
1192 3659 1286 3720 neque
1296 3640 1367 3719 ipsis
1377 3639 1481 3701 licebat

419 3729 536 3810 nuptias
549 3727 626 3786 intcr
637 3743 668 3785 se
678 3723 842 3784 conciliare.
869 3727 964 3804 Atque
983 3724 1038 3786 hnc
1060 3723 1178 3804 quidem
1196 3731 1281 3784 etate
1296 3721 1409 3784 editum
1424 3721 1482 3800 jam

419 3821 483 3873 erat
493 3811 542 3890 jus
552 3807 780 3882 100001000οω,
792 3805 871 3886 qnod
884 3807 999 3887 nuptias
1009 3807 1086 3868 inter
1097 3805 1284 3868 consobrinos
1297 3803 1482 3884 permittebat

420 3893 448 3977 S.
464 3894 566 3956 11001.
581 3889 616 3952 tle
629 3895 716 3972 nupt.
732 3891 796 3952 lton
814 3889 895 3949 enim
914 3889 1055 3950 assentior
1068 3889 1104 3950 iia
1123 3889 1173 3968 qui
1195 3887 1251 3948 hoc
1264 3886 1482 3949 Institutionum

421 3978 484 4040 loco
496 3975 690 4056 adjiciendam
699 3979 804 4053 putant
823 3981 977 4054 negantem
997 3971 1184 4051 particulam,
1209 3969 1346 4051 quoniam
1359 3969 1401 4030 ita
1415 3985 1481 4030 sen·
