<?xml version="1.0" encoding="UTF-8"?>
<!DOCTYPE html PUBLIC "-//W3C//DTD XHTML 1.0 Transitional//EN"
    "http://www.w3.org/TR/xhtml1/DTD/xhtml1-transitional.dtd">
<html xmlns="http://www.w3.org/1999/xhtml" xml:lang="en" lang="en">
 <head>
  <title>
</title>
<meta http-equiv="Content-Type" content="text/html;charset=utf-8" />
  <meta name='ocr-system' content='tesseract 3.04.00' />
  <meta name='ocr-capabilities' content='ocr_page ocr_carea ocr_par ocr_line ocrx_word'/>
</head>
<body>
  <div class='ocr_page' id='page_1' title='image "./institutionumca00devogoog_0110.png"; bbox 0 0 3100 5182; ppageno 0'>
   <div class='ocr_carea' id='block_1_1' title="bbox 566 341 786 416">
    <p class='ocr_par' dir='ltr' id='par_1_1' title="bbox 566 341 786 416">
     <span class='ocr_line' id='line_1_1' title="bbox 566 341 786 416; baseline 0 -3"><span class='ocrx_word' id='word_1_1' title='bbox 566 341 786 416; x_wconf 83' lang='lat'>-105-</span> 
     </span>
    </p>
   </div>
   <div class='ocr_carea' id='block_1_2' title="bbox 128 485 1207 634">
    <p class='ocr_par' dir='ltr' id='par_1_2' title="bbox 128 485 1207 634">
     <span class='ocr_line' id='line_1_2' title="bbox 128 485 1207 633; baseline 0.001 -82"><span class='ocrx_word' id='word_1_2' title='bbox 128 489 361 633; x_wconf 56' lang='grc' dir='ltr'><strong>Β(5)Ρ117ν;81</strong></span> <span class='ocrx_word' id='word_1_3' title='bbox 390 487 436 550; x_wconf 80' lang='lat' dir='ltr'>tit.</span> <span class='ocrx_word' id='word_1_4' title='bbox 465 485 500 549; x_wconf 80' lang='lat' dir='ltr'>de</span> <span class='ocrx_word' id='word_1_5' title='bbox 521 485 615 550; x_wconf 78' lang='lat' dir='ltr'>eteris.</span> <span class='ocrx_word' id='word_1_6' title='bbox 636 487 746 571; x_wconf 73' lang='lat' dir='ltr'>fodero.</span> <span class='ocrx_word' id='word_1_7' title='bbox 775 505 846 572; x_wconf 77' lang='lat' dir='ltr'>paq.</span> <span class='ocrx_word' id='word_1_8' title='bbox 876 488 931 566; x_wconf 87' lang='grc'>00,</span> <span class='ocrx_word' id='word_1_9' title='bbox 957 485 1027 550; x_wconf 82' lang='lat' dir='ltr'>edit.</span> <span class='ocrx_word' id='word_1_10' title='bbox 1054 488 1207 568; x_wconf 58' lang='lat' dir='ltr'>Catulum,</span> 
     </span>
     <span class='ocr_line' id='line_1_3' title="bbox 155 591 694 634; baseline 0.004 -2"><span class='ocrx_word' id='word_1_11' title='bbox 155 591 242 633; x_wconf 78' lang='lat' dir='ltr'>omoe.</span> <span class='ocrx_word' id='word_1_12' title='bbox 301 593 320 632; x_wconf 85' lang='lat' dir='ltr'>o</span> <span class='ocrx_word' id='word_1_13' title='bbox 345 615 353 630; x_wconf 89' lang='lat'><strong>.</strong></span> <span class='ocrx_word' id='word_1_14' title='bbox 690 626 694 634; x_wconf 88' lang='lat'><strong>.</strong></span> 
     </span>
    </p>
   </div>
   <div class='ocr_carea' id='block_1_3' title="bbox 175 759 1206 862">
    <p class='ocr_par' dir='ltr' id='par_1_3' title="bbox 175 759 1206 862">
     <span class='ocr_line' id='line_1_4' title="bbox 175 759 1206 862; baseline 0.002 -28"><span class='ocrx_word' id='word_1_15' title='bbox 175 759 209 862; x_wconf 63' lang='lat' dir='ltr'>S.</span> <span class='ocrx_word' id='word_1_16' title='bbox 248 761 329 834; x_wconf 91' lang='lat' dir='ltr'>XII.</span> <span class='ocrx_word' id='word_1_17' title='bbox 372 759 536 834; x_wconf 83' lang='lat' dir='ltr'>Clericnlis</span> <span class='ocrx_word' id='word_1_18' title='bbox 562 778 693 842; x_wconf 80' lang='lat' dir='ltr'>tonsura</span> <span class='ocrx_word' id='word_1_19' title='bbox 723 761 845 834; x_wconf 90' lang='lat' dir='ltr'>nullam</span> <span class='ocrx_word' id='word_1_20' title='bbox 870 779 964 834; x_wconf 87' lang='lat' dir='ltr'>tonso</span> <span class='ocrx_word' id='word_1_21' title='bbox 995 761 1112 832; x_wconf 82' lang='lat' dir='ltr'>tribuit</span> <span class='ocrx_word' id='word_1_22' title='bbox 1142 789 1206 860; x_wconf 90' lang='lat' dir='ltr'>po·</span> 
     </span>
    </p>
   </div>
   <div class='ocr_carea' id='block_1_4' title="bbox 126 857 1212 1832">
    <p class='ocr_par' dir='ltr' id='par_1_4' title="bbox 126 857 1212 1832">
     <span class='ocr_line' id='line_1_5' title="bbox 127 857 1208 958; baseline 0 -28"><span class='ocrx_word' id='word_1_23' title='bbox 127 876 282 930; x_wconf 74' lang='lat' dir='ltr'>testatem</span> <span class='ocrx_word' id='word_1_24' title='bbox 302 859 344 930; x_wconf 83' lang='lat' dir='ltr'>nd</span> <span class='ocrx_word' id='word_1_25' title='bbox 363 857 556 932; x_wconf 78' lang='lat' dir='ltr'>sacrificium</span> <span class='ocrx_word' id='word_1_26' title='bbox 581 876 803 958; x_wconf 74' lang='lat' dir='ltr'><strong>spectantem,</strong></span> <span class='ocrx_word' id='word_1_27' title='bbox 825 885 934 956; x_wconf 87' lang='lat' dir='ltr'>neque</span> <span class='ocrx_word' id='word_1_28' title='bbox 958 857 1065 930; x_wconf 90' lang='lat' dir='ltr'>ullum</span> <span class='ocrx_word' id='word_1_29' title='bbox 1080 861 1208 932; x_wconf 85' lang='lat' dir='ltr'>oonlert</span> 
     </span>
     <span class='ocr_line' id='line_1_6' title="bbox 127 956 1206 1051; baseline 0.003 -23"><span class='ocrx_word' id='word_1_30' title='bbox 127 960 302 1028; x_wconf 82' lang='lat' dir='ltr'>ministerii</span> <span class='ocrx_word' id='word_1_31' title='bbox 336 983 457 1051; x_wconf 77' lang='lat' dir='ltr'>genns3</span> <span class='ocrx_word' id='word_1_32' title='bbox 501 957 558 1029; x_wconf 84' lang='lat' dir='ltr'>sed</span> <span class='ocrx_word' id='word_1_33' title='bbox 600 973 712 1030; x_wconf 86' lang='lat' dir='ltr'>tumen</span> <span class='ocrx_word' id='word_1_34' title='bbox 749 983 825 1028; x_wconf 89' lang='lat' dir='ltr'>eum</span> <span class='ocrx_word' id='word_1_35' title='bbox 870 957 935 1027; x_wconf 86' lang='lat' dir='ltr'>lnta</span> <span class='ocrx_word' id='word_1_36' title='bbox 970 956 1206 1050; x_wconf 77' lang='lat' dir='ltr'>significatione</span> 
     </span>
     <span class='ocr_line' id='line_1_7' title="bbox 126 1054 1208 1142; baseline 0.003 -18"><span class='ocrx_word' id='word_1_37' title='bbox 126 1054 285 1125; x_wconf 80' lang='lat' dir='ltr'>clericum</span> <span class='ocrx_word' id='word_1_38' title='bbox 308 1055 403 1142; x_wconf 79' lang='lat' dir='ltr'>iacit,</span> <span class='ocrx_word' id='word_1_39' title='bbox 427 1054 495 1126; x_wconf 81' lang='lat' dir='ltr'>laon</span> <span class='ocrx_word' id='word_1_40' title='bbox 524 1071 574 1126; x_wconf 87' lang='lat' dir='ltr'>est</span> <span class='ocrx_word' id='word_1_41' title='bbox 606 1057 650 1125; x_wconf 85' lang='lat' dir='ltr'>ita</span> <span class='ocrx_word' id='word_1_42' title='bbox 683 1059 718 1126; x_wconf 88' lang='lat' dir='ltr'>in</span> <span class='ocrx_word' id='word_1_43' title='bbox 750 1055 899 1126; x_wconf 81' lang='lat' dir='ltr'>ordinem</span> <span class='ocrx_word' id='word_1_44' title='bbox 939 1056 1040 1126; x_wconf 80' lang='lat' dir='ltr'>refert</span> <span class='ocrx_word' id='word_1_45' title='bbox 1069 1055 1208 1128; x_wconf 86' lang='lat' dir='ltr'>elerioo·</span> 
     </span>
     <span class='ocr_line' id='line_1_8' title="bbox 128 1151 1207 1240; baseline 0.001 -19"><span class='ocrx_word' id='word_1_46' title='bbox 128 1177 224 1240; x_wconf 85' lang='lat' dir='ltr'>rnm,</span> <span class='ocrx_word' id='word_1_47' title='bbox 269 1169 309 1222; x_wconf 90' lang='lat' dir='ltr'>ut</span> <span class='ocrx_word' id='word_1_48' title='bbox 348 1155 435 1223; x_wconf 88' lang='lat' dir='ltr'>inter</span> <span class='ocrx_word' id='word_1_49' title='bbox 474 1151 547 1224; x_wconf 84' lang='lat' dir='ltr'>illos</span> <span class='ocrx_word' id='word_1_50' title='bbox 591 1167 703 1224; x_wconf 89' lang='lat' dir='ltr'>tonsus</span> <span class='ocrx_word' id='word_1_51' title='bbox 733 1151 844 1224; x_wconf 87' lang='lat' dir='ltr'>locum</span> <span class='ocrx_word' id='word_1_52' title='bbox 882 1151 999 1222; x_wconf 86' lang='lat' dir='ltr'>habeat</span> <span class='ocrx_word' id='word_1_53' title='bbox 1037 1153 1072 1222; x_wconf 93' lang='lat' dir='ltr'>in</span> <span class='ocrx_word' id='word_1_54' title='bbox 1111 1155 1207 1225; x_wconf 85' lang='lat' dir='ltr'>sacris</span> 
     </span>
     <span class='ocr_line' id='line_1_9' title="bbox 130 1248 1208 1338; baseline 0.001 -19"><span class='ocrx_word' id='word_1_55' title='bbox 130 1249 369 1338; x_wconf 74' lang='lat' dir='ltr'>dementibus,</span> <span class='ocrx_word' id='word_1_56' title='bbox 402 1264 437 1320; x_wconf 90' lang='lat' dir='ltr'>et</span> <span class='ocrx_word' id='word_1_57' title='bbox 467 1248 620 1320; x_wconf 85' lang='lat' dir='ltr'>linteatus</span> <span class='ocrx_word' id='word_1_58' title='bbox 654 1249 771 1320; x_wconf 84' lang='lat' dir='ltr'>divinis</span> <span class='ocrx_word' id='word_1_59' title='bbox 807 1248 922 1322; x_wconf 80' lang='lat' dir='ltr'>officiis</span> <span class='ocrx_word' id='word_1_60' title='bbox 958 1251 1097 1320; x_wconf 86' lang='lat' dir='ltr'>intersit.</span> <span class='ocrx_word' id='word_1_61' title='bbox 1132 1248 1208 1336; x_wconf 86' lang='lat' dir='ltr'>Quo</span> 
     </span>
     <span class='ocr_line' id='line_1_10' title="bbox 128 1343 1207 1445; baseline 0.002 -31"><span class='ocrx_word' id='word_1_62' title='bbox 128 1343 190 1434; x_wconf 74' lang='lat' dir='ltr'>tit,</span> <span class='ocrx_word' id='word_1_63' title='bbox 220 1361 259 1416; x_wconf 91' lang='lat' dir='ltr'>ut</span> <span class='ocrx_word' id='word_1_64' title='bbox 292 1345 478 1443; x_wconf 78' lang='lat' dir='ltr'>privilegia,</span> <span class='ocrx_word' id='word_1_65' title='bbox 501 1347 600 1445; x_wconf 71' lang='lat' dir='ltr'>jura,</span> <span class='ocrx_word' id='word_1_66' title='bbox 629 1349 852 1418; x_wconf 80' lang='lat' dir='ltr'>immunitates</span> <span class='ocrx_word' id='word_1_67' title='bbox 879 1345 1072 1420; x_wconf 82' lang='lat' dir='ltr'>clericorum</span> <span class='ocrx_word' id='word_1_68' title='bbox 1095 1361 1207 1420; x_wconf 87' lang='lat' dir='ltr'>tonsos</span> 
     </span>
     <span class='ocr_line' id='line_1_11' title="bbox 131 1443 1211 1541; baseline 0.002 -29"><span class='ocrx_word' id='word_1_69' title='bbox 131 1445 231 1512; x_wconf 80' lang='lat' dir='ltr'>etism</span> <span class='ocrx_word' id='word_1_70' title='bbox 256 1446 438 1539; x_wconf 77' lang='lat' dir='ltr'>attingant,</span> <span class='ocrx_word' id='word_1_71' title='bbox 459 1448 485 1516; x_wconf 88' lang='lat' dir='ltr'>si</span> <span class='ocrx_word' id='word_1_72' title='bbox 516 1460 619 1516; x_wconf 84' lang='lat' dir='ltr'>restes</span> <span class='ocrx_word' id='word_1_73' title='bbox 647 1443 798 1516; x_wconf 86' lang='lat' dir='ltr'>delerant</span> <span class='ocrx_word' id='word_1_74' title='bbox 825 1443 987 1514; x_wconf 75' lang='lat' dir='ltr'>clericales</span> <span class='ocrx_word' id='word_1_75' title='bbox 1016 1443 1089 1539; x_wconf 87' lang='grc'><strong>(1),</strong></span> <span class='ocrx_word' id='word_1_76' title='bbox 1108 1469 1211 1541; x_wconf 85' lang='lat' dir='ltr'>eaque</span> 
     </span>
     <span class='ocr_line' id='line_1_12' title="bbox 131 1539 1212 1638; baseline 0.004 -30"><span class='ocrx_word' id='word_1_77' title='bbox 131 1555 283 1628; x_wconf 70' lang='lat' dir='ltr'>servent,</span> <span class='ocrx_word' id='word_1_78' title='bbox 316 1565 392 1638; x_wconf 82' lang='lat' dir='ltr'>qnae</span> <span class='ocrx_word' id='word_1_79' title='bbox 425 1540 467 1612; x_wconf 92' lang='lat' dir='ltr'>de</span> <span class='ocrx_word' id='word_1_80' title='bbox 497 1545 561 1613; x_wconf 80' lang='lat' dir='ltr'>vita</span> <span class='ocrx_word' id='word_1_81' title='bbox 591 1557 626 1614; x_wconf 85' lang='lat' dir='ltr'>et</span> <span class='ocrx_word' id='word_1_82' title='bbox 660 1540 831 1614; x_wconf 81' lang='lat' dir='ltr'>honestate</span> <span class='ocrx_word' id='word_1_83' title='bbox 866 1539 1057 1612; x_wconf 86' lang='lat' dir='ltr'>elericorum</span> <span class='ocrx_word' id='word_1_84' title='bbox 1090 1544 1212 1612; x_wconf 86' lang='lat' dir='ltr'>sancita</span> 
     </span>
     <span class='ocr_line' id='line_1_13' title="bbox 137 1637 1209 1734; baseline 0.007 -31"><span class='ocrx_word' id='word_1_85' title='bbox 137 1651 231 1706; x_wconf 83' lang='lat' dir='ltr'>suut.</span> <span class='ocrx_word' id='word_1_86' title='bbox 266 1637 338 1710; x_wconf 77' lang='lat' dir='ltr'>llec</span> <span class='ocrx_word' id='word_1_87' title='bbox 366 1638 407 1708; x_wconf 87' lang='lat' dir='ltr'>ad</span> <span class='ocrx_word' id='word_1_88' title='bbox 440 1639 572 1712; x_wconf 84' lang='lat' dir='ltr'>clericos</span> <span class='ocrx_word' id='word_1_89' title='bbox 611 1642 779 1711; x_wconf 84' lang='lat' dir='ltr'>universos</span> <span class='ocrx_word' id='word_1_90' title='bbox 810 1641 989 1734; x_wconf 79' lang='lat' dir='ltr'>generatim</span> <span class='ocrx_word' id='word_1_91' title='bbox 1023 1641 1209 1734; x_wconf 80' lang='lat' dir='ltr'>pertinent3</span> 
     </span>
     <span class='ocr_line' id='line_1_14' title="bbox 137 1732 677 1832; baseline 0.007 -30"><span class='ocrx_word' id='word_1_92' title='bbox 137 1758 229 1806; x_wconf 89' lang='lat' dir='ltr'>nuno</span> <span class='ocrx_word' id='word_1_93' title='bbox 241 1732 280 1805; x_wconf 91' lang='lat' dir='ltr'>de</span> <span class='ocrx_word' id='word_1_94' title='bbox 290 1736 423 1832; x_wconf 78' lang='lat' dir='ltr'>singulis</span> <span class='ocrx_word' id='word_1_95' title='bbox 438 1736 602 1832; x_wconf 78' lang='lat' dir='ltr'>agendum</span> <span class='ocrx_word' id='word_1_96' title='bbox 617 1753 677 1808; x_wconf 88' lang='lat' dir='ltr'>est.</span> 
     </span>
    </p>
   </div>
   <div class='ocr_carea' id='block_1_5' title="bbox 123 1949 1263 3986">
    <p class='ocr_par' dir='ltr' id='par_1_5' title="bbox 123 1949 1263 3986">
     <span class='ocr_line' id='line_1_15' title="bbox 174 1949 1208 2038; baseline 0.005 -26"><span class='ocrx_word' id='word_1_97' title='bbox 174 1949 216 2033; x_wconf 81' lang='grc'><strong>(1)</strong></span> <span class='ocrx_word' id='word_1_98' title='bbox 236 1955 399 2016; x_wconf 79' lang='lat' dir='ltr'>consilium</span> <span class='ocrx_word' id='word_1_99' title='bbox 413 1957 622 2019; x_wconf 72' lang='lat' dir='ltr'>Tridentium</span> <span class='ocrx_word' id='word_1_100' title='bbox 635 1973 708 2020; x_wconf 83' lang='lat' dir='ltr'>sess.</span> <span class='ocrx_word' id='word_1_101' title='bbox 729 1957 767 2018; x_wconf 87' lang='grc'>11</span> <span class='ocrx_word' id='word_1_102' title='bbox 783 1974 850 2038; x_wconf 83' lang='lat' dir='ltr'>cap.</span> <span class='ocrx_word' id='word_1_103' title='bbox 868 1957 1011 2018; x_wconf 72' lang='lat' dir='ltr'>dotatas.</span> <span class='ocrx_word' id='word_1_104' title='bbox 1027 1957 1077 2018; x_wconf 71' lang='grc'><strong>11.</strong></span> <span class='ocrx_word' id='word_1_105' title='bbox 1095 1975 1162 2038; x_wconf 81' lang='lat' dir='ltr'>cop.</span> <span class='ocrx_word' id='word_1_106' title='bbox 1178 1959 1208 2018; x_wconf 91' lang='grc'><strong>1.</strong></span> 
     </span>
     <span class='ocr_line' id='line_1_16' title="bbox 131 2029 1210 2118; baseline 0.005 -25"><span class='ocrx_word' id='word_1_107' title='bbox 131 2029 168 2093; x_wconf 86' lang='lat' dir='ltr'>de</span> <span class='ocrx_word' id='word_1_108' title='bbox 183 2031 354 2115; x_wconf 74' lang='lat' dir='ltr'>resumat,</span> <span class='ocrx_word' id='word_1_109' title='bbox 372 2037 518 2099; x_wconf 84' lang='lat' dir='ltr'>modestas</span> <span class='ocrx_word' id='word_1_110' title='bbox 536 2057 599 2099; x_wconf 86' lang='lat' dir='ltr'>esse</span> <span class='ocrx_word' id='word_1_111' title='bbox 609 2037 695 2117; x_wconf 85' lang='lat' dir='ltr'>jubet</span> <span class='ocrx_word' id='word_1_112' title='bbox 714 2045 808 2100; x_wconf 77' lang='lat' dir='ltr'>vestes</span> <span class='ocrx_word' id='word_1_113' title='bbox 827 2037 1017 2114; x_wconf 81' lang='lat' dir='ltr'>elericorum,</span> <span class='ocrx_word' id='word_1_114' title='bbox 1031 2057 1096 2116; x_wconf 86' lang='lat' dir='ltr'>quae</span> <span class='ocrx_word' id='word_1_115' title='bbox 1108 2039 1210 2118; x_wconf 82' lang='lat' dir='ltr'>procul</span> 
     </span>
     <span class='ocr_line' id='line_1_17' title="bbox 131 2115 1206 2196; baseline 0.006 -22"><span class='ocrx_word' id='word_1_116' title='bbox 131 2115 230 2175; x_wconf 79' lang='lat' dir='ltr'>obsint</span> <span class='ocrx_word' id='word_1_117' title='bbox 257 2115 294 2176; x_wconf 88' lang='lat' dir='ltr'>ab</span> <span class='ocrx_word' id='word_1_118' title='bbox 319 2118 423 2180; x_wconf 87' lang='lat' dir='ltr'>habitu</span> <span class='ocrx_word' id='word_1_119' title='bbox 448 2127 478 2180; x_wconf 88' lang='lat' dir='ltr'>et</span> <span class='ocrx_word' id='word_1_120' title='bbox 501 2121 713 2181; x_wconf 72' lang='lat' dir='ltr'>eonsuetudines</span> <span class='ocrx_word' id='word_1_121' title='bbox 735 2119 934 2194; x_wconf 67' lang='lat' dir='ltr'>secularium</span> <span class='ocrx_word' id='word_1_122' title='bbox 959 2138 1206 2196; x_wconf 78' lang='lat' dir='ltr'>renumerares,</span> 
     </span>
     <span class='ocr_line' id='line_1_18' title="bbox 129 2193 1210 2282; baseline 0.004 -26"><span class='ocrx_word' id='word_1_123' title='bbox 129 2215 199 2274; x_wconf 72' lang='lat' dir='ltr'>qum</span> <span class='ocrx_word' id='word_1_124' title='bbox 210 2193 348 2278; x_wconf 75' lang='lat' dir='ltr'>deinceps</span> <span class='ocrx_word' id='word_1_125' title='bbox 364 2200 472 2262; x_wconf 76' lang='lat' dir='ltr'>habitae</span> <span class='ocrx_word' id='word_1_126' title='bbox 485 2209 570 2277; x_wconf 81' lang='lat' dir='ltr'>sunt,</span> <span class='ocrx_word' id='word_1_127' title='bbox 586 2201 707 2282; x_wconf 86' lang='lat' dir='ltr'>synodi,</span> <span class='ocrx_word' id='word_1_128' title='bbox 728 2218 776 2260; x_wconf 89' lang='lat' dir='ltr'>eas</span> <span class='ocrx_word' id='word_1_129' title='bbox 795 2199 935 2281; x_wconf 78' lang='lat' dir='ltr'>oblongas</span> <span class='ocrx_word' id='word_1_130' title='bbox 950 2201 1087 2282; x_wconf 73' lang='lat' dir='ltr'>nigrique</span> <span class='ocrx_word' id='word_1_131' title='bbox 1105 2200 1210 2261; x_wconf 87' lang='lat' dir='ltr'>eoloris</span> 
     </span>
     <span class='ocr_line' id='line_1_19' title="bbox 130 2279 1211 2345; baseline 0.006 -10"><span class='ocrx_word' id='word_1_132' title='bbox 130 2295 198 2336; x_wconf 77' lang='lat' dir='ltr'>osse</span> <span class='ocrx_word' id='word_1_133' title='bbox 223 2279 336 2340; x_wconf 83' lang='lat' dir='ltr'>volunt.</span> <span class='ocrx_word' id='word_1_134' title='bbox 361 2285 402 2344; x_wconf 88' lang='lat' dir='ltr'>lta</span> <span class='ocrx_word' id='word_1_135' title='bbox 424 2283 525 2344; x_wconf 77' lang='lat' dir='ltr'>statuit</span> <span class='ocrx_word' id='word_1_136' title='bbox 548 2291 666 2342; x_wconf 81' lang='lat' dir='ltr'>sanetus</span> <span class='ocrx_word' id='word_1_137' title='bbox 683 2283 802 2345; x_wconf 75' lang='lat' dir='ltr'>Carolus</span> <span class='ocrx_word' id='word_1_138' title='bbox 824 2285 1007 2344; x_wconf 82' lang='lat' dir='ltr'>Borromoeus</span> <span class='ocrx_word' id='word_1_139' title='bbox 1032 2282 1062 2342; x_wconf 93' lang='lat' dir='ltr'>in</span> <span class='ocrx_word' id='word_1_140' title='bbox 1087 2281 1211 2342; x_wconf 79' lang='lat' dir='ltr'>oonsilio</span> 
     </span>
     <span class='ocr_line' id='line_1_20' title="bbox 128 2358 1210 2446; baseline 0.006 -29"><span class='ocrx_word' id='word_1_141' title='bbox 128 2358 342 2422; x_wconf 83' lang='lat' dir='ltr'>ltediolanensi</span> <span class='ocrx_word' id='word_1_142' title='bbox 357 2365 370 2424; x_wconf 94' lang='lat'>1</span> <span class='ocrx_word' id='word_1_143' title='bbox 388 2382 459 2444; x_wconf 81' lang='lat' dir='ltr'>par.</span> <span class='ocrx_word' id='word_1_144' title='bbox 477 2365 491 2424; x_wconf 93' lang='grc'><strong>1</strong></span> <span class='ocrx_word' id='word_1_145' title='bbox 509 2372 568 2424; x_wconf 81' lang='lat' dir='ltr'>oct.</span> <span class='ocrx_word' id='word_1_146' title='bbox 590 2361 691 2426; x_wconf 82' lang='lat' dir='ltr'>eccles.</span> <span class='ocrx_word' id='word_1_147' title='bbox 715 2361 879 2426; x_wconf 80' lang='lat' dir='ltr'>Mediolon.</span> <span class='ocrx_word' id='word_1_148' title='bbox 901 2381 974 2446; x_wconf 80' lang='lat' dir='ltr'>paq.</span> <span class='ocrx_word' id='word_1_149' title='bbox 993 2364 1032 2424; x_wconf 92' lang='grc'><strong>16</strong></span> <span class='ocrx_word' id='word_1_150' title='bbox 1046 2361 1117 2424; x_wconf 80' lang='lat' dir='ltr'>odit.</span> <span class='ocrx_word' id='word_1_151' title='bbox 1145 2365 1210 2424; x_wconf 79' lang='lat' dir='ltr'>Po·</span> 
     </span>
     <span class='ocr_line' id='line_1_21' title="bbox 128 2440 1212 2523; baseline 0.007 -25"><span class='ocrx_word' id='word_1_152' title='bbox 128 2440 209 2500; x_wconf 76' lang='lat' dir='ltr'>tnoir&#39;</span> <span class='ocrx_word' id='word_1_153' title='bbox 233 2443 333 2518; x_wconf 78' lang='lat' dir='ltr'>trtt‚·</span> <span class='ocrx_word' id='word_1_154' title='bbox 355 2446 510 2506; x_wconf 86' lang='lat' dir='ltr'>oonoilium</span> <span class='ocrx_word' id='word_1_155' title='bbox 535 2445 744 2506; x_wconf 83' lang='lat' dir='ltr'>lleohliniense</span> <span class='ocrx_word' id='word_1_156' title='bbox 764 2463 837 2506; x_wconf 86' lang='lat' dir='ltr'>ann.</span> <span class='ocrx_word' id='word_1_157' title='bbox 864 2446 954 2523; x_wconf 82' lang='grc'><strong>1750,</strong></span> <span class='ocrx_word' id='word_1_158' title='bbox 980 2445 1025 2506; x_wconf 85' lang='lat' dir='ltr'>tit.</span> <span class='ocrx_word' id='word_1_159' title='bbox 1047 2443 1083 2507; x_wconf 83' lang='lat' dir='ltr'>de</span> <span class='ocrx_word' id='word_1_160' title='bbox 1107 2443 1160 2505; x_wconf 87' lang='lat' dir='ltr'>vit.</span> <span class='ocrx_word' id='word_1_161' title='bbox 1184 2453 1212 2506; x_wconf 85' lang='lat' dir='ltr'>et</span> 
     </span>
     <span class='ocr_line' id='line_1_22' title="bbox 127 2517 1210 2608; baseline 0.005 -26"><span class='ocrx_word' id='word_1_162' title='bbox 127 2517 248 2583; x_wconf 75' lang='lat' dir='ltr'>honest.</span> <span class='ocrx_word' id='word_1_163' title='bbox 264 2521 395 2587; x_wconf 76' lang='lat' dir='ltr'>clericor.</span> <span class='ocrx_word' id='word_1_164' title='bbox 411 2545 479 2608; x_wconf 82' lang='lat' dir='ltr'>cop.</span> <span class='ocrx_word' id='word_1_165' title='bbox 496 2528 514 2587; x_wconf 77' lang='grc'><strong>5</strong></span> <span class='ocrx_word' id='word_1_166' title='bbox 529 2535 598 2588; x_wconf 80' lang='lat' dir='ltr'>torn.</span> <span class='ocrx_word' id='word_1_167' title='bbox 616 2529 652 2588; x_wconf 76' lang='lat'>21</span> <span class='ocrx_word' id='word_1_168' title='bbox 678 2523 733 2588; x_wconf 84' lang='lat' dir='ltr'>col.</span> <span class='ocrx_word' id='word_1_169' title='bbox 751 2527 827 2602; x_wconf 78' lang='lat'>597;</span> <span class='ocrx_word' id='word_1_170' title='bbox 849 2526 1015 2587; x_wconf 82' lang='lat' dir='ltr'>Rhomense</span> <span class='ocrx_word' id='word_1_171' title='bbox 1036 2545 1084 2588; x_wconf 90' lang='lat' dir='ltr'>an.</span> <span class='ocrx_word' id='word_1_172' title='bbox 1110 2527 1210 2602; x_wconf 80' lang='grc'><strong>1185,</strong></span> 
     </span>
     <span class='ocr_line' id='line_1_23' title="bbox 127 2601 1211 2692; baseline 0.004 -30"><span class='ocrx_word' id='word_1_173' title='bbox 127 2601 179 2662; x_wconf 83' lang='lat' dir='ltr'>ut.</span> <span class='ocrx_word' id='word_1_174' title='bbox 198 2601 236 2663; x_wconf 85' lang='lat' dir='ltr'>de</span> <span class='ocrx_word' id='word_1_175' title='bbox 249 2601 345 2666; x_wconf 80' lang='lat' dir='ltr'>clorio.</span> <span class='ocrx_word' id='word_1_176' title='bbox 370 2607 402 2668; x_wconf 80' lang='lat' dir='ltr'>in</span> <span class='ocrx_word' id='word_1_177' title='bbox 414 2626 513 2692; x_wconf 66' lang='grc' dir='ltr'>ρεπεν.</span> <span class='ocrx_word' id='word_1_178' title='bbox 523 2652 533 2684; x_wconf 95' lang='grc'><strong>,</strong></span> <span class='ocrx_word' id='word_1_179' title='bbox 550 2627 635 2668; x_wconf 82' lang='lat' dir='ltr'>num.</span> <span class='ocrx_word' id='word_1_180' title='bbox 653 2609 672 2667; x_wconf 88' lang='lat'><strong>8</strong></span> <span class='ocrx_word' id='word_1_181' title='bbox 687 2605 742 2670; x_wconf 85' lang='lat' dir='ltr'>ool.</span> <span class='ocrx_word' id='word_1_182' title='bbox 759 2609 820 2668; x_wconf 91' lang='grc'><strong>710</strong></span> <span class='ocrx_word' id='word_1_183' title='bbox 833 2604 905 2668; x_wconf 84' lang='lat' dir='ltr'>dict.</span> <span class='ocrx_word' id='word_1_184' title='bbox 929 2615 999 2668; x_wconf 90' lang='lat' dir='ltr'>tom.</span> <span class='ocrx_word' id='word_1_185' title='bbox 1017 2609 1051 2667; x_wconf 77' lang='lat' dir='ltr'>2l</span> <span class='ocrx_word' id='word_1_186' title='bbox 1061 2629 1073 2682; x_wconf 94' lang='grc'>,·</span> <span class='ocrx_word' id='word_1_187' title='bbox 1102 2607 1211 2668; x_wconf 89' lang='lat' dir='ltr'>Burdi-</span> 
     </span>
     <span class='ocr_line' id='line_1_24' title="bbox 127 2683 1205 2766; baseline 0.006 -24"><span class='ocrx_word' id='word_1_188' title='bbox 127 2684 253 2764; x_wconf 78' lang='lat' dir='ltr'>galense</span> <span class='ocrx_word' id='word_1_189' title='bbox 266 2705 314 2746; x_wconf 86' lang='lat' dir='ltr'>an.</span> <span class='ocrx_word' id='word_1_190' title='bbox 338 2690 429 2766; x_wconf 78' lang='grc'><strong>1585,</strong></span> <span class='ocrx_word' id='word_1_191' title='bbox 454 2689 499 2750; x_wconf 85' lang='lat' dir='ltr'>tit.</span> <span class='ocrx_word' id='word_1_192' title='bbox 517 2690 552 2750; x_wconf 71' lang='grc'><strong>01</strong></span> <span class='ocrx_word' id='word_1_193' title='bbox 570 2686 624 2750; x_wconf 84' lang='lat' dir='ltr'>ool.</span> <span class='ocrx_word' id='word_1_194' title='bbox 643 2691 697 2750; x_wconf 91' lang='grc'>771</span> <span class='ocrx_word' id='word_1_195' title='bbox 717 2687 781 2750; x_wconf 84' lang='lat' dir='ltr'>eod.</span> <span class='ocrx_word' id='word_1_196' title='bbox 809 2696 880 2747; x_wconf 86' lang='lat' dir='ltr'>tom.</span> <span class='ocrx_word' id='word_1_197' title='bbox 897 2689 932 2747; x_wconf 76' lang='lat' dir='ltr'>nt</span> <span class='ocrx_word' id='word_1_198' title='bbox 951 2683 1063 2748; x_wconf 82' lang='lat' dir='ltr'>collect.</span> <span class='ocrx_word' id='word_1_199' title='bbox 1080 2685 1205 2765; x_wconf 77' lang='lat' dir='ltr'>lodoci,</span> 
     </span>
     <span class='ocr_line' id='line_1_25' title="bbox 125 2764 1210 2832; baseline 0.004 -6"><span class='ocrx_word' id='word_1_200' title='bbox 125 2764 206 2826; x_wconf 79' lang='lat' dir='ltr'>eda‘t.</span> <span class='ocrx_word' id='word_1_201' title='bbox 225 2767 326 2827; x_wconf 77' lang='lat' dir='ltr'>Vertat.</span> <span class='ocrx_word' id='word_1_202' title='bbox 341 2773 441 2831; x_wconf 84' lang='lat' dir='ltr'>Exstat</span> <span class='ocrx_word' id='word_1_203' title='bbox 452 2771 540 2830; x_wconf 82' lang='lat' dir='ltr'>etiarn</span> <span class='ocrx_word' id='word_1_204' title='bbox 555 2789 587 2830; x_wconf 88' lang='lat' dir='ltr'>ea</span> <span class='ocrx_word' id='word_1_205' title='bbox 603 2771 641 2832; x_wconf 89' lang='lat' dir='ltr'>de</span> <span class='ocrx_word' id='word_1_206' title='bbox 654 2789 688 2831; x_wconf 85' lang='lat' dir='ltr'>re</span> <span class='ocrx_word' id='word_1_207' title='bbox 702 2770 777 2831; x_wconf 85' lang='lat' dir='ltr'>Sixti</span> <span class='ocrx_word' id='word_1_208' title='bbox 792 2767 1003 2830; x_wconf 81' lang='lat' dir='ltr'>VConstitutio</span> <span class='ocrx_word' id='word_1_209' title='bbox 1020 2771 1095 2829; x_wconf 83' lang='lat' dir='ltr'>Cum</span> <span class='ocrx_word' id='word_1_210' title='bbox 1107 2787 1210 2830; x_wconf 83' lang='lat' dir='ltr'>saero-</span> 
     </span>
     <span class='ocr_line' id='line_1_26' title="bbox 126 2844 1209 2934; baseline 0 -24"><span class='ocrx_word' id='word_1_211' title='bbox 126 2851 362 2926; x_wconf 72' lang='lat' dir='ltr'>sumimur,</span> <span class='ocrx_word' id='word_1_212' title='bbox 386 2859 456 2911; x_wconf 88' lang='lat' dir='ltr'>tom.</span> <span class='ocrx_word' id='word_1_213' title='bbox 475 2853 589 2932; x_wconf 64' lang='lat' dir='ltr'>Spart.</span> <span class='ocrx_word' id='word_1_214' title='bbox 608 2855 621 2912; x_wconf 95' lang='grc'><strong>1</strong></span> <span class='ocrx_word' id='word_1_215' title='bbox 638 2871 710 2934; x_wconf 80' lang='lat' dir='ltr'>paq.</span> <span class='ocrx_word' id='word_1_216' title='bbox 727 2852 779 2911; x_wconf 79' lang='lat' dir='ltr'>tn.</span> <span class='ocrx_word' id='word_1_217' title='bbox 801 2844 924 2910; x_wconf 76' lang='lat' dir='ltr'>Butler.</span> <span class='ocrx_word' id='word_1_218' title='bbox 947 2849 1032 2909; x_wconf 74' lang='lat' dir='ltr'>Rota.</span> <span class='ocrx_word' id='word_1_219' title='bbox 1048 2845 1105 2909; x_wconf 82' lang='lat' dir='ltr'>ult.</span> <span class='ocrx_word' id='word_1_220' title='bbox 1122 2847 1209 2927; x_wconf 79' lang='lat' dir='ltr'>edit,</span> 
     </span>
     <span class='ocr_line' id='line_1_27' title="bbox 125 2927 1212 3011; baseline 0.003 -23"><span class='ocrx_word' id='word_1_221' title='bbox 125 2945 193 3006; x_wconf 79' lang='lat' dir='ltr'>qua</span> <span class='ocrx_word' id='word_1_222' title='bbox 218 2945 320 2990; x_wconf 85' lang='lat' dir='ltr'>omnes</span> <span class='ocrx_word' id='word_1_223' title='bbox 353 2931 468 3008; x_wconf 75' lang='lat' dir='ltr'>cleriei,</span> <span class='ocrx_word' id='word_1_224' title='bbox 494 2931 544 3011; x_wconf 86' lang='lat' dir='ltr'>qui</span> <span class='ocrx_word' id='word_1_225' title='bbox 571 2931 713 2994; x_wconf 78' lang='lat' dir='ltr'>beneficia</span> <span class='ocrx_word' id='word_1_226' title='bbox 738 2937 790 2994; x_wconf 84' lang='lat' dir='ltr'>aut</span> <span class='ocrx_word' id='word_1_227' title='bbox 820 2930 974 3010; x_wconf 80' lang='lat' dir='ltr'>pensiones</span> <span class='ocrx_word' id='word_1_228' title='bbox 999 2927 1126 3007; x_wconf 84' lang='lat' dir='ltr'>habent,</span> <span class='ocrx_word' id='word_1_229' title='bbox 1152 2949 1212 2992; x_wconf 86' lang='lat' dir='ltr'>non</span> 
     </span>
     <span class='ocr_line' id='line_1_28' title="bbox 126 3009 1211 3095; baseline 0.005 -27"><span class='ocrx_word' id='word_1_230' title='bbox 126 3009 225 3069; x_wconf 86' lang='lat' dir='ltr'>modo</span> <span class='ocrx_word' id='word_1_231' title='bbox 248 3017 412 3088; x_wconf 81' lang='lat' dir='ltr'>tonsuram,</span> <span class='ocrx_word' id='word_1_232' title='bbox 441 3013 492 3074; x_wconf 85' lang='lat' dir='ltr'>sed</span> <span class='ocrx_word' id='word_1_233' title='bbox 516 3013 604 3074; x_wconf 84' lang='lat' dir='ltr'>etiam</span> <span class='ocrx_word' id='word_1_234' title='bbox 625 3015 741 3095; x_wconf 76' lang='lat' dir='ltr'>longas,</span> <span class='ocrx_word' id='word_1_235' title='bbox 767 3011 828 3073; x_wconf 82' lang='lat' dir='ltr'>sive</span> <span class='ocrx_word' id='word_1_236' title='bbox 849 3011 954 3072; x_wconf 85' lang='lat' dir='ltr'>talares</span> <span class='ocrx_word' id='word_1_237' title='bbox 979 3019 1072 3072; x_wconf 83' lang='lat' dir='ltr'>vestes</span> <span class='ocrx_word' id='word_1_238' title='bbox 1097 3019 1211 3092; x_wconf 77' lang='lat' dir='ltr'>gestare</span> 
     </span>
     <span class='ocr_line' id='line_1_29' title="bbox 123 3090 1212 3174; baseline 0.004 -24"><span class='ocrx_word' id='word_1_239' title='bbox 123 3090 292 3170; x_wconf 84' lang='lat' dir='ltr'>jubentur,</span> <span class='ocrx_word' id='word_1_240' title='bbox 313 3094 560 3173; x_wconf 81' lang='lat' dir='ltr'>pensionibusque</span> <span class='ocrx_word' id='word_1_241' title='bbox 586 3115 619 3156; x_wconf 86' lang='lat' dir='ltr'>no</span> <span class='ocrx_word' id='word_1_242' title='bbox 638 3095 788 3156; x_wconf 84' lang='lat' dir='ltr'>beneficiis</span> <span class='ocrx_word' id='word_1_243' title='bbox 802 3091 974 3172; x_wconf 83' lang='lat' dir='ltr'>privantur,</span> <span class='ocrx_word' id='word_1_244' title='bbox 990 3093 1039 3171; x_wconf 90' lang='lat' dir='ltr'>qui</span> <span class='ocrx_word' id='word_1_245' title='bbox 1066 3093 1135 3153; x_wconf 90' lang='lat' dir='ltr'>huio</span> <span class='ocrx_word' id='word_1_246' title='bbox 1153 3094 1212 3174; x_wconf 76' lang='lat' dir='ltr'>legi</span> 
     </span>
     <span class='ocr_line' id='line_1_30' title="bbox 126 3171 1210 3254; baseline 0.002 -22"><span class='ocrx_word' id='word_1_247' title='bbox 126 3191 196 3232; x_wconf 88' lang='lat' dir='ltr'>non</span> <span class='ocrx_word' id='word_1_248' title='bbox 218 3171 430 3252; x_wconf 84' lang='lat' dir='ltr'>obtemperant,</span> <span class='ocrx_word' id='word_1_249' title='bbox 453 3196 469 3236; x_wconf 90' lang='lat' dir='ltr'>a</span> <span class='ocrx_word' id='word_1_250' title='bbox 490 3193 548 3253; x_wconf 88' lang='lat' dir='ltr'>qua</span> <span class='ocrx_word' id='word_1_251' title='bbox 570 3184 668 3236; x_wconf 84' lang='lat' dir='ltr'>tamen</span> <span class='ocrx_word' id='word_1_252' title='bbox 682 3175 785 3237; x_wconf 86' lang='lat' dir='ltr'>eadem</span> <span class='ocrx_word' id='word_1_253' title='bbox 798 3174 863 3254; x_wconf 78' lang='lat' dir='ltr'>lege</span> <span class='ocrx_word' id='word_1_254' title='bbox 877 3173 939 3254; x_wconf 88' lang='lat' dir='ltr'>ipse</span> <span class='ocrx_word' id='word_1_255' title='bbox 953 3173 1051 3235; x_wconf 82' lang='lat' dir='ltr'>Sixtus</span> <span class='ocrx_word' id='word_1_256' title='bbox 1069 3178 1095 3236; x_wconf 89' lang='lat' dir='ltr'>V</span> <span class='ocrx_word' id='word_1_257' title='bbox 1112 3175 1210 3235; x_wconf 72' lang='lat' dir='ltr'>corut.</span> 
     </span>
     <span class='ocr_line' id='line_1_31' title="bbox 126 3251 1263 3338; baseline 0 -24"><span class='ocrx_word' id='word_1_258' title='bbox 126 3251 308 3316; x_wconf 76' lang='lat' dir='ltr'>Pnatorslr&#39;s</span> <span class='ocrx_word' id='word_1_259' title='bbox 321 3252 376 3317; x_wconf 82' lang='lat' dir='ltr'>loe.</span> <span class='ocrx_word' id='word_1_260' title='bbox 392 3256 456 3332; x_wconf 81' lang='lat' dir='ltr'>cit,</span> <span class='ocrx_word' id='word_1_261' title='bbox 469 3274 542 3338; x_wconf 76' lang='lat' dir='ltr'>pup-</span> <span class='ocrx_word' id='word_1_262' title='bbox 559 3259 600 3318; x_wconf 86' lang='grc'>11</span> <span class='ocrx_word' id='word_1_263' title='bbox 618 3257 705 3318; x_wconf 88' lang='lat' dir='ltr'>solvit</span> <span class='ocrx_word' id='word_1_264' title='bbox 722 3275 787 3331; x_wconf 86' lang='lat' dir='ltr'>eos,</span> <span class='ocrx_word' id='word_1_265' title='bbox 813 3273 940 3332; x_wconf 86' lang='lat' dir='ltr'>qnorum</span> <span class='ocrx_word' id='word_1_266' title='bbox 965 3255 1211 3334; x_wconf 84' lang='lat' dir='ltr'>pensiones&#39;auno</span> <span class='ocrx_word' id='word_1_267' title='bbox 1262 3333 1263 3336; x_wconf 8' lang='grc' dir='ltr'><strong>Ἴ</strong></span> 
     </span>
     <span class='ocr_line' id='line_1_32' title="bbox 125 3333 1212 3416; baseline -0.001 -20"><span class='ocrx_word' id='word_1_268' title='bbox 125 3351 256 3413; x_wconf 87' lang='lat' dir='ltr'>quoque</span> <span class='ocrx_word' id='word_1_269' title='bbox 278 3353 335 3398; x_wconf 90' lang='lat' dir='ltr'>non</span> <span class='ocrx_word' id='word_1_270' title='bbox 358 3345 498 3416; x_wconf 84' lang='lat' dir='ltr'>superant</span> <span class='ocrx_word' id='word_1_271' title='bbox 519 3357 643 3414; x_wconf 86' lang='lat' dir='ltr'>aureos,</span> <span class='ocrx_word' id='word_1_272' title='bbox 661 3339 737 3414; x_wconf 88' lang='lat' dir='ltr'>sire,</span> <span class='ocrx_word' id='word_1_273' title='bbox 760 3343 795 3397; x_wconf 90' lang='lat' dir='ltr'>ut</span> <span class='ocrx_word' id='word_1_274' title='bbox 818 3344 936 3412; x_wconf 83' lang='lat' dir='ltr'>vocant,</span> <span class='ocrx_word' id='word_1_275' title='bbox 952 3335 1072 3398; x_wconf 88' lang='lat' dir='ltr'>duoatos</span> <span class='ocrx_word' id='word_1_276' title='bbox 1097 3333 1134 3396; x_wconf 88' lang='lat' dir='ltr'>do</span> <span class='ocrx_word' id='word_1_277' title='bbox 1157 3338 1212 3397; x_wconf 84' lang='lat' dir='ltr'>Ca-</span> 
     </span>
     <span class='ocr_line' id='line_1_33' title="bbox 127 3415 1214 3496; baseline -0.003 -18"><span class='ocrx_word' id='word_1_278' title='bbox 127 3432 218 3478; x_wconf 84' lang='lat' dir='ltr'>mera</span> <span class='ocrx_word' id='word_1_279' title='bbox 234 3415 289 3492; x_wconf 83' lang='grc'>60,</span> <span class='ocrx_word' id='word_1_280' title='bbox 304 3426 445 3496; x_wconf 78' lang='lat' dir='ltr'>praeterea</span> <span class='ocrx_word' id='word_1_281' title='bbox 457 3418 599 3496; x_wconf 86' lang='lat' dir='ltr'>quosdam</span> <span class='ocrx_word' id='word_1_282' title='bbox 614 3423 721 3481; x_wconf 90' lang='lat' dir='ltr'>summi</span> <span class='ocrx_word' id='word_1_283' title='bbox 737 3417 886 3480; x_wconf 83' lang='lat' dir='ltr'>Pontificio</span> <span class='ocrx_word' id='word_1_284' title='bbox 900 3416 1069 3478; x_wconf 79' lang='lat' dir='ltr'>familiares.</span> <span class='ocrx_word' id='word_1_285' title='bbox 1086 3417 1214 3478; x_wconf 79' lang='lat' dir='ltr'>Accessit</span> 
     </span>
     <span class='ocr_line' id='line_1_34' title="bbox 129 3493 1211 3582; baseline -0.002 -24"><span class='ocrx_word' id='word_1_286' title='bbox 129 3495 288 3558; x_wconf 80' lang='lat' dir='ltr'>Benedicti</span> <span class='ocrx_word' id='word_1_287' title='bbox 310 3501 378 3560; x_wconf 85' lang='lat' dir='ltr'>xtlt</span> <span class='ocrx_word' id='word_1_288' title='bbox 396 3499 572 3562; x_wconf 78' lang='lat' dir='ltr'>constitutio</span> <span class='ocrx_word' id='word_1_289' title='bbox 592 3498 769 3582; x_wconf 79' lang='lat' dir='ltr'>Apostolicoe</span> <span class='ocrx_word' id='word_1_290' title='bbox 784 3493 908 3560; x_wconf 73' lang='lat' dir='ltr'>molesios</span> <span class='ocrx_word' id='word_1_291' title='bbox 922 3501 973 3576; x_wconf 87' lang='grc'><strong>61,</strong></span> <span class='ocrx_word' id='word_1_292' title='bbox 991 3506 1061 3558; x_wconf 87' lang='lat' dir='ltr'>tom.</span> <span class='ocrx_word' id='word_1_293' title='bbox 1089 3501 1122 3558; x_wconf 94' lang='grc'>11</span> <span class='ocrx_word' id='word_1_294' title='bbox 1137 3516 1211 3579; x_wconf 81' lang='lat' dir='ltr'>poq.</span> 
     </span>
     <span class='ocr_line' id='line_1_35' title="bbox 128 3575 1212 3660; baseline -0.001 -22"><span class='ocrx_word' id='word_1_295' title='bbox 128 3579 199 3638; x_wconf 85' lang='grc'><strong>100</strong></span> <span class='ocrx_word' id='word_1_296' title='bbox 221 3577 272 3638; x_wconf 80' lang='lat' dir='ltr'>cit.</span> <span class='ocrx_word' id='word_1_297' title='bbox 292 3575 434 3656; x_wconf 57' lang='grc' dir='ltr'>Μαι,</span> <span class='ocrx_word' id='word_1_298' title='bbox 456 3599 513 3660; x_wconf 87' lang='lat' dir='ltr'>qua</span> <span class='ocrx_word' id='word_1_299' title='bbox 534 3581 671 3642; x_wconf 86' lang='lat' dir='ltr'>similiter</span> <span class='ocrx_word' id='word_1_300' title='bbox 689 3579 854 3642; x_wconf 86' lang='lat' dir='ltr'>mustitntis</span> <span class='ocrx_word' id='word_1_301' title='bbox 870 3580 963 3659; x_wconf 85' lang='lat' dir='ltr'>poenis</span> <span class='ocrx_word' id='word_1_302' title='bbox 980 3579 1131 3658; x_wconf 88' lang='lat' dir='ltr'>provisum</span> <span class='ocrx_word' id='word_1_303' title='bbox 1153 3587 1212 3651; x_wconf 84' lang='lat' dir='ltr'>est,</span> 
     </span>
     <span class='ocr_line' id='line_1_36' title="bbox 129 3658 1213 3738; baseline 0 -20"><span class='ocrx_word' id='word_1_304' title='bbox 129 3658 286 3719; x_wconf 82' lang='lat' dir='ltr'>neoterici</span> <span class='ocrx_word' id='word_1_305' title='bbox 311 3659 451 3722; x_wconf 83' lang='lat' dir='ltr'>laieorum</span> <span class='ocrx_word' id='word_1_306' title='bbox 476 3671 571 3723; x_wconf 87' lang='lat' dir='ltr'>vestes</span> <span class='ocrx_word' id='word_1_307' title='bbox 596 3663 739 3723; x_wconf 82' lang='lat' dir='ltr'>deserant.</span> <span class='ocrx_word' id='word_1_308' title='bbox 758 3665 941 3738; x_wconf 87' lang='lat' dir='ltr'>Quamquam</span> <span class='ocrx_word' id='word_1_309' title='bbox 965 3669 1063 3721; x_wconf 88' lang='lat' dir='ltr'>autern</span> <span class='ocrx_word' id='word_1_310' title='bbox 1085 3659 1159 3720; x_wconf 86' lang='lat' dir='ltr'>sixti</span> <span class='ocrx_word' id='word_1_311' title='bbox 1187 3661 1213 3718; x_wconf 84' lang='lat' dir='ltr'>V</span> 
     </span>
     <span class='ocr_line' id='line_1_37' title="bbox 130 3739 1214 3821; baseline -0.003 -21"><span class='ocrx_word' id='word_1_312' title='bbox 130 3741 326 3817; x_wconf 83' lang='lat' dir='ltr'>eonstitutio,</span> <span class='ocrx_word' id='word_1_313' title='bbox 352 3750 382 3801; x_wconf 88' lang='lat' dir='ltr'>et</span> <span class='ocrx_word' id='word_1_314' title='bbox 407 3742 522 3802; x_wconf 82' lang='lat' dir='ltr'>decreta</span> <span class='ocrx_word' id='word_1_315' title='bbox 550 3744 757 3816; x_wconf 78' lang='lat' dir='ltr'>conciliorum,</span> <span class='ocrx_word' id='word_1_316' title='bbox 786 3759 913 3820; x_wconf 92' lang='lat' dir='ltr'>quorum</span> <span class='ocrx_word' id='word_1_317' title='bbox 936 3741 1023 3821; x_wconf 86' lang='lat' dir='ltr'>paulo</span> <span class='ocrx_word' id='word_1_318' title='bbox 1049 3747 1117 3800; x_wconf 86' lang='lat' dir='ltr'>ante</span> <span class='ocrx_word' id='word_1_319' title='bbox 1140 3739 1214 3801; x_wconf 80' lang='lat' dir='ltr'>laeto</span> 
     </span>
     <span class='ocr_line' id='line_1_38' title="bbox 128 3821 1212 3905; baseline -0.004 -26"><span class='ocrx_word' id='word_1_320' title='bbox 128 3822 250 3880; x_wconf 86' lang='lat' dir='ltr'>mentio</span> <span class='ocrx_word' id='word_1_321' title='bbox 272 3830 330 3899; x_wconf 86' lang='lat' dir='ltr'>est,</span> <span class='ocrx_word' id='word_1_322' title='bbox 356 3822 475 3884; x_wconf 86' lang='lat' dir='ltr'>clerioos</span> <span class='ocrx_word' id='word_1_323' title='bbox 497 3833 611 3904; x_wconf 76' lang='lat' dir='ltr'>gesture</span> <span class='ocrx_word' id='word_1_324' title='bbox 633 3825 724 3886; x_wconf 83' lang='lat' dir='ltr'>velint</span> <span class='ocrx_word' id='word_1_325' title='bbox 748 3823 864 3905; x_wconf 77' lang='lat' dir='ltr'>longas,</span> <span class='ocrx_word' id='word_1_326' title='bbox 892 3840 943 3882; x_wconf 87' lang='lat' dir='ltr'>seu</span> <span class='ocrx_word' id='word_1_327' title='bbox 971 3821 1076 3881; x_wconf 81' lang='lat' dir='ltr'>talares</span> <span class='ocrx_word' id='word_1_328' title='bbox 1102 3825 1212 3894; x_wconf 88' lang='lat' dir='ltr'>vestes,</span> 
     </span>
     <span class='ocr_line' id='line_1_39' title="bbox 128 3900 1214 3986; baseline -0.004 -22"><span class='ocrx_word' id='word_1_329' title='bbox 128 3919 217 3964; x_wconf 83' lang='lat' dir='ltr'>nnnc</span> <span class='ocrx_word' id='word_1_330' title='bbox 237 3908 335 3963; x_wconf 87' lang='lat' dir='ltr'>tamen</span> <span class='ocrx_word' id='word_1_331' title='bbox 354 3921 411 3966; x_wconf 84' lang='lat' dir='ltr'>usu</span> <span class='ocrx_word' id='word_1_332' title='bbox 435 3911 585 3985; x_wconf 77' lang='lat' dir='ltr'>receptum</span> <span class='ocrx_word' id='word_1_333' title='bbox 604 3913 663 3986; x_wconf 79' lang='lat' dir='ltr'>est,</span> <span class='ocrx_word' id='word_1_334' title='bbox 682 3914 716 3968; x_wconf 90' lang='lat' dir='ltr'>ut</span> <span class='ocrx_word' id='word_1_335' title='bbox 728 3905 771 3967; x_wconf 87' lang='lat' dir='ltr'>illi</span> <span class='ocrx_word' id='word_1_336' title='bbox 792 3903 974 3966; x_wconf 79' lang='lat' dir='ltr'>clericalibus</span> <span class='ocrx_word' id='word_1_337' title='bbox 995 3900 1132 3981; x_wconf 86' lang='lat' dir='ltr'>quidem,</span> <span class='ocrx_word' id='word_1_338' title='bbox 1155 3917 1214 3960; x_wconf 89' lang='lat' dir='ltr'>nou</span> 
     </span>
    </p>
   </div>
   <div class='ocr_carea' id='block_1_6' title="bbox 237 3977 1113 4072">
    <p class='ocr_par' dir='ltr' id='par_1_6' title="bbox 237 3977 1113 4072">
     <span class='ocr_line' id='line_1_40' title="bbox 237 3977 1113 4072; baseline -0.005 -18"><span class='ocrx_word' id='word_1_339' title='bbox 237 4005 314 4054; x_wconf 83' lang='grc' dir='ltr'><strong>τοι.</strong></span> <span class='ocrx_word' id='word_1_340' title='bbox 342 4008 366 4055; x_wconf 91' lang='grc' dir='ltr'>ι.</span> <span class='ocrx_word' id='word_1_341' title='bbox 397 4065 401 4072; x_wconf 44' lang='grc'><strong>,</strong></span> <span class='ocrx_word' id='word_1_342' title='bbox 1078 3977 1113 4050; x_wconf 81' lang='lat'>5.</span> 
     </span>
    </p>
   </div>
   <div class='ocr_carea' id='block_1_7' title="bbox 0 0 1554 5182">
    <p class='ocr_par' dir='ltr' id='par_1_7' title="bbox 0 0 1554 5182">
     <span class='ocr_line' id='line_1_41' title="bbox 0 0 1554 5182; baseline 0 0"><span class='ocrx_word' id='word_1_343' title='bbox 0 0 1554 5182; x_wconf 95' lang='lat' dir='ltr'> </span> 
     </span>
    </p>
   </div>
  </div>
 </body>
</html>
