3122 5178
811 381 1008 450 ..50-

368 529 458 591 luisse
470 533 590 608 putant,
610 545 670 606 quo
683 525 817 589 homines
836 529 916 589 nulla
931 546 1051 608 prorsus
1068 528 1206 588 societate
1221 529 1370 608 conjuncti
1390 550 1442 592 ex·

367 611 447 692 leges
462 617 547 670 eraut
567 617 598 669 et
618 609 778 669 bestiamm
806 629 889 672 more
910 611 1001 671 vitam
1021 609 1226 670 traducebant.
1254 611 1324 672 vid.
1352 615 1439 674 loau.

368 691 554 754 Franciscum
581 691 730 752 Finettum
753 689 790 751 de
809 691 918 753 Prisci
939 735 947 750 .
971 690 1039 772 jur.
1066 699 1131 750 nat.
1155 701 1184 751 et
1206 699 1306 772 pent,
1327 689 1378 752 lib.
1402 696 1441 754 la

368 792 436 854 cop.
451 775 469 833 6
485 781 554 833 tun.
568 773 588 832 2
599 790 671 854 pop.
686 774 746 833 299
759 780 788 832 et
800 791 878 857 seq„
933 817 941 830 .
961 775 1060 834 verret.
1074 791 1126 831 aa.
1140 773 1236 848 ¹764,
1250 773 1441 852 ejusdemque

366 853 501 914 libellum
511 853 685 932 inscriptum
699 857 721 916 Α
723 850 847 936 pelopia
860 851 909 916 del
920 870 1025 935 quaere
1034 871 1147 914 antam
1161 864 1302 915 accusato
1315 853 1440 916 d'casere

365 943 443 996 stato
460 954 525 995 una
537 932 619 995 voltu
636 932 744 1010 beatim-
758 943 846 1014 atque
865 937 897 996 in
918 935 1022 1014 primis
1042 935 1111 994 vide
1132 935 1266 996 libellum
1286 939 1438 1017 egregium

365 1025 395 1076 et
408 1015 681 1096 prestantissimum
692 1016 788 1077 Emin.
802 1022 839 1079 D.
856 1015 943 1078 eud.
958 1015 1075 1090 cernit,
1091 1016 1138 1076 eui
1152 1017 1256 1078 titulus
1267 1017 1438 1080 :niscours

365 1115 421 1159 sur
440 1095 578 1159 l’ltcmme
595 1096 745 1160 occidui
760 1096 964 1161 relativcmcat
977 1100 997 1158 ὰ
1011 1093 1093 1159 t’ttat
1106 1095 1143 1159 dc
1156 1107 1278 1176 nature,
1294 1105 1323 1160 ct
1335 1097 1438 1160 relati-

365 1186 481 1242 vemcnt
494 1175 608 1240 et'cat
620 1177 655 1242 de
667 1178 782 1241 amitti.

410 1399 443 1568 ἕ.
463 1397 591 1470 ΧΧΧΙ.
610 1397 803 1471 Constitutis
826 1397 1030 1470 societatibus
1059 1399 1227 1468 civitatum
1256 1415 1291 1470 et
1306 1426 1437 1472 rerum·

364 1495 589 1594 pulmarum,
637 1511 674 1567 ut
717 1499 897 1568 consociata
938 1494 1116 1566 multitudo
1162 1512 1250 1566 reete
1298 1513 1437 1594 apteque

363 1610 551 1690 regeretur,
579 1596 749 1665 instituere
764 1595 929 1689 oportuit,
954 1596 1011 1689 qui
1026 1594 1055 1663 ei
1073 1595 1285 1688 imperarent.
1315 1595 1434 1664 llarum

364 1717 439 1764 vero
464 1693 656 1762 societatum
683 1689 936 1761 fundamentum
958 1715 1025 1758 esse
1053 1689 1168 1759 debuit
1184 1692 1240 1788 jus
1263 1717 1437 1763 commune
1558 1693 1559 1698 ’

363 1788 534 1874 omnibus,
547 1788 603 1882 jus
623 1789 781 1856 nimirum
803 1789 951 1857 omnium
978 1788 1095 1856 animis
1111 1788 1326 1882 impressum,
1347 1789 1436 1884 quod

363 1884 465 1955 deleri
486 1881 623 1979 tollique
639 1907 707 1953 non
734 1897 859 1978 potest,
887 1898 921 1952 et
944 1907 1030 1979 quo,
1057 1885 1177 1974 initio,
1201 1885 1361 1981 simplices
1384 1887 1437 1956 la·

363 1980 527 2052 miliarum
554 1983 720 2052 societates
754 1979 944 2052 utebantur.
971 1979 1081 2078 Atque
1114 1981 1178 2052 hoc
1200 1998 1248 2052 est
1271 1985 1319 2051 'us
1374 2009 1437 2053 en-

364 2081 462 2169 tium,
481 2092 793 2175 quoomnesgentes
806 2091 960 2167 utuntur,
978 2095 1012 2148 et
1024 2077 1115 2174 quod
1134 2103 1238 2148 unum
1257 2009 1324 2150 iere
1336 2007 1439 2153 idem·

362 2201 517 2272 quecum
540 2176 618 2273 jure
642 2190 767 2246 naturae
790 2191 849 2246 est.
868 2173 992 2245 Verum
1017 2189 1138 2271 praeter
1161 2175 1223 2246 hoc
1235 2179 1321 2274 jus,
1347 2178 1436 2274 quod
1558 2243 1559 2248 ,

362 2297 431 2346 nou
455 2275 566 2370 opinio
591 2275 718 2368 genuit,
738 2271 796 2342 sed
818 2271 975 2368 quaedam
994 2274 1107 2342 innata
1126 2274 1170 2342 ris
1187 2275 1342 2364 inseruit,
1361 2274 1436 2345 alias

362 2372 461 2441 etiam
476 2369 597 2439 addere
622 2371 768 2466 oportuit
782 2370 888 2464 leges,
912 2394 993 2467 quas
1013 2385 1048 2440 et
1070 2368 1269 2466 populorum
1291 2370 1434 2462 indoles,
1481 2399 1485 2406 ·
1558 2369 1559 2390 ²

362 2483 397 2538 et
417 2491 528 2537 rerum
557 2489 594 2536 ac
619 2465 767 2537 locorum
792 2469 875 2538 ratio
898 2465 1097 2563 postulabat.
1126 2466 1211 2538 llinc
1239 2484 1350 2540 ortum
1379 2469 1437 2540 lus

362 2562 478 2674 civile,
503 2560 593 2676 quod
614 2561 702 2660 leges
725 2566 887 2655 continet,
911 2589 992 2660 quus
1016 2562 1078 2634 sibi
1094 2566 1204 2636 civitas
1231 2591 1436 2664 unaquaeque

363 2685 381 2730 c
427 2673 546 2731 statuat.

383 2684 441 2857 ml.
461 2755 605 2828 XXXll.
634 2756 783 2831 Positirae
802 2774 837 2830 et
861 2757 1121 2856 supernaturales
1138 2757 1256 2855 legesa
1277 2761 1350 2833 Deo
1366 2777 1436 2832 tra-

363 2854 441 2926 dim
460 2871 558 2946 sunt,
587 2881 663 2927 cum
687 2881 746 2950 per
769 2873 897 2929 naturae
928 2858 1089 2927 rationem
1118 2855 1309 2930 hominibus
1342 2883 1435 2930 eom·
1558 2893 1559 2896 ¹

360 2969 464 3050 pertas
490 2977 557 3024 esse
583 2977 652 3024 non
677 2969 820 3048 possent.
851 2950 990 3024 Statutae
1016 2969 1094 3024 sunt
1118 2953 1173 3027 hae
1193 2955 1280 3051 leges
1302 2955 1435 3029 arbitrio
1558 3023 1559 3028 ,

362 3075 399 3120 ac
430 3047 597 3120 voluntate
624 3049 705 3138 oei,
743 3065 777 3121 et
799 3051 1010 3122 continentur
1041 3049 1216 3124 Sacrorum
1247 3053 1433 3125 Bibliorum
1558 3079 1559 3112 1

362 3147 477 3218 veteris
513 3146 655 3241 novique
680 3149 867 3218 testamenti
889 3146 1074 3237 codicibus,
1096 3165 1131 3220 et
1149 3149 1290 3222 ecclesie
1319 3151 1434 3223 catho-
1558 3201 1559 3236 r

360 3244 433 3317 ticae
449 3241 623 3314 traditione
644 3242 856 3340 explicantur.
883 3241 1121 3342 Complectitur
1145 3262 1237 3318 vetus
1255 3264 1433 3320 testamen·

361 3358 434 3412 tum
461 3342 614 3412 moralia
640 3357 824 3438 praecepta,
854 3365 929 3438 quae
953 3341 995 3412 ad
1017 3368 1124 3415 mores
1155 3348 1342 3441 pertinent3
1370 3371 1433 3419 cce·

360 3438 601 3524 rcmcniclia,
647 3461 722 3534 qum
778 3439 983 3511 caeremonias
1042 3443 1189 3540 ritusque
1239 3467 1430 3529 sacrorum3

350 3535 571 3634 judicialia,
612 3557 661 3604 uae
672 3534 794 3632 judicia
810 3537 998 3633 respiciunt.

411 3630 442 3732 ς.
474 3559 629 3702 XXXlll.
658 3633 859 3705 Judt'eiuls'o
892 3657 930 3704 ac
966 3637 1227 3708 scerenwnialio
1269 3652 1432 3734 praecepta

361 3729 503 3802 adventu
534 3727 654 3800 Christi
683 3729 809 3801 sublata
835 3745 930 3816 sunt3
959 3745 993 3801 et
1017 3735 1043 3802 si
1071 3759 1137 3829 qua
1160 3733 1270 3804 adhuc
1295 3737 1426 3828 rigent,

360 3853 396 3898 ea
418 3841 609 3915 serrantur,
638 3825 727 3924 quod
752 3827 793 3897 ab
820 3825 950 3898 ecclesia
978 3846 1107 3926 receptu
1132 3847 1228 3920 sunt,
1254 3855 1322 3902 non
1344 3849 1431 3900 tam·

360 3949 459 4020 quam
488 3923 634 3998 Mosaicae
665 3923 742 4022 legis
767 3923 934 4022 reliquie,
960 3926 1017 3996 sed
1057 3944 1224 4025 tamquam
1254 3927 1431 4024 Apostolo-
