3122 5170
523 391 744 474 ..crr-

382 539 405 608 ¹i
439 551 599 636 potestate
631 540 812 638 privaretur
848 539 914 637 (i).
949 537 1073 610 Verum
1099 563 1167 611 non
1192 569 1222 618 ,’

440 639 510 727 1οῇ
526 637 735 710 Innocentius
771 637 817 710 ΙΙΙ
860 641 895 709 in
933 635 1071 710 coneilio
1102 637 1167 708 La·
1203 689 1211 728 ·.

490 734 589 816 *viane
616 735 762 808 tollendo
791 737 912 808 acriore
937 736 1044 808 studio
1072 731 1207 811 labo-.·'

545 851 592 924 st,
623 849 662 905 ut
691 858 790 906 nemo
830 832 910 904 duas
941 834 1037 906 simul
1065 855 1167 930 paro·

13 870 42 911 >a

6 998 11 1001 .
58 973 146 1146 Q,
597 947 785 1004 vversonatus
824 931 986 1020 obtineat,
1031 935 1167 1030 ipsoque

22 1047 41 1082 d
67 1053 74 1064 .
1138 1032 1144 1045 .

701 1033 760 1128 qui
794 1029 934 1102 alterum
970 1032 1039 1101 siue
1074 1055 1166 1102 veura

700 1154 734 1202 rc
767 1143 908 1227 utroque
941 1131 1106 1226 privetur,
1140 1131 1167 1198 si

730 1220 835 1298 {adem
868 1251 1000 1326 quoque
1036 1229 1163 1298 ratione

13 1347 34 1360 .,
54 1151 252 1368 ᾸἫ

26 1315 211 1556 ,gas
691 1325 822 1422 estro

609 1480 646 1535 a.
662 1473 704 1557 (a)
719 1477 794 1556 cap.
810 1475 850 1537 os
864 1471 900 1536 te
912 1469 1008 1534 rraet.

565 1578 592 1616 ,0

525 1699 710 1772 Tridentini
756 1701 884 1788 Patres
913 1697 988 1770 alias
1034 1697 1166 1772 edidere

445 1799 712 1871 Lateranensibus
738 1797 880 1872 conciliis
919 1797 1049 1869 fuerunt
1081 1822 1165 1869 con·

367 1914 440 1968 nter
478 1897 738 1970 observarentur.
780 1897 897 1996 Itaque
938 1899 1075 1967 vetitum
1119 1911 1167 1966 est

315 2049 324 2084 ,
357 1997 470 2093 quovis
502 1995 622 2088 titulo,
662 1999 760 2068 etiam
800 1999 944 2070 omnis
981 2011 1038 2064 aut
1071 2019 1167 2066 corna

235 2147 248 2180 ,
292 2092 405 2190 plures
442 2093 539 2165 sirntd
584 2094 732 2167 conferre
772 2093 918 2166 ecclesias
968 2091 1167 2164 cathedrales

184 2189 344 2264 ueneficio
383 2207 492 2264 curata
531 2209 566 2264 et
604 2209 733 2285 cetera,
774 2219 849 2291 quae
880 2192 1166 2289 incompatibilia

112 2305 266 2380 ‚reuntur,
298 2291 448 2390 jussique
486 2307 565 2362 sunt
594 2293 701 2388 primo
738 2289 897 2365 beneficio
938 2287 1073 2378 cadere,
1103 2289 1162 2386 qui

96 2383 231 2458 alterum
270 2405 531 2485 consequuntur.
579 2389 628 2462 Ex
676 2388 807 2487 reliquia
849 2415 926 2463 vero
976 2383 1163 2473 benefieiis,

97 2507 169 2578 quae
193 2488 440 2586 compotibib'c
468 2487 625 2580 dicimus,
655 2490 713 2560 uni
744 2487 860 2560 clerico
889 2485 986 2584 plura
1023 2485 1163 2556 conferri

95 2601 246 2676 possunt,
278 2583 413 2684 quando
445 2611 549 2658 unum
570 2590 644 2658 satis
678 2611 747 2660 non
769 2602 838 2677 est,
869 2602 907 2656 ut
936 2585 990 2658 ille
1026 2583 1162 2656 honeste

96 2704 131 2752 ao
155 2679 309 2755 decenter
334 2683 498 2782 vivat(l).

133 2853 175 2937 (t)
196 2825 285 2918 cisne.
309 2856 392 2918 Trid.
413 2875 485 2920 sess.
501 2859 520 2918 7
534 2875 600 3000 cog.
613 2859 633 2920 2
647 2865 675 2920 et
685 2861 720 2926 t,
735 2867 845 2920 etaess.
863 2859 902 2920 ut
916 2875 983 2939 cap.
1001 2857 1038 2918 tv
1053 2851 1088 2916 do
1101 2853 1161 2937 res.

94 2938 189 2999 Exstat
199 2940 288 3000 etiem
303 2938 341 3000 de
354 2940 561 3018 incompatibili
584 2959 618 3002 us
632 2939 779 3002 benefieiis
794 2941 962 3001 constitutio
977 2941 1061 3001 Joan.
1078 2939 1163 3003 xxti

93 3019 123 3079 iu
136 3021 264 3082 Ectrco.
287 3017 471 3084 Execrobiiia
486 3019 521 3084 de
545 3019 656 3092 Preti..
672 3021 710 3083 do
729 3041 786 3101 qua
808 3031 905 3082 actum
923 3021 979 3082 suit
1001 3017 1053 3080 tit.
1076 3021 1090 3080 i
1112 3019 1158 3082 tit.

94 3103 191 3164 boeot.
205 3107 223 3166 5
236 3122 310 3187 puy.
326 3105 402 3176 28¹,
417 3111 447 3163 et
462 3123 519 3183 qus
535 3105 678 3166 sancitum
689 3113 748 3180 est,
763 3113 798 3164 ut
811 3103 972 3164 seeundum
985 3100 1160 3164 beneficium

92 3193 241 3262 curatum,
264 3186 313 3246 vel
335 3183 492 3247 secundem
515 3185 687 3268 dignitatem
714 3187 872 3266 accipiens,
897 3186 954 3246 nisi
979 3183 1077 3245 statim
1100 3187 1164 3264 pri-

90 3283 170 3328 mum
191 3268 342 3336 dimittat.
367 3275 492 3346 utroque
523 3270 671 3348 privetur,
696 3276 783 3348 atque
807 3269 838 3329 in
858 3276 1008 3348 posterum
1032 3285 1048 3326 e
1076 3267 1164 3328 sanis

89 3347 259 3427 ordinibus,
282 3359 346 3412 eta
370 3350 519 3412 benefieiis
538 3352 711 3430 repellatur,
735 3357 823 3430 atque
840 3351 936 3412 ultimi
958 3347 1092 3410 beneficii
1106 3349 1162 3409 eol·
1221 3371 1224 3388 ·

90 3429 157 3493 latio
178 3451 297 3494 summo
309 3435 394 3494 Pont.
409 3441 585 3494 reservetur.
601 3436 670 3497 Late
682 3451 715 3495 ea
728 3431 765 3494 de
783 3451 817 3494 re
829 3433 957 3515 disputat
978 3432 1096 3511 Rigaut.
1119 3430 1160 3492 cd

90 3511 185 3596 requi.
202 3519 216 3578 t
235 3513 359 3577 cancell.
374 3513 400 3598 §-
416 3517 501 3597 Sper
514 3523 565 3578 tot.

137 3667 167 3770 §.
197 3669 294 3742 XVI.
340 3667 445 3743 Hodie
485 3673 583 3766 igitur
613 3673 651 3742 iis
689 3672 815 3744 utimur
852 3667 995 3764 legibus,
1033 3692 1108 3764 quc
1139 3693 1157 3737 a

90 3767 183 3839 Trid.
229 3767 357 3867 synodo
396 3773 580 3843 constitute
626 3786 715 3842 sunt.
759 3771 833 3842 Duo
875 3765 1158 3866 irwompctibv‘lia

89 3863 270 3956 beneficia,
297 3865 405 3963 qualia
438 3885 516 3940 sunt
546 3871 723 3963 generatim
750 3869 859 3941 omnia
889 3864 963 3963 (i),
991 3889 1065 3962 quse
1095 3862 1157 3932 ha·

89 3961 171 4036 bent
204 3990 317 4036 curam
354 3968 554 4058 animarum,
597 3992 673 4066 quae
714 3966 879 4054 officium,
927 3979 1156 4061 personatum,
