3140 5168
591 529 639 590 ff
662 487 735 558 sss
759 527 811 568 -,-

155 633 327 706 ritualibus
358 649 459 732 etque
490 636 526 704 in
555 635 696 732 antiquis
727 635 950 736 monumentis
980 594 1121 706 occurrit
1154 634 1221 734 (2)
1235 645 1246 716 J
1266 603 1285 658 ‘¹

157 733 279 805 Oleum
304 733 345 804 ab
378 735 529 831 episeopo
560 731 769 802 benedictum
796 757 865 820 esse
898 730 996 804 debet
1026 731 1094 830 (ὅ),
1132 749 1231 833 atquc
1270 763 1274 770 ·

157 831 228 904 bere
256 829 390 930 quidem
420 847 510 903 vetus
540 827 910 920 ecclesieconsuetudo
943 845 991 902 eet
1023 831 1092 928 (d).
1130 831 1229 930 Apud
1324 859 1327 868 ⁴

157 930 290 1002 Latinos
327 929 412 1002 solus
453 931 621 1026 eisoopus
665 926 792 1000 oleum.
814 926 1024 999 infirmorum
1065 949 1232 1004 consecrat
1257 940 1268 1000 ,ἰ
1375 993 1379 1003 .

157 1028 237 1100 feria
266 1027 297 1096 V
330 955 594 1100 ooenae'gomini
629 1025 702 1124 (5),
732 1021 773 1096 ab
800 1051 904 1124 eoque
938 1025 1022 1096 illud
1057 1033 1249 1126 quotannis*¹

157 1128 322 1224 accipiunt
355 1124 493 1221 singuli,
532 1124 650 1222 quibus
686 1149 769 1221 opus
798 1139 847 1194 est
874 1121 949 1220 (6):
980 1126 1069 1222 apud
1100 1126 1230 1201 Graeoos'

157 1227 256 1297 etiam
287 1223 385 1322 presb
410 1227 494 1312 teri3
532 1239 566 1294 et
596 1247 671 1294 vero
706 1247 775 1294 non
810 1221 910 1294 semel
947 1225 983 1292 in
1025 1249 1134 1318 anno,
1173 1226 1230 1299 sed

158 1321 294 1418 singulis
323 1251 443 1394 rioilus
473 1321 592 1420 quibus
612 1317 704 1392 ‘illud
732 1319 890 1392 adhibere
904 1336 1034 1417 oportet
1063 1322 1130 1420 (7).

201 1541 244 1625 (1)
264 1546 351 1606 Cone.
378 1542 462 1607 Trid.
489 1559 560 1608 sess.
587 1545 626 1606 ll
645 1538 680 1604 de
702 1544 792 1604 Ectr.
809 1552 893 1606 erret.
916 1561 983 1626 cop.
1005 1544 1041 1618 t,·
1059 1541 1233 1606 Catecbism.
1270 1599 1272 1602 .

163 1629 250 1689 Rom.
265 1623 302 1687 de
313 1645 447 1689 sacram.
462 1634 539 1687 extr.
551 1635 633 1688 anet.
646 1645 718 1708 por.
733 1628 849 1687 buum.
866 1629 895 1688 5.
1098 1696 1099 1700 ¹

196 1708 243 1850 52)
264 1711 363 1770 innoc.
378 1711 391 1770 1
408 1709 441 1769 rit
456 1709 542 1790 ept'st.
562 1711 601 1770 25
625 1707 667 1768 ed
689 1710 812 1770 Deeeot.
842 1709 931 1791 episc.
953 1703 1104 1804 Easqubia.
1122 1725 1189 1788 cop.
1212 1709 1232 1768 8

160 1808 217 1851 eo.
238 1791 297 1852 895
315 1789 393 1870 apud
410 1791 610 1852 coustantium
636 1809 681 1872 cp.
703 1792 788 1852 Rom.
810 1788 926 1875 Pontis.
955 1790 1043 1869 hujus
1062 1789 1234 1850 samamenti

160 1875 314 1934 materiam
338 1890 401 1933 csse
425 1873 521 1954 inquit
545 1870 643 1934 oleum
666 1867 857 1949 chrismatis,
886 1872 937 1952 qui
961 1871 1041 1933 loeus
1067 1871 1234 1932 Suarcsium

160 1962 184 2014 t.
201 1957 221 2016 t
237 1955 269 2016 in
294 1956 408 2036 dpert.
431 1953 509 2037 disp.
529 1957 571 2016 to
590 1961 661 2016 sect.
681 1955 696 2014 l
718 1972 803 2015 eum.
826 1957 880 2034 to,
899 1955 1028 2034 aliosque
1049 1951 1234 2014 scholasticos

161 2037 194 2096 in
212 2055 277 2098 eam
298 2037 465 2114 opinionem
489 2036 625 2110 adduxit,
650 2042 685 2096 ut
706 2035 875 2114 crederent,
896 2036 966 2098 olim
988 2036 1147 2097 balsamum
1167 2053 1234 2096 cum

161 2119 225 2181 olco
235 2119 349 2180 misceri
360 2119 671 2181 consuevisseverum
685 2136 761 2197 saepe
774 2118 853 2198 apud
865 2119 1098 2198 eocl.scriptores
1108 2116 1235 2178 chrisma

161 2219 278 2262 merum
294 2201 391 2261 oleum
410 2199 596 2262 infirmorum
607 2208 661 2262 cst.
682 2201 788 2261 Confer
807 2201 928 2264 iuenin.
952 2197 988 2260 dc
1005 2201 1090 2262 Scor.
1111 2196 1185 2260 dias.
1215 2201 1234 2260 7

162 2302 192 2366 q.
221 2285 282 2346 5ο.
314 2285 347 2359 l,
372 2289 401 2342 et
429 2283 628 2362 Tournelyum
656 2279 691 2342 de
713 2285 797 2344 Scor.
821 2291 897 2344 ectr·⁸
919 2290 1003 2344 uitet.
1023 2301 1054 2365 q.
1083 2283 1178 2342 tort.
1200 2284 1231 2343 5.

204 2362 246 2446 (5)
266 2369 339 2446 nug.
361 2367 401 2426 tv
416 2363 449 2424 irs
463 2369 580 2427 Decret.
597 2383 656 2447 pro
668 2363 756 2426 iactr.
777 2366 900 2427 Amen.
917 2381 998 2426 eene.
1025 2360 1156 2426 Floreat.
1176 2362 1232 2426 coi.

162 2449 224 2509 sto
242 2455 312 2508 tom.
329 2449 348 2508 9
363 2443 428 2508 coll.
449 2447 557 2524 Hard.;
578 2465 660 2508 conc.
677 2446 761 2507 Trid.
780 2464 850 2508 sess.
873 2450 911 2509 tt
930 2445 966 2508 de
983 2447 1120 2507 Sacram.
1142 2443 1231 2507 Eetr.

160 2537 242 2590 anet.
256 2547 323 2610 cop.
341 2531 370 2590 l.
388 2528 544 2608 Episcopus
559 2537 657 2589 antem
672 2529 768 2589 oleum
783 2527 931 2600 benedicit
946 2526 1138 2606 presentibus
1151 2545 1235 2606 pres-

161 2610 275 2691 byteris
295 2610 417 2689 aliisque
433 2610 560 2687 clericis,
583 2610 620 2671 de
639 2611 746 2688 quibus
761 2611 820 2690 agit
842 2609 1010 2672 santificate
1023 2613 1108 2671 Rom.
1131 2607 1177 2669 tit.
1198 2608 1234 2670 de

161 2689 240 2776 offic.
262 2691 296 2752 in
314 2690 373 2774 fer.
402 2693 526 2754 Vcerao
545 2691 669 2754 Dareitai
689 2691 715 2774 S.
732 2695 763 2770 5,
781 2692 882 2771 ibique
904 2692 1056 2756 &manus
1077 2690 1111 2751 in
1130 2697 1192 2752 not.
1212 2694 1242 2752 le

161 2785 233 2836 tom.
251 2776 353 2858 δρας.
369 2775 417 2852 bi,
434 2774 531 2852 unde,
554 2783 588 2836 ut
607 2783 690 2854 putat
703 2775 862 2836 Martenias
888 2772 924 2836 de
946 2772 1043 2856 antiq.
1067 2769 1166 2835 eccles.
1180 2773 1231 2834 rit.

162 2855 212 2920 lib.
226 2861 246 2920 i
261 2875 327 2938 rep.
345 2859 384 2918 22
400 2853 425 3000 ἱ
443 2858 558 2918 daem.
576 2858 594 2918 5
609 2863 678 2918 tom.
697 2859 800 2940 dpaq.
825 2857 863 2918 87
881 2854 928 2918 ed.
952 2855 1017 2934 eit,
1041 2855 1150 2916 iactum
1173 2865 1230 2934 est,

161 2947 196 3000 ut
206 2937 326 3020 quidam
332 2957 400 3018 pres
420 2940 496 3021 ytcri
505 2937 560 2999 sibi
572 2938 627 2999 olei
637 2938 824 3000 consecrandi
834 2945 1006 3018 potestatem
1015 2936 1231 3015 adscriberent3

161 3022 214 3082 sed
233 3023 270 3082 iis
287 3021 396 3082 restitit
408 3040 489 3083 conc.
506 3020 642 3102 carthag.
661 3023 688 3082 11
705 3039 772 3082 can.
787 3023 805 3081 5
819 3018 872 3082 eoi.
889 3023 967 3082 tuto
989 3027 1059 3080 tom.
1084 3021 1113 3096 ἰ),
1130 3027 1159 3080 ct
1174 3023 1234 3082 To-

161 3101 214 3166 let.
241 3107 333 3164 leon.
356 3105 407 3180 20,
429 3102 508 3182 apud
521 3101 613 3164 labb.
635 3109 705 3162 tom.
729 3105 748 3163 2
769 3099 825 3165 col.
844 3105 921 3164 tata
936 3101 982 3164 ed.
1009 3103 1081 3164 Vere.
1105 3103 1232 3176 Quastio

161 3194 260 3247 tamen
278 3193 322 3246 cst
335 3185 413 3246 inter
434 3185 599 3265 theologos,
615 3203 687 3244 num
707 3203 743 3244 ex
768 3184 876 3247 Christi
898 3183 1016 3246 Domini
1037 3183 1230 3262 institutione,

161 3286 200 3328 an
213 3275 329 3328 tantum
342 3287 378 3328 ex
388 3267 514 3328 ecclesie
524 3273 681 3346 precepto,
696 3266 820 3345 episcopi
833 3265 997 3328 benedictio
1007 3265 1046 3326 sit
1059 3267 1230 3328 nccmmria.

161 3353 273 3411 Verum
286 3357 318 3410 ut
339 3367 375 3410 ex
392 3349 499 3413 Christi
522 3349 704 3409 institutione
725 3349 901 3410 consecratio
927 3349 1023 3428 aliqua
1045 3347 1232 3427 requiratur,

161 3440 195 3492 ut
218 3431 315 3492 oleum
329 3431 381 3492 fiat
401 3439 466 3512 apta
487 3432 608 3492 materia
628 3431 799 3492 sacrmenti
821 3439 959 3490 extreme
983 3429 1139 3502 unctionis,
1165 3449 1231 3490 cum

160 3522 259 3574 tamen
272 3511 346 3574 illud
360 3533 396 3574 ex
407 3513 588 3594 delegatione
611 3516 642 3576 S.
655 3512 804 3575 Pontificis
826 3513 887 3573 sive
909 3512 1005 3588 tacita,
1018 3512 1079 3573 sive
1098 3529 1231 3590 expressa

161 3597 250 3656 etiam
272 3596 473 3676 apresbytero
497 3593 628 3656 benedici
642 3596 744 3675 possit,
756 3602 870 3656 uatum
895 3594 1023 3655 eeclesiis
1041 3593 1105 3675 lege
1125 3593 1232 3655 induc-

161 3686 224 3738 tum
239 3685 295 3752 est,
318 3685 350 3738 ut
372 3677 467 3739 oleum
482 3677 667 3738 infirmorum
682 3677 719 3739 ab
741 3678 875 3758 episcopo
893 3675 1093 3740 benedicatur.
1108 3677 1232 3738 Consule

163 3761 233 3820 Ben.
247 3763 316 3822 XIV
328 3757 364 3820 de
375 3779 444 3843 syn.
458 3759 539 3822 dice.
558 3756 608 3820 lib.
624 3762 643 3819 8
658 3779 726 3842 cap.
746 3763 757 3819 l
773 3780 856 3822 num.
873 3761 903 3820 d.

201 3840 232 3922 (i
266 3844 366 3904 innoc.
381 3847 392 3904 1
405 3840 460 3904 loc.
474 3841 544 3918 eit.‚·
557 3845 644 3923 Greg.
659 3845 698 3904 Μ.
714 3843 848 3903 Sacrum.
865 3838 918 3902 col.
936 3843 975 3902 67
990 3848 1011 3900 t.
1029 3842 1047 3900 5
1062 3836 1108 3899 ed.
1123 3837 1186 3901 ind.

202 3925 232 4006 (5
266 3924 455 4003 Disciplinam
482 3923 653 3986 conficiendi
679 3923 834 4002 quotannis
861 3921 1025 3985 chrismatis
1051 3919 1123 3982 seria
1153 3924 1170 3983 5
1198 3923 1236 3983 in

161 4025 241 4068 coena
253 4007 370 4068 Domini
385 4015 526 4068 memorat
537 4007 655 4067 Fabiae.
670 4009 703 4066 P.
718 4005 751 4065 in
764 4025 832 4067 ean.
850 4007 889 4064 ts
902 4004 937 4066 de
952 4007 1083 4065 Cortseor.
1100 4001 1172 4066 dist.
1190 4006 1228 4080 5,·

160 4107 260 4151 verum
284 4089 333 4150 hie
353 4106 445 4152 canon
458 4091 587 4169 pertinet
608 4089 646 4150 ad
665 4088 749 4148 salsas
770 4087 874 4150 isidori
894 4086 1062 4150 decretales.
1080 4089 1140 4148 Hoc
1164 4106 1229 4150 eer—
1305 4099 1308 4106 ’

256 4196 332 4243 ror.
362 4194 385 4241 1.
470 4225 485 4241 .
1066 4167 1126 4240 21.
