3140 5168
558 434 779 505 -541-

120 583 222 646 mines
234 601 314 645 meos
331 581 442 665 dirigo,
463 589 616 646 exacturus
634 602 651 645 a
665 583 826 646 venerabili
845 585 921 663 Papa
938 582 1097 664 superbae
1114 593 1197 665 parte

121 669 311 812 ffiffiffl’
331 675 365 727 ut
385 667 517 728 animum
544 675 675 728 vestrum
697 665 819 748 potioris
842 668 980 747 praesepti
1005 665 1104 728 firmet
1127 686 1197 728 aue-

174 943 205 1044 §.
230 942 422 1016 CXXXVI.
459 943 582 1018 Praeter
598 945 824 1042 cognationem
846 969 885 1016 ex
908 945 1081 1039 sanguine,
1099 947 1197 1020 etiam

120 1041 226 1114 civilis
258 1058 292 1113 et
322 1043 495 1140 spiritualis
524 1069 563 1116 eo
585 1045 673 1114 natio
700 1045 806 1114 irritas
832 1044 962 1139 nuptias
983 1041 1073 1116 lacit.
1106 1041 1203 1118 Civi-'

120 1141 191 1213 lem
235 1144 461 1236 cognationem
501 1167 520 1210 a
553 1068 634 1212 dure
675 1138 760 1212 civili
798 1142 964 1212 inventam
1015 1141 1197 1238 probarunt

121 1255 225 1338 atque
245 1255 439 1338 aeceperunt
454 1264 596 1312 eeuones
610 1239 685 1336 (1),
705 1263 807 1336 eaque
824 1265 864 1310 ex
881 1237 1055 1336 adoptione
1071 1243 1195 1335 oritur,

119 1335 309 1436 triplexque
343 1353 404 1410 est.
443 1337 552 1408 Prima
597 1335 794 1408 diffunditur
832 1363 892 1434 per
921 1335 1041 1408 lineam
1072 1359 1194 1414 rectam

120 1435 355 1510 ascendentem
374 1453 408 1507 et
421 1434 692 1526 deseendentem,
710 1435 894 1533 adoptantis
911 1449 944 1506 et
960 1433 1105 1532 adoptati
1121 1439 1194 1538 (2);

119 1534 225 1608 altera
253 1534 381 1606 obtinet
417 1535 450 1606 iu
477 1533 562 1606 linea
586 1550 767 1608 transversa
806 1537 892 1606 inter
920 1531 1132 1629 adoptatum,
1162 1555 1197 1610 et

120 1633 208 1706 filias
237 1631 395 1728 legitimas
422 1657 460 1703 uo
485 1631 647 1704 naturales
669 1631 853 1731 adoptantis
874 1629 935 1702 sub
961 1632 1065 1728 patria
1090 1649 1196 1730 potes-

119 1747 192 1804 tate
212 1747 400 1818 manentes3
448 1729 514 1802 uod
539 1729 813 1828 impedimentum
839 1728 985 1818 tollitur,
1016 1729 1067 1800 rel
1092 1731 1195 1804 soluta

118 1827 319 1928 adoptione,
339 1828 390 1900 vel
445 1831 476 1900 io
499 1831 722 1926 emancipato,
750 1830 904 1927 quoniam
930 1826 979 1897 bis
999 1827 1104 1900 modis
1128 1831 1196 1902 sol-

117 1931 210 1999 vitur
234 1925 425 2016 vinculum,
449 1925 539 1998 uude
560 1927 835 2024 impedimentum
852 1925 1016 1998 oriebatur
1032 1925 1099 2024 (5).
1125 1929 1195 2002 De-

118 2029 225 2124 nique
248 2025 417 2096 affinitatis
445 2024 657 2097 similitudine
680 2027 784 2098 oritur
804 2026 901 2095 etiem
922 2021 1195 2120 impedimentum

118 2127 312 2222 nuptiarum
344 2127 430 2194 inter
458 2122 669 2219 adoptantem
693 2139 727 2194 et
750 2147 884 2194 uxorem
908 2122 1075 2218 adoptari,
1102 2125 1196 2194 simi-

118 2221 198 2294 liter
224 2225 311 2294 iuter
335 2221 526 2318 adoptatum
556 2237 590 2292 et
615 2246 749 2293 uxorem
776 2219 961 2318 adoptantis
979 2221 1046 2318 (4).

166 2418 207 2502 (l)
230 2419 306 2480 Can.
328 2421 341 2480 t
366 2437 431 2501 cup.
449 2419 538 2562 wop.
560 2419 590 2495 5,
612 2438 680 2502 cap.
700 2417 779 2480 uois.
803 2415 839 2480 de
860 2417 982 2500 Copnat.
1008 2413 1095 2500 ἱεραί.
1115 2421 1196 2481 lute-

118 2520 209 2583 grum
224 2502 262 2562 ab
277 2505 349 2564 Jure
370 2501 448 2562 civili
467 2520 483 2562 e
559 2501 585 2562 ia
603 2500 659 2562 hoe
677 2499 919 2580 impedimentum
944 2501 1072 2580 aceepit,
1101 2519 1197 2579 neque

116 2583 233 2661 aliquid
252 2584 284 2644 in
303 2602 337 2645 eo
352 2583 493 2660 mutavit,
515 2583 584 2644 hino
602 2583 734 2663 Cujueius
762 2581 795 2644 in
814 2581 859 2643 tt't.
879 2577 1018 2643 decretal.
1047 2579 1083 2643 de
1103 2583 1126 2642 C
1160 2603 1192 2644 n.

116 2663 210 2748 ἱεραὶ.
228 2672 249 2725 t.
267 2667 285 2726 6
300 2663 355 2728 eol.
374 2666 452 2726 tots
467 2661 513 2727 ed.
530 2665 643 2728 Metire.
662 2665 740 2727 1778
752 2671 868 2742 monet,
885 2663 1066 2724 nuncetiam
1080 2664 1197 2726 eluiem

116 2747 334 2810 fraternitatem
352 2767 391 2808 nu
413 2748 467 2807 tias
481 2748 632 2808 dirimere.
651 2745 693 2830 (ἢ)
713 2745 739 2830 §.
756 2749 866 2810 ilnst.
879 2744 915 2806 de
929 2754 1016 2828 nupt.

165 2827 206 2910 (t)
227 2829 263 2890 t.
280 2831 318 2892 tt
331 2827 366 2914 ff.
381 2766 481 2892 diret.
496 2837 582 2914 nupt.
600 2828 642 2910 (le)
663 2829 701 2890 L.
717 2831 756 2890 tt
773 2828 809 2912 ff.
823 2825 859 2890 ds
874 2828 926 2889 rit.
943 2834 1030 2910 nupt.

416 2905 430 2940 ρ

171 3029 203 3132 §.
242 3031 447 3105 CXXXVII.
481 3032 690 3132 Spiritualem
726 3035 953 3131 eognatiouem
991 3034 1077 3130 parit
1111 3032 1195 3132 Bap-

113 3133 234 3202 tismus
259 3147 294 3202 et
319 3130 533 3228 Confirmatio
558 3133 627 3229 (1).
651 3131 754 3204 Vetus
779 3149 829 3204 est
858 3131 1000 3204 eoelesiee
1025 3131 1193 3223 doctrina,

143 3254 187 3300 ua
222 3228 322 3300 veluti
356 3245 450 3328 pater
493 3229 692 3316 habebatur,
744 3233 801 3328 qui
844 3230 985 3328 aliquem
1032 3229 1193 3328 baptismo

115 3257 316 3419 donaverat,
342 3345 398 3400 aut
428 3330 465 3398 in
488 3327 616 3400 Christo
649 3329 833 3400 instituerat
863 3345 898 3400 et
922 3327 964 3399 de
991 3328 1194 3402 sacrofonte

114 3441 318 3596 ttttffltt
349 3426 419 3594 sap
437 3425 674 3596 (ἶῖᾞὲῗὲ
697 3425 971 3595 ⁵iil⁹dl¹¹⁸¹¹²⁰i¹
993 3428 1091 3595 lii
1113 3429 1194 3594 lli

115 3575 268 3719 eipereitt
299 3550 504 3721 (lolulsspbu
525 3549 718 3720 ptimporum
744 3549 807 3695 lile
836 3549 1109 3721 ildspedimedllum
1140 3623 1194 3692 in·

116 3721 259 3792 ductum
294 3737 344 3793 est
381 3735 415 3792 et
454 3721 519 3791 late
561 3723 659 3792 etiam
692 3735 929 3820 propagatum,
962 3719 1044 3792 adeo
1081 3733 1118 3788 ut
1152 3718 1194 3788 ad

115 3821 222 3889 instar
270 3820 556 3915 consanguinitatis
610 3833 644 3890 et
693 3819 895 3916 adoptionis,
938 3819 1114 3914 suseipieus
1153 3841 1193 3887 ex

118 3941 211 3989 saero
240 3917 333 3990 fonte
365 3919 501 4015 ejusque
534 3915 613 4008 filii,
648 3943 756 4014 neque
787 3941 862 3989 oum
890 3932 1057 4012 susceptu,
1089 3938 1131 3984 ne
1177 3939 1197 3986 e

116 4041 197 4086 eum
223 4017 296 4115 ejus
322 4019 470 4114 cognatis
493 4019 623 4116 nuptias
659 4015 830 4089 eoneiliare
860 4027 992 4111 possent
1025 4011 1092 4111 (ὅ).
1155 4037 1195 4083 e-
