<?xml version="1.0" encoding="UTF-8"?>
<!DOCTYPE html PUBLIC "-//W3C//DTD XHTML 1.0 Transitional//EN"
    "http://www.w3.org/TR/xhtml1/DTD/xhtml1-transitional.dtd">
<html xmlns="http://www.w3.org/1999/xhtml" xml:lang="en" lang="en">
 <head>
  <title>
</title>
<meta http-equiv="Content-Type" content="text/html;charset=utf-8" />
  <meta name='ocr-system' content='tesseract 3.04.00' />
  <meta name='ocr-capabilities' content='ocr_page ocr_carea ocr_par ocr_line ocrx_word'/>
</head>
<body>
  <div class='ocr_page' id='page_1' title='image "./institutionumca00devogoog_0432.png"; bbox 0 0 3106 5170; ppageno 0'>
   <div class='ocr_carea' id='block_1_1' title="bbox 545 482 767 551">
    <p class='ocr_par' dir='ltr' id='par_1_1' title="bbox 545 482 767 551">
     <span class='ocr_line' id='line_1_1' title="bbox 545 482 767 551; baseline 0.005 -1"><span class='ocrx_word' id='word_1_1' title='bbox 545 482 767 551; x_wconf 74' lang='lat' dir='ltr'><strong>-tte-</strong></span> 
     </span>
    </p>
   </div>
   <div class='ocr_carea' id='block_1_2' title="bbox 106 626 1190 873">
    <p class='ocr_par' dir='ltr' id='par_1_2' title="bbox 106 626 1190 873">
     <span class='ocr_line' id='line_1_2' title="bbox 107 626 1185 709; baseline 0.009 -24"><span class='ocrx_word' id='word_1_2' title='bbox 107 645 186 705; x_wconf 81' lang='lat' dir='ltr'><strong>aqua</strong></span> <span class='ocrx_word' id='word_1_3' title='bbox 207 627 239 688; x_wconf 93' lang='lat' dir='ltr'><strong>iu</strong></span> <span class='ocrx_word' id='word_1_4' title='bbox 264 626 371 688; x_wconf 85' lang='lat' dir='ltr'><strong>Christi</strong></span> <span class='ocrx_word' id='word_1_5' title='bbox 397 628 582 708; x_wconf 74' lang='lat' dir='ltr'><strong>sanguinem,</strong></span> <span class='ocrx_word' id='word_1_6' title='bbox 615 648 651 689; x_wconf 86' lang='lat' dir='ltr'><strong>an</strong></span> <span class='ocrx_word' id='word_1_7' title='bbox 673 630 802 708; x_wconf 89' lang='lat' dir='ltr'><strong>primum</strong></span> <span class='ocrx_word' id='word_1_8' title='bbox 827 631 857 692; x_wconf 93' lang='lat' dir='ltr'><strong>in</strong></span> <span class='ocrx_word' id='word_1_9' title='bbox 882 633 1000 709; x_wconf 81' lang='lat' dir='ltr'><strong>viuum,</strong></span> <span class='ocrx_word' id='word_1_10' title='bbox 1025 631 1133 694; x_wconf 86' lang='lat' dir='ltr'><strong>deinde</strong></span> <span class='ocrx_word' id='word_1_11' title='bbox 1153 635 1185 695; x_wconf 91' lang='lat' dir='ltr'><strong>in</strong></span> 
     </span>
     <span class='ocr_line' id='line_1_3' title="bbox 106 709 1190 873; baseline 0.009 -106"><span class='ocrx_word' id='word_1_12' title='bbox 106 711 505 873; x_wconf 40' lang='lat' dir='ltr'><strong>azaugngemheonvcrtatur.</strong></span> <span class='ocrx_word' id='word_1_13' title='bbox 522 709 599 772; x_wconf 85' lang='lat' dir='ltr'><strong>Vide</strong></span> <span class='ocrx_word' id='word_1_14' title='bbox 618 712 731 772; x_wconf 87' lang='lat' dir='ltr'><strong>Drouin</strong></span> <span class='ocrx_word' id='word_1_15' title='bbox 754 710 789 772; x_wconf 88' lang='lat' dir='ltr'><strong>de</strong></span> <span class='ocrx_word' id='word_1_16' title='bbox 805 731 836 774; x_wconf 88' lang='lat' dir='ltr'><strong>re</strong></span> <span class='ocrx_word' id='word_1_17' title='bbox 853 716 988 775; x_wconf 80' lang='lat' dir='ltr'><strong>Sacram.</strong></span> <span class='ocrx_word' id='word_1_18' title='bbox 1015 711 1066 776; x_wconf 74' lang='lat' dir='ltr'><strong>tit.</strong></span> <span class='ocrx_word' id='word_1_19' title='bbox 1084 718 1104 777; x_wconf 77' lang='lat' dir='ltr'><strong>l</strong></span> <span class='ocrx_word' id='word_1_20' title='bbox 1119 735 1149 800; x_wconf 79' lang='lat' dir='ltr'><strong>q.</strong></span> <span class='ocrx_word' id='word_1_21' title='bbox 1172 720 1190 777; x_wconf 71' lang='lat' dir='ltr'><strong>i</strong></span> 
     </span>
    </p>
   </div>
   <div class='ocr_carea' id='block_1_3' title="bbox 107 947 1194 2522">
    <p class='ocr_par' dir='ltr' id='par_1_3' title="bbox 107 947 1194 2522">
     <span class='ocr_line' id='line_1_4' title="bbox 157 947 1192 1050; baseline 0.007 -32"><span class='ocrx_word' id='word_1_22' title='bbox 157 947 190 1048; x_wconf 59' lang='grc' dir='ltr'><strong>ς.</strong></span> <span class='ocrx_word' id='word_1_23' title='bbox 232 947 359 1020; x_wconf 85' lang='lat' dir='ltr'>XLVI.</span> <span class='ocrx_word' id='word_1_24' title='bbox 404 947 534 1040; x_wconf 87' lang='lat' dir='ltr'><strong>Verba,</strong></span> <span class='ocrx_word' id='word_1_25' title='bbox 582 951 700 1047; x_wconf 89' lang='lat' dir='ltr'><strong>quibus</strong></span> <span class='ocrx_word' id='word_1_26' title='bbox 732 967 939 1023; x_wconf 88' lang='lat' dir='ltr'><strong>consecratur</strong></span> <span class='ocrx_word' id='word_1_27' title='bbox 965 956 1077 1050; x_wconf 88' lang='lat' dir='ltr'><strong>panis,</strong></span> <span class='ocrx_word' id='word_1_28' title='bbox 1123 953 1192 1026; x_wconf 80' lang='lat' dir='ltr'><strong>haec</strong></span> 
     </span>
     <span class='ocr_line' id='line_1_5' title="bbox 107 1047 1190 1144; baseline 0.005 -27"><span class='ocrx_word' id='word_1_29' title='bbox 107 1063 210 1118; x_wconf 88' lang='lat' dir='ltr'><strong>sunt:</strong></span> <span class='ocrx_word' id='word_1_30' title='bbox 244 1047 323 1118; x_wconf 81' lang='lat' dir='ltr'><strong>Hoc</strong></span> <span class='ocrx_word' id='word_1_31' title='bbox 350 1059 400 1118; x_wconf 82' lang='lat' dir='ltr'><strong>eet</strong></span> <span class='ocrx_word' id='word_1_32' title='bbox 419 1073 544 1144; x_wconf 76' lang='lat' dir='ltr'><strong>corpus</strong></span> <span class='ocrx_word' id='word_1_33' title='bbox 572 1075 702 1122; x_wconf 75' lang='lat' dir='ltr'><strong>mum.</strong></span> <span class='ocrx_word' id='word_1_34' title='bbox 730 1049 853 1119; x_wconf 87' lang='lat' dir='ltr'><strong>Vinum</strong></span> <span class='ocrx_word' id='word_1_35' title='bbox 881 1066 991 1121; x_wconf 84' lang='lat' dir='ltr'><strong>autem</strong></span> <span class='ocrx_word' id='word_1_36' title='bbox 1017 1077 1190 1124; x_wconf 90' lang='lat' dir='ltr'><strong>eonsecra-</strong></span> 
     </span>
     <span class='ocr_line' id='line_1_6' title="bbox 108 1143 1193 1245; baseline 0.008 -31"><span class='ocrx_word' id='word_1_37' title='bbox 108 1162 165 1214; x_wconf 89' lang='lat' dir='ltr'><strong>tur</strong></span> <span class='ocrx_word' id='word_1_38' title='bbox 197 1143 250 1216; x_wconf 91' lang='lat' dir='ltr'><strong>his</strong></span> <span class='ocrx_word' id='word_1_39' title='bbox 279 1144 399 1215; x_wconf 83' lang='lat' dir='ltr'><strong>verbis:</strong></span> <span class='ocrx_word' id='word_1_40' title='bbox 432 1147 507 1218; x_wconf 78' lang='lat' dir='ltr'><strong>Hic</strong></span> <span class='ocrx_word' id='word_1_41' title='bbox 533 1159 584 1218; x_wconf 79' lang='lat' dir='ltr'><strong>eat</strong></span> <span class='ocrx_word' id='word_1_42' title='bbox 614 1149 709 1219; x_wconf 74' lang='lat' dir='ltr'><strong>calte</strong></span> <span class='ocrx_word' id='word_1_43' title='bbox 728 1153 919 1245; x_wconf 68' lang='lat' dir='ltr'><strong>conquirite</strong></span> <span class='ocrx_word' id='word_1_44' title='bbox 941 1155 1031 1238; x_wconf 82' lang='lat' dir='ltr'><strong>mei,</strong></span> <span class='ocrx_word' id='word_1_45' title='bbox 1053 1156 1135 1223; x_wconf 77' lang='lat' dir='ltr'><strong>noui</strong></span> <span class='ocrx_word' id='word_1_46' title='bbox 1158 1165 1193 1222; x_wconf 83' lang='lat' dir='ltr'><strong>et</strong></span> 
     </span>
     <span class='ocr_line' id='line_1_7' title="bbox 107 1247 1192 1346; baseline 0.006 -32"><span class='ocrx_word' id='word_1_47' title='bbox 107 1247 240 1316; x_wconf 76' lang='lat' dir='ltr'><strong>oetemt&#39;</strong></span> <span class='ocrx_word' id='word_1_48' title='bbox 271 1249 488 1332; x_wconf 74' lang='lat' dir='ltr'><em>testamenti,</em></span> <span class='ocrx_word' id='word_1_49' title='bbox 517 1249 728 1344; x_wconf 69' lang='lat' dir='ltr'><strong>mysterium</strong></span> <span class='ocrx_word' id='word_1_50' title='bbox 759 1247 862 1342; x_wconf 82' lang='lat' dir='ltr'><strong>fidei,</strong></span> <span class='ocrx_word' id='word_1_51' title='bbox 903 1252 970 1342; x_wconf 77' lang='lat' dir='ltr'><strong>qui</strong></span> <span class='ocrx_word' id='word_1_52' title='bbox 996 1274 1064 1346; x_wconf 80' lang='lat' dir='ltr'><strong>pro</strong></span> <span class='ocrx_word' id='word_1_53' title='bbox 1099 1250 1192 1321; x_wconf 78' lang='lat' dir='ltr'><strong>uoltis</strong></span> 
     </span>
     <span class='ocr_line' id='line_1_8' title="bbox 107 1343 1191 1442; baseline 0.006 -30"><span class='ocrx_word' id='word_1_54' title='bbox 107 1355 140 1412; x_wconf 86' lang='lat' dir='ltr'><strong>et</strong></span> <span class='ocrx_word' id='word_1_55' title='bbox 164 1367 236 1438; x_wconf 83' lang='lat' dir='ltr'><strong>pro</strong></span> <span class='ocrx_word' id='word_1_56' title='bbox 273 1343 397 1414; x_wconf 77' lang='lat' dir='ltr'><strong>multis</strong></span> <span class='ocrx_word' id='word_1_57' title='bbox 437 1343 643 1439; x_wconf 79' lang='lat' dir='ltr'><strong>effundetur</strong></span> <span class='ocrx_word' id='word_1_58' title='bbox 681 1351 723 1416; x_wconf 79' lang='lat' dir='ltr'><strong>in</strong></span> <span class='ocrx_word' id='word_1_59' title='bbox 762 1349 1003 1418; x_wconf 74' lang='lat' dir='ltr'><strong>remissionem</strong></span> <span class='ocrx_word' id='word_1_60' title='bbox 1036 1360 1191 1442; x_wconf 81' lang='lat' dir='ltr'><strong>peecato-</strong></span> 
     </span>
     <span class='ocr_line' id='line_1_9' title="bbox 108 1439 1192 1540; baseline 0.004 -30"><span class='ocrx_word' id='word_1_61' title='bbox 108 1465 196 1511; x_wconf 84' lang='lat' dir='ltr'><strong>rum</strong></span> <span class='ocrx_word' id='word_1_62' title='bbox 220 1440 287 1536; x_wconf 86' lang='lat' dir='ltr'><strong>(l).</strong></span> <span class='ocrx_word' id='word_1_63' title='bbox 329 1439 449 1511; x_wconf 87' lang='lat' dir='ltr'><strong>Munus</strong></span> <span class='ocrx_word' id='word_1_64' title='bbox 481 1444 643 1532; x_wconf 87' lang='lat' dir='ltr'><strong>ministri,</strong></span> <span class='ocrx_word' id='word_1_65' title='bbox 676 1445 734 1540; x_wconf 91' lang='lat' dir='ltr'><strong>qui</strong></span> <span class='ocrx_word' id='word_1_66' title='bbox 763 1441 996 1513; x_wconf 85' lang='lat' dir='ltr'><strong>Eucharistiam</strong></span> <span class='ocrx_word' id='word_1_67' title='bbox 1032 1443 1192 1514; x_wconf 86' lang='lat' dir='ltr'><strong>adminis-</strong></span> 
     </span>
     <span class='ocr_line' id='line_1_10' title="bbox 109 1539 1186 1638; baseline 0.004 -32"><span class='ocrx_word' id='word_1_68' title='bbox 109 1553 195 1626; x_wconf 83' lang='lat' dir='ltr'><strong>trat,</strong></span> <span class='ocrx_word' id='word_1_69' title='bbox 228 1540 263 1608; x_wconf 91' lang='lat' dir='ltr'><strong>in</strong></span> <span class='ocrx_word' id='word_1_70' title='bbox 295 1563 331 1610; x_wconf 87' lang='lat' dir='ltr'><strong>ea</strong></span> <span class='ocrx_word' id='word_1_71' title='bbox 362 1539 578 1610; x_wconf 89' lang='lat' dir='ltr'><strong>consecranda</strong></span> <span class='ocrx_word' id='word_1_72' title='bbox 608 1567 643 1612; x_wconf 90' lang='lat' dir='ltr'><strong>ac</strong></span> <span class='ocrx_word' id='word_1_73' title='bbox 684 1539 906 1611; x_wconf 89' lang='lat' dir='ltr'><strong>distribuenda</strong></span> <span class='ocrx_word' id='word_1_74' title='bbox 955 1543 1098 1638; x_wconf 90' lang='lat' dir='ltr'><strong>positum</strong></span> <span class='ocrx_word' id='word_1_75' title='bbox 1126 1558 1186 1612; x_wconf 86' lang='lat' dir='ltr'><strong>est.</strong></span> 
     </span>
     <span class='ocr_line' id='line_1_11' title="bbox 110 1635 1193 1728; baseline 0.005 -24"><span class='ocrx_word' id='word_1_76' title='bbox 110 1635 345 1707; x_wconf 83' lang='lat' dir='ltr'><strong>Eucharistiam</strong></span> <span class='ocrx_word' id='word_1_77' title='bbox 378 1654 567 1709; x_wconf 89' lang='lat' dir='ltr'><strong>consecrant</strong></span> <span class='ocrx_word' id='word_1_78' title='bbox 599 1638 656 1710; x_wconf 92' lang='lat' dir='ltr'><strong>soli</strong></span> <span class='ocrx_word' id='word_1_79' title='bbox 690 1637 891 1728; x_wconf 75' lang='lat' dir='ltr'><strong>sacerdotes,</strong></span> <span class='ocrx_word' id='word_1_80' title='bbox 925 1665 993 1710; x_wconf 94' lang='lat' dir='ltr'><strong>non</strong></span> <span class='ocrx_word' id='word_1_81' title='bbox 1026 1641 1103 1710; x_wconf 88' lang='lat' dir='ltr'><strong>item</strong></span> <span class='ocrx_word' id='word_1_82' title='bbox 1138 1642 1193 1709; x_wconf 92' lang='lat' dir='ltr'><strong>in-</strong></span> 
     </span>
     <span class='ocr_line' id='line_1_12' title="bbox 110 1734 1194 1834; baseline 0.004 -32"><span class='ocrx_word' id='word_1_83' title='bbox 110 1734 243 1806; x_wconf 81' lang='lat' dir='ltr'><strong>feriores</strong></span> <span class='ocrx_word' id='word_1_84' title='bbox 271 1735 378 1806; x_wconf 88' lang='lat' dir='ltr'><strong>clerici</strong></span> <span class='ocrx_word' id='word_1_85' title='bbox 410 1735 581 1834; x_wconf 90' lang='lat' dir='ltr'><strong>multoque</strong></span> <span class='ocrx_word' id='word_1_86' title='bbox 618 1737 727 1808; x_wconf 91' lang='lat' dir='ltr'><strong>miuus</strong></span> <span class='ocrx_word' id='word_1_87' title='bbox 756 1737 846 1824; x_wconf 69' lang='lat' dir='ltr'><strong>laici,</strong></span> <span class='ocrx_word' id='word_1_88' title='bbox 885 1739 1039 1834; x_wconf 88' lang='lat' dir='ltr'><strong>quoniam</strong></span> <span class='ocrx_word' id='word_1_89' title='bbox 1079 1735 1194 1807; x_wconf 88' lang='lat' dir='ltr'><strong>Chris-</strong></span> 
     </span>
     <span class='ocr_line' id='line_1_13' title="bbox 112 1831 1194 1932; baseline 0.006 -32"><span class='ocrx_word' id='word_1_90' title='bbox 112 1849 165 1901; x_wconf 91' lang='lat' dir='ltr'><strong>tus</strong></span> <span class='ocrx_word' id='word_1_91' title='bbox 200 1831 284 1903; x_wconf 90' lang='lat' dir='ltr'><strong>hanc</strong></span> <span class='ocrx_word' id='word_1_92' title='bbox 333 1849 526 1930; x_wconf 86' lang='lat' dir='ltr'><strong>potestatem</strong></span> <span class='ocrx_word' id='word_1_93' title='bbox 567 1851 698 1905; x_wconf 88' lang='lat' dir='ltr'><strong>tantum</strong></span> <span class='ocrx_word' id='word_1_94' title='bbox 739 1831 889 1932; x_wconf 89' lang='lat' dir='ltr'><strong>apostolis</strong></span> <span class='ocrx_word' id='word_1_95' title='bbox 937 1861 1117 1930; x_wconf 89' lang='lat' dir='ltr'><strong>eorumque</strong></span> <span class='ocrx_word' id='word_1_96' title='bbox 1159 1837 1194 1906; x_wconf 89' lang='lat' dir='ltr'><strong>in</strong></span> 
     </span>
     <span class='ocr_line' id='line_1_14' title="bbox 113 1929 1194 2030; baseline 0.004 -32"><span class='ocrx_word' id='word_1_97' title='bbox 113 1929 290 2002; x_wconf 85' lang='lat' dir='ltr'><strong>sacerdotio</strong></span> <span class='ocrx_word' id='word_1_98' title='bbox 317 1933 551 2004; x_wconf 87' lang='lat' dir='ltr'><strong>successoribus</strong></span> <span class='ocrx_word' id='word_1_99' title='bbox 573 1936 729 2005; x_wconf 83' lang='lat' dir='ltr'><strong>concessit</strong></span> <span class='ocrx_word' id='word_1_100' title='bbox 756 1934 825 2030; x_wconf 53' lang='grc' dir='ltr'>(ᾖ).</span> <span class='ocrx_word' id='word_1_101' title='bbox 851 1931 940 2004; x_wconf 90' lang='lat' dir='ltr'><strong>Num</strong></span> <span class='ocrx_word' id='word_1_102' title='bbox 965 1931 1077 2029; x_wconf 86' lang='lat' dir='ltr'><strong>plures</strong></span> <span class='ocrx_word' id='word_1_103' title='bbox 1098 1933 1194 2003; x_wconf 91' lang='lat' dir='ltr'><strong>simul</strong></span> 
     </span>
     <span class='ocr_line' id='line_1_15' title="bbox 112 2027 1194 2128; baseline 0.004 -31"><span class='ocrx_word' id='word_1_104' title='bbox 112 2027 291 2100; x_wconf 82' lang='lat' dir='ltr'><strong>sacerdotes</strong></span> <span class='ocrx_word' id='word_1_105' title='bbox 324 2031 486 2102; x_wconf 88' lang='lat' dir='ltr'><strong>conficere</strong></span> <span class='ocrx_word' id='word_1_106' title='bbox 520 2031 756 2103; x_wconf 84' lang='lat' dir='ltr'><strong>Eucharistiam</strong></span> <span class='ocrx_word' id='word_1_107' title='bbox 791 2033 936 2128; x_wconf 76' lang='lat' dir='ltr'><strong>possint,</strong></span> <span class='ocrx_word' id='word_1_108' title='bbox 979 2030 1020 2100; x_wconf 90' lang='lat' dir='ltr'><strong>ab</strong></span> <span class='ocrx_word' id='word_1_109' title='bbox 1054 2034 1194 2128; x_wconf 80' lang='lat' dir='ltr'><strong>antiquis</strong></span> 
     </span>
     <span class='ocr_line' id='line_1_16' title="bbox 111 2125 1191 2224; baseline 0.006 -28"><span class='ocrx_word' id='word_1_110' title='bbox 111 2125 304 2198; x_wconf 75' lang='lat' dir='ltr'><strong>scholasticis</strong></span> <span class='ocrx_word' id='word_1_111' title='bbox 333 2127 536 2224; x_wconf 88' lang='lat' dir='ltr'><strong>disputatum</strong></span> <span class='ocrx_word' id='word_1_112' title='bbox 558 2145 627 2216; x_wconf 63' lang='lat' dir='ltr'><strong>est,</strong></span> <span class='ocrx_word' id='word_1_113' title='bbox 647 2129 702 2200; x_wconf 88' lang='lat' dir='ltr'><strong>scd</strong></span> <span class='ocrx_word' id='word_1_114' title='bbox 730 2129 765 2199; x_wconf 92' lang='lat' dir='ltr'><strong>id</strong></span> <span class='ocrx_word' id='word_1_115' title='bbox 784 2129 841 2200; x_wconf 94' lang='lat' dir='ltr'><strong>diu</strong></span> <span class='ocrx_word' id='word_1_116' title='bbox 865 2127 1018 2200; x_wconf 86' lang='lat' dir='ltr'><strong>aLatinis</strong></span> <span class='ocrx_word' id='word_1_117' title='bbox 1048 2127 1191 2216; x_wconf 84' lang='lat' dir='ltr'><strong>sactum,</strong></span> 
     </span>
     <span class='ocr_line' id='line_1_17' title="bbox 111 2225 1194 2325; baseline 0.002 -31"><span class='ocrx_word' id='word_1_118' title='bbox 111 2241 146 2294; x_wconf 87' lang='lat' dir='ltr'><strong>et</strong></span> <span class='ocrx_word' id='word_1_119' title='bbox 178 2251 269 2296; x_wconf 93' lang='lat' dir='ltr'><strong>nuuc</strong></span> <span class='ocrx_word' id='word_1_120' title='bbox 296 2229 394 2297; x_wconf 87' lang='lat' dir='ltr'><strong>etiam</strong></span> <span class='ocrx_word' id='word_1_121' title='bbox 422 2253 440 2296; x_wconf 89' lang='lat' dir='ltr'><strong>a</strong></span> <span class='ocrx_word' id='word_1_122' title='bbox 469 2227 591 2300; x_wconf 82' lang='lat' dir='ltr'><strong>Graecis</strong></span> <span class='ocrx_word' id='word_1_123' title='bbox 616 2227 688 2298; x_wconf 87' lang='lat' dir='ltr'><strong>fieri</strong></span> <span class='ocrx_word' id='word_1_124' title='bbox 718 2245 845 2300; x_wconf 85' lang='lat' dir='ltr'><strong>cunstat</strong></span> <span class='ocrx_word' id='word_1_125' title='bbox 877 2226 944 2324; x_wconf 85' lang='lat'><strong>(5).</strong></span> <span class='ocrx_word' id='word_1_126' title='bbox 980 2225 1070 2312; x_wconf 85' lang='lat' dir='ltr'><strong>Quin</strong></span> <span class='ocrx_word' id='word_1_127' title='bbox 1106 2227 1194 2325; x_wconf 87' lang='lat' dir='ltr'><strong>apud</strong></span> 
     </span>
     <span class='ocr_line' id='line_1_18' title="bbox 112 2323 1191 2424; baseline 0.004 -31"><span class='ocrx_word' id='word_1_128' title='bbox 112 2347 170 2394; x_wconf 87' lang='lat' dir='ltr'><strong>nos</strong></span> <span class='ocrx_word' id='word_1_129' title='bbox 213 2341 347 2395; x_wconf 88' lang='lat' dir='ltr'><strong>manent</strong></span> <span class='ocrx_word' id='word_1_130' title='bbox 389 2323 496 2397; x_wconf 87' lang='lat' dir='ltr'><strong>adhue</strong></span> <span class='ocrx_word' id='word_1_131' title='bbox 533 2328 665 2422; x_wconf 81' lang='lat' dir='ltr'><strong>vestigia</strong></span> <span class='ocrx_word' id='word_1_132' title='bbox 696 2329 841 2424; x_wconf 85' lang='lat' dir='ltr'><strong>antiquae</strong></span> <span class='ocrx_word' id='word_1_133' title='bbox 875 2324 1118 2398; x_wconf 88' lang='lat' dir='ltr'><strong>consuetudinis</strong></span> <span class='ocrx_word' id='word_1_134' title='bbox 1159 2329 1191 2397; x_wconf 94' lang='lat' dir='ltr'><strong>in</strong></span> 
     </span>
     <span class='ocr_line' id='line_1_19' title="bbox 111 2419 1053 2522; baseline 0.002 -29"><span class='ocrx_word' id='word_1_135' title='bbox 111 2419 378 2520; x_wconf 79' lang='lat' dir='ltr'><strong>presbyterorum</strong></span> <span class='ocrx_word' id='word_1_136' title='bbox 404 2439 503 2520; x_wconf 85' lang='lat' dir='ltr'><strong>atque</strong></span> <span class='ocrx_word' id='word_1_137' title='bbox 532 2428 762 2522; x_wconf 89' lang='lat' dir='ltr'><strong>episcoporum</strong></span> <span class='ocrx_word' id='word_1_138' title='bbox 783 2423 1053 2496; x_wconf 79' lang='lat' dir='ltr'><strong>ordinationibus.</strong></span> 
     </span>
    </p>
   </div>
   <div class='ocr_carea' id='block_1_4' title="bbox 109 2593 1195 4154">
    <p class='ocr_par' dir='ltr' id='par_1_4' title="bbox 109 2593 1195 3254">
     <span class='ocr_line' id='line_1_20' title="bbox 150 2593 1190 2677; baseline 0.002 -23"><span class='ocrx_word' id='word_1_139' title='bbox 150 2593 193 2676; x_wconf 83' lang='lat' dir='ltr'><strong>(l)</strong></span> <span class='ocrx_word' id='word_1_140' title='bbox 207 2595 285 2658; x_wconf 87' lang='lat' dir='ltr'><strong>Num</strong></span> <span class='ocrx_word' id='word_1_141' title='bbox 299 2595 330 2656; x_wconf 92' lang='lat' dir='ltr'><strong>in</strong></span> <span class='ocrx_word' id='word_1_142' title='bbox 351 2595 463 2672; x_wconf 78' lang='lat' dir='ltr'><strong>forma,</strong></span> <span class='ocrx_word' id='word_1_143' title='bbox 485 2616 544 2677; x_wconf 87' lang='lat' dir='ltr'><strong>qua</strong></span> <span class='ocrx_word' id='word_1_144' title='bbox 560 2606 746 2660; x_wconf 87' lang='lat' dir='ltr'><strong>consecratur</strong></span> <span class='ocrx_word' id='word_1_145' title='bbox 769 2597 857 2674; x_wconf 83' lang='lat' dir='ltr'><strong>calix,</strong></span> <span class='ocrx_word' id='word_1_146' title='bbox 877 2596 913 2657; x_wconf 89' lang='lat' dir='ltr'><strong>ad</strong></span> <span class='ocrx_word' id='word_1_147' title='bbox 940 2597 1000 2655; x_wconf 86' lang='lat' dir='ltr'><strong>vim</strong></span> <span class='ocrx_word' id='word_1_148' title='bbox 1017 2597 1190 2657; x_wconf 80' lang='lat' dir='ltr'><strong>sacramenti</strong></span> 
     </span>
     <span class='ocr_line' id='line_1_21' title="bbox 113 2675 1194 2762; baseline 0.003 -27"><span class='ocrx_word' id='word_1_149' title='bbox 113 2683 228 2736; x_wconf 83' lang='lat' dir='ltr'><strong>tantum</strong></span> <span class='ocrx_word' id='word_1_150' title='bbox 252 2679 412 2739; x_wconf 87' lang='lat' dir='ltr'><strong>necessaria</strong></span> <span class='ocrx_word' id='word_1_151' title='bbox 433 2681 491 2740; x_wconf 84' lang='lat' dir='ltr'><strong>sint</strong></span> <span class='ocrx_word' id='word_1_152' title='bbox 519 2679 606 2742; x_wconf 87' lang='lat' dir='ltr'><strong>verba</strong></span> <span class='ocrx_word' id='word_1_153' title='bbox 632 2681 689 2742; x_wconf 87' lang='lat' dir='ltr'><strong>Hic</strong></span> <span class='ocrx_word' id='word_1_154' title='bbox 712 2687 757 2742; x_wconf 85' lang='lat' dir='ltr'><strong>eat</strong></span> <span class='ocrx_word' id='word_1_155' title='bbox 779 2675 860 2740; x_wconf 78' lang='lat' dir='ltr'><strong>calix</strong></span> <span class='ocrx_word' id='word_1_156' title='bbox 881 2677 1040 2762; x_wconf 72' lang='lat' dir='ltr'><strong>conquiris</strong></span> <span class='ocrx_word' id='word_1_157' title='bbox 1054 2679 1128 2756; x_wconf 86' lang='lat' dir='ltr'><strong>mei,</strong></span> <span class='ocrx_word' id='word_1_158' title='bbox 1157 2697 1194 2738; x_wconf 86' lang='lat' dir='ltr'><strong>un</strong></span> 
     </span>
     <span class='ocr_line' id='line_1_22' title="bbox 109 2759 1195 2842; baseline 0.003 -25"><span class='ocrx_word' id='word_1_159' title='bbox 109 2759 199 2820; x_wconf 84' lang='lat' dir='ltr'><strong>etiam</strong></span> <span class='ocrx_word' id='word_1_160' title='bbox 211 2768 306 2819; x_wconf 84' lang='lat' dir='ltr'><strong>cetera</strong></span> <span class='ocrx_word' id='word_1_161' title='bbox 327 2761 535 2839; x_wconf 87' lang='lat' dir='ltr'><strong>requirantur,</strong></span> <span class='ocrx_word' id='word_1_162' title='bbox 550 2771 634 2824; x_wconf 88' lang='lat' dir='ltr'><strong>vetus</strong></span> <span class='ocrx_word' id='word_1_163' title='bbox 659 2763 782 2842; x_wconf 82' lang='lat' dir='ltr'><strong>quaestio</strong></span> <span class='ocrx_word' id='word_1_164' title='bbox 796 2769 855 2838; x_wconf 87' lang='lat' dir='ltr'><strong>est,</strong></span> <span class='ocrx_word' id='word_1_165' title='bbox 870 2760 907 2820; x_wconf 90' lang='lat' dir='ltr'><strong>de</strong></span> <span class='ocrx_word' id='word_1_166' title='bbox 927 2779 984 2839; x_wconf 86' lang='lat' dir='ltr'><strong>qua</strong></span> <span class='ocrx_word' id='word_1_167' title='bbox 996 2759 1065 2820; x_wconf 86' lang='lat' dir='ltr'><strong>vide</strong></span> <span class='ocrx_word' id='word_1_168' title='bbox 1086 2761 1195 2823; x_wconf 83' lang='lat' dir='ltr'><strong>luenin</strong></span> 
     </span>
     <span class='ocr_line' id='line_1_23' title="bbox 110 2839 1193 2928; baseline 0.002 -28"><span class='ocrx_word' id='word_1_169' title='bbox 110 2839 144 2900; x_wconf 86' lang='lat' dir='ltr'><strong>de</strong></span> <span class='ocrx_word' id='word_1_170' title='bbox 169 2841 305 2902; x_wconf 70' lang='lat' dir='ltr'><strong>Sacrum</strong></span> <span class='ocrx_word' id='word_1_171' title='bbox 333 2840 405 2904; x_wconf 76' lang='lat' dir='ltr'><strong>dise</strong></span> <span class='ocrx_word' id='word_1_172' title='bbox 430 2847 450 2906; x_wconf 74' lang='lat' dir='ltr'><strong>l</strong></span> <span class='ocrx_word' id='word_1_173' title='bbox 470 2863 522 2927; x_wconf 80' lang='lat' dir='ltr'><strong>qu.</strong></span> <span class='ocrx_word' id='word_1_174' title='bbox 540 2848 558 2906; x_wconf 99' lang='grc'><strong>5</strong></span> <span class='ocrx_word' id='word_1_175' title='bbox 574 2863 640 2928; x_wconf 81' lang='lat' dir='ltr'><strong>cup.</strong></span> <span class='ocrx_word' id='word_1_176' title='bbox 668 2849 700 2922; x_wconf 82' lang='grc'><strong>5,·</strong></span> <span class='ocrx_word' id='word_1_177' title='bbox 722 2844 835 2908; x_wconf 90' lang='lat' dir='ltr'><strong>Druuin</strong></span> <span class='ocrx_word' id='word_1_178' title='bbox 858 2839 892 2903; x_wconf 86' lang='lat' dir='ltr'><strong>de</strong></span> <span class='ocrx_word' id='word_1_179' title='bbox 918 2862 949 2903; x_wconf 83' lang='lat' dir='ltr'><strong>re</strong></span> <span class='ocrx_word' id='word_1_180' title='bbox 970 2861 1100 2903; x_wconf 85' lang='lat' dir='ltr'><strong>sacram.</strong></span> <span class='ocrx_word' id='word_1_181' title='bbox 1127 2839 1149 2902; x_wconf 85' lang='lat' dir='ltr'><strong>l.</strong></span> <span class='ocrx_word' id='word_1_182' title='bbox 1174 2845 1193 2902; x_wconf 76' lang='lat' dir='ltr'><strong>l</strong></span> 
     </span>
     <span class='ocr_line' id='line_1_24' title="bbox 110 2925 1194 3006; baseline 0 -23"><span class='ocrx_word' id='word_1_183' title='bbox 110 2931 216 3006; x_wconf 72' lang='lat' dir='ltr'><strong>queat.</strong></span> <span class='ocrx_word' id='word_1_184' title='bbox 244 2927 263 2986; x_wconf 92' lang='grc'><strong>5</strong></span> <span class='ocrx_word' id='word_1_185' title='bbox 284 2941 350 3006; x_wconf 81' lang='lat' dir='ltr'><strong>cup.</strong></span> <span class='ocrx_word' id='word_1_186' title='bbox 368 2928 398 2986; x_wconf 90' lang='grc'><strong>5.</strong></span> <span class='ocrx_word' id='word_1_187' title='bbox 414 2928 599 3005; x_wconf 85' lang='lat' dir='ltr'><strong>Quamquam</strong></span> <span class='ocrx_word' id='word_1_188' title='bbox 617 2935 716 2988; x_wconf 88' lang='lat' dir='ltr'><strong>autem</strong></span> <span class='ocrx_word' id='word_1_189' title='bbox 736 2926 869 2989; x_wconf 82' lang='lat' dir='ltr'><strong>Christus</strong></span> <span class='ocrx_word' id='word_1_190' title='bbox 888 2925 1047 2985; x_wconf 84' lang='lat' dir='ltr'><strong>voluntatis</strong></span> <span class='ocrx_word' id='word_1_191' title='bbox 1069 2925 1194 3002; x_wconf 86' lang='lat' dir='ltr'><strong>imperio</strong></span> 
     </span>
     <span class='ocr_line' id='line_1_25' title="bbox 112 3005 1195 3088; baseline 0.001 -23"><span class='ocrx_word' id='word_1_192' title='bbox 112 3005 323 3066; x_wconf 81' lang='lat' dir='ltr'><strong>Eucharistiam</strong></span> <span class='ocrx_word' id='word_1_193' title='bbox 348 3025 517 3069; x_wconf 81' lang='lat' dir='ltr'><strong>consecrare</strong></span> <span class='ocrx_word' id='word_1_194' title='bbox 533 3011 690 3088; x_wconf 88' lang='lat' dir='ltr'><strong>potuisset,</strong></span> <span class='ocrx_word' id='word_1_195' title='bbox 712 3027 814 3070; x_wconf 86' lang='lat' dir='ltr'><strong>revera</strong></span> <span class='ocrx_word' id='word_1_196' title='bbox 828 3016 928 3068; x_wconf 85' lang='lat' dir='ltr'><strong>umen</strong></span> <span class='ocrx_word' id='word_1_197' title='bbox 940 3006 1115 3088; x_wconf 81' lang='lat' dir='ltr'><strong>evangelicis</strong></span> <span class='ocrx_word' id='word_1_198' title='bbox 1129 3025 1195 3066; x_wconf 88' lang='lat' dir='ltr'><strong>ver-</strong></span> 
     </span>
     <span class='ocr_line' id='line_1_26' title="bbox 111 3086 1195 3172; baseline 0.001 -25"><span class='ocrx_word' id='word_1_199' title='bbox 111 3086 171 3164; x_wconf 86' lang='lat' dir='ltr'><strong>bis,</strong></span> <span class='ocrx_word' id='word_1_200' title='bbox 182 3106 218 3148; x_wconf 80' lang='lat' dir='ltr'><strong>ex</strong></span> <span class='ocrx_word' id='word_1_201' title='bbox 240 3107 315 3168; x_wconf 88' lang='lat' dir='ltr'><strong>pane</strong></span> <span class='ocrx_word' id='word_1_202' title='bbox 326 3096 355 3148; x_wconf 87' lang='lat' dir='ltr'><strong>et</strong></span> <span class='ocrx_word' id='word_1_203' title='bbox 370 3089 454 3165; x_wconf 89' lang='lat' dir='ltr'><strong>vinu,</strong></span> <span class='ocrx_word' id='word_1_204' title='bbox 468 3109 555 3152; x_wconf 89' lang='lat' dir='ltr'><strong>suum</strong></span> <span class='ocrx_word' id='word_1_205' title='bbox 578 3111 684 3170; x_wconf 88' lang='lat' dir='ltr'><strong>corpus</strong></span> <span class='ocrx_word' id='word_1_206' title='bbox 699 3099 729 3152; x_wconf 88' lang='lat' dir='ltr'><strong>et</strong></span> <span class='ocrx_word' id='word_1_207' title='bbox 751 3091 923 3172; x_wconf 75' lang='lat' dir='ltr'><strong>sanguinem</strong></span> <span class='ocrx_word' id='word_1_208' title='bbox 938 3089 1097 3149; x_wconf 86' lang='lat' dir='ltr'><strong>coniecisse</strong></span> <span class='ocrx_word' id='word_1_209' title='bbox 1110 3087 1195 3149; x_wconf 88' lang='lat' dir='ltr'><strong>docet</strong></span> 
     </span>
     <span class='ocr_line' id='line_1_27' title="bbox 112 3169 1195 3254; baseline 0.001 -25"><span class='ocrx_word' id='word_1_210' title='bbox 112 3174 146 3229; x_wconf 86' lang='lat' dir='ltr'><strong>D.</strong></span> <span class='ocrx_word' id='word_1_211' title='bbox 171 3169 229 3232; x_wconf 85' lang='lat' dir='ltr'><strong>Th.</strong></span> <span class='ocrx_word' id='word_1_212' title='bbox 253 3189 287 3252; x_wconf 82' lang='lat' dir='ltr'><strong>p.</strong></span> <span class='ocrx_word' id='word_1_213' title='bbox 301 3173 319 3231; x_wconf 92' lang='grc'><strong>5</strong></span> <span class='ocrx_word' id='word_1_214' title='bbox 334 3191 363 3254; x_wconf 85' lang='lat' dir='ltr'><strong>q.</strong></span> <span class='ocrx_word' id='word_1_215' title='bbox 381 3173 421 3232; x_wconf 84' lang='lat'><strong>78</strong></span> <span class='ocrx_word' id='word_1_216' title='bbox 447 3179 506 3232; x_wconf 86' lang='lat' dir='ltr'><strong>ort.</strong></span> <span class='ocrx_word' id='word_1_217' title='bbox 525 3175 540 3234; x_wconf 87' lang='lat' dir='ltr'><strong>i</strong></span> <span class='ocrx_word' id='word_1_218' title='bbox 567 3172 619 3234; x_wconf 83' lang='lat' dir='ltr'><strong>ud.</strong></span> <span class='ocrx_word' id='word_1_219' title='bbox 637 3176 669 3250; x_wconf 83' lang='lat' dir='ltr'><strong>t,</strong></span> <span class='ocrx_word' id='word_1_220' title='bbox 686 3193 775 3252; x_wconf 86' lang='lat' dir='ltr'><strong>quam</strong></span> <span class='ocrx_word' id='word_1_221' title='bbox 789 3172 917 3252; x_wconf 77' lang='lat' dir='ltr'><strong>theologi</strong></span> <span class='ocrx_word' id='word_1_222' title='bbox 946 3171 1009 3232; x_wconf 85' lang='lat' dir='ltr'><strong>lere</strong></span> <span class='ocrx_word' id='word_1_223' title='bbox 1027 3189 1131 3232; x_wconf 88' lang='lat' dir='ltr'><strong>omnes</strong></span> <span class='ocrx_word' id='word_1_224' title='bbox 1150 3189 1195 3231; x_wconf 87' lang='lat' dir='ltr'><strong>se-</strong></span> 
     </span>
    </p>

    <p class='ocr_par' dir='ltr' id='par_1_5' title="bbox 112 3261 1195 4154">
     <span class='ocr_line' id='line_1_28' title="bbox 138 3261 263 3313; baseline 0.008 -2"><span class='ocrx_word' id='word_1_225' title='bbox 138 3261 263 3313; x_wconf 89' lang='lat' dir='ltr'><strong>uuntur.</strong></span> 
     </span>
     <span class='ocr_line' id='line_1_29' title="bbox 118 3269 1195 3418; baseline 0 -24"><span class='ocrx_word' id='word_1_226' title='bbox 118 3269 195 3414; x_wconf 60' lang='lat' dir='ltr'><strong>qffl)</strong></span> <span class='ocrx_word' id='word_1_227' title='bbox 220 3338 308 3398; x_wconf 87' lang='lat' dir='ltr'><strong>Cone.</strong></span> <span class='ocrx_word' id='word_1_228' title='bbox 330 3337 464 3396; x_wconf 83' lang='lat' dir='ltr'><strong>lateran.</strong></span> <span class='ocrx_word' id='word_1_229' title='bbox 490 3339 531 3398; x_wconf 88' lang='lat' dir='ltr'><strong>lV</strong></span> <span class='ocrx_word' id='word_1_230' title='bbox 546 3339 642 3418; x_wconf 65' lang='lat' dir='ltr'><strong>canl</strong></span> <span class='ocrx_word' id='word_1_231' title='bbox 671 3345 741 3397; x_wconf 75' lang='lat' dir='ltr'><strong>tom⁸</strong></span> <span class='ocrx_word' id='word_1_232' title='bbox 770 3339 788 3396; x_wconf 88' lang='grc'><strong>7</strong></span> <span class='ocrx_word' id='word_1_233' title='bbox 809 3334 863 3398; x_wconf 87' lang='lat' dir='ltr'><strong>col.</strong></span> <span class='ocrx_word' id='word_1_234' title='bbox 892 3338 930 3398; x_wconf 80' lang='lat' dir='ltr'><strong>tt</strong></span> <span class='ocrx_word' id='word_1_235' title='bbox 955 3331 1021 3396; x_wconf 86' lang='lat' dir='ltr'><strong>coll.</strong></span> <span class='ocrx_word' id='word_1_236' title='bbox 1040 3333 1149 3411; x_wconf 78' lang='lat' dir='ltr'><strong>ilerd,</strong></span> <span class='ocrx_word' id='word_1_237' title='bbox 1166 3343 1195 3395; x_wconf 90' lang='lat' dir='ltr'><strong>et</strong></span> 
     </span>
     <span class='ocr_line' id='line_1_30' title="bbox 112 3415 1195 3501; baseline 0 -25"><span class='ocrx_word' id='word_1_238' title='bbox 112 3415 197 3476; x_wconf 78' lang='lat' dir='ltr'><strong>Trid.</strong></span> <span class='ocrx_word' id='word_1_239' title='bbox 223 3435 295 3478; x_wconf 78' lang='lat' dir='ltr'><strong>sesa.</strong></span> <span class='ocrx_word' id='word_1_240' title='bbox 322 3419 361 3478; x_wconf 68' lang='lat'><strong>22</strong></span> <span class='ocrx_word' id='word_1_241' title='bbox 389 3437 423 3478; x_wconf 88' lang='lat' dir='ltr'><strong>cu</strong></span> <span class='ocrx_word' id='word_1_242' title='bbox 447 3461 454 3477; x_wconf 93' lang='lat'><strong>.</strong></span> <span class='ocrx_word' id='word_1_243' title='bbox 481 3419 513 3494; x_wconf 89' lang='lat' dir='ltr'><strong>l,</strong></span> <span class='ocrx_word' id='word_1_244' title='bbox 537 3427 641 3480; x_wconf 79' lang='lat' dir='ltr'><strong>eicon.</strong></span> <span class='ocrx_word' id='word_1_245' title='bbox 670 3417 739 3480; x_wconf 66' lang='lat' dir='ltr'><strong>lde</strong></span> <span class='ocrx_word' id='word_1_246' title='bbox 753 3417 862 3501; x_wconf 68' lang='lat' dir='ltr'><strong>Saetifi</strong></span> <span class='ocrx_word' id='word_1_247' title='bbox 880 3415 1098 3480; x_wconf 86' lang='lat' dir='ltr'><strong>misa.Lutheri</strong></span> <span class='ocrx_word' id='word_1_248' title='bbox 1116 3436 1195 3478; x_wconf 91' lang='lat' dir='ltr'><strong>som-</strong></span> 
     </span>
     <span class='ocr_line' id='line_1_31' title="bbox 114 3436 1195 3579; baseline 0.004 -23"><span class='ocrx_word' id='word_1_249' title='bbox 114 3499 197 3558; x_wconf 90' lang='lat' dir='ltr'><strong>nium</strong></span> <span class='ocrx_word' id='word_1_250' title='bbox 209 3509 268 3576; x_wconf 88' lang='lat' dir='ltr'><strong>est,</strong></span> <span class='ocrx_word' id='word_1_251' title='bbox 283 3517 384 3560; x_wconf 87' lang='lat' dir='ltr'><strong>omnes</strong></span> <span class='ocrx_word' id='word_1_252' title='bbox 405 3436 580 3562; x_wconf 70' lang='lat' dir='ltr'><strong>christianos</strong></span> <span class='ocrx_word' id='word_1_253' title='bbox 593 3500 662 3579; x_wconf 88' lang='lat' dir='ltr'><strong>jure</strong></span> <span class='ocrx_word' id='word_1_254' title='bbox 682 3501 783 3562; x_wconf 91' lang='lat' dir='ltr'><strong>divino</strong></span> <span class='ocrx_word' id='word_1_255' title='bbox 805 3520 867 3562; x_wconf 89' lang='lat' dir='ltr'><strong>esse</strong></span> <span class='ocrx_word' id='word_1_256' title='bbox 891 3500 1053 3561; x_wconf 87' lang='lat' dir='ltr'><strong>sacerdotes</strong></span> <span class='ocrx_word' id='word_1_257' title='bbox 1077 3507 1106 3560; x_wconf 88' lang='lat' dir='ltr'><strong>et</strong></span> <span class='ocrx_word' id='word_1_258' title='bbox 1130 3517 1195 3560; x_wconf 89' lang='lat' dir='ltr'><strong>om·</strong></span> 
     </span>
     <span class='ocr_line' id='line_1_32' title="bbox 113 3580 1194 3661; baseline 0.001 -22"><span class='ocrx_word' id='word_1_259' title='bbox 113 3598 181 3656; x_wconf 87' lang='lat' dir='ltr'><strong>nes,</strong></span> <span class='ocrx_word' id='word_1_260' title='bbox 207 3583 372 3660; x_wconf 76' lang='lat' dir='ltr'><strong>praesertim</strong></span> <span class='ocrx_word' id='word_1_261' title='bbox 396 3599 463 3642; x_wconf 89' lang='lat' dir='ltr'><strong>cum</strong></span> <span class='ocrx_word' id='word_1_262' title='bbox 487 3581 518 3642; x_wconf 93' lang='lat' dir='ltr'><strong>id</strong></span> <span class='ocrx_word' id='word_1_263' title='bbox 540 3584 698 3644; x_wconf 75' lang='lat' dir='ltr'><strong>necessitas</strong></span> <span class='ocrx_word' id='word_1_264' title='bbox 721 3583 864 3661; x_wconf 85' lang='lat' dir='ltr'><strong>postulat,</strong></span> <span class='ocrx_word' id='word_1_265' title='bbox 888 3582 1078 3644; x_wconf 68' lang='lat' dir='ltr'><strong>Eucharistiae</strong></span> <span class='ocrx_word' id='word_1_266' title='bbox 1102 3580 1194 3640; x_wconf 89' lang='lat' dir='ltr'><strong>eonfi-</strong></span> 
     </span>
     <span class='ocr_line' id='line_1_33' title="bbox 114 3661 1195 3742; baseline 0.002 -22"><span class='ocrx_word' id='word_1_267' title='bbox 114 3661 225 3724; x_wconf 80' lang='lat' dir='ltr'><strong>ciendm</strong></span> <span class='ocrx_word' id='word_1_268' title='bbox 240 3663 349 3724; x_wconf 90' lang='lat' dir='ltr'><strong>habere</strong></span> <span class='ocrx_word' id='word_1_269' title='bbox 363 3671 550 3742; x_wconf 87' lang='lat' dir='ltr'><strong>potestatem.</strong></span> <span class='ocrx_word' id='word_1_270' title='bbox 566 3665 734 3726; x_wconf 81' lang='lat' dir='ltr'><strong>Absurdam</strong></span> <span class='ocrx_word' id='word_1_271' title='bbox 749 3666 825 3726; x_wconf 89' lang='lat' dir='ltr'><strong>hanc</strong></span> <span class='ocrx_word' id='word_1_272' title='bbox 840 3665 1020 3736; x_wconf 80' lang='lat' dir='ltr'><strong>doctrinam,</strong></span> <span class='ocrx_word' id='word_1_273' title='bbox 1034 3671 1064 3724; x_wconf 87' lang='lat' dir='ltr'><strong>et</strong></span> <span class='ocrx_word' id='word_1_274' title='bbox 1085 3670 1195 3722; x_wconf 85' lang='lat' dir='ltr'><strong>ceteros</strong></span> 
     </span>
     <span class='ocr_line' id='line_1_34' title="bbox 113 3744 1194 3823; baseline -0.001 -18"><span class='ocrx_word' id='word_1_275' title='bbox 113 3746 165 3820; x_wconf 86' lang='lat' dir='ltr'><strong>qui</strong></span> <span class='ocrx_word' id='word_1_276' title='bbox 178 3745 215 3806; x_wconf 87' lang='lat' dir='ltr'><strong>ab</strong></span> <span class='ocrx_word' id='word_1_277' title='bbox 228 3765 262 3806; x_wconf 88' lang='lat' dir='ltr'><strong>ea</strong></span> <span class='ocrx_word' id='word_1_278' title='bbox 278 3746 434 3807; x_wconf 84' lang='lat' dir='ltr'><strong>dissimiles</strong></span> <span class='ocrx_word' id='word_1_279' title='bbox 449 3765 508 3808; x_wconf 91' lang='lat' dir='ltr'><strong>nou</strong></span> <span class='ocrx_word' id='word_1_280' title='bbox 534 3756 625 3823; x_wconf 78' lang='lat' dir='ltr'><strong>sunt,</strong></span> <span class='ocrx_word' id='word_1_281' title='bbox 637 3765 752 3810; x_wconf 87' lang='lat' dir='ltr'><strong>errores</strong></span> <span class='ocrx_word' id='word_1_282' title='bbox 766 3751 986 3818; x_wconf 85' lang='lat' dir='ltr'><strong>Gnosticorum,</strong></span> <span class='ocrx_word' id='word_1_283' title='bbox 1005 3744 1194 3808; x_wconf 66' lang='lat' dir='ltr'><strong>montanista-</strong></span> 
     </span>
     <span class='ocr_line' id='line_1_35' title="bbox 112 3825 1194 3908; baseline 0.002 -24"><span class='ocrx_word' id='word_1_284' title='bbox 112 3846 192 3904; x_wconf 85' lang='lat' dir='ltr'><strong>rum,</strong></span> <span class='ocrx_word' id='word_1_285' title='bbox 210 3829 495 3908; x_wconf 82' lang='lat' dir='ltr'><strong>Collyridiunorum,</strong></span> <span class='ocrx_word' id='word_1_286' title='bbox 521 3830 744 3906; x_wconf 83' lang='lat' dir='ltr'><strong>waldensium,</strong></span> <span class='ocrx_word' id='word_1_287' title='bbox 768 3829 1005 3892; x_wconf 80' lang='lat' dir='ltr'><strong>calvinianorum</strong></span> <span class='ocrx_word' id='word_1_288' title='bbox 1024 3827 1081 3887; x_wconf 84' lang='lat' dir='ltr'><strong>late</strong></span> <span class='ocrx_word' id='word_1_289' title='bbox 1113 3825 1194 3886; x_wconf 86' lang='lat' dir='ltr'><strong>reiu—</strong></span> 
     </span>
     <span class='ocr_line' id='line_1_36' title="bbox 112 3909 1192 3991; baseline 0.002 -25"><span class='ocrx_word' id='word_1_290' title='bbox 112 3917 178 3968; x_wconf 84' lang='lat' dir='ltr'><strong>tnnt</strong></span> <span class='ocrx_word' id='word_1_291' title='bbox 197 3911 345 3991; x_wconf 78' lang='lat' dir='ltr'><strong>theologi,</strong></span> <span class='ocrx_word' id='word_1_292' title='bbox 369 3920 457 3989; x_wconf 87' lang='lat' dir='ltr'><strong>atque</strong></span> <span class='ocrx_word' id='word_1_293' title='bbox 481 3913 560 3974; x_wconf 86' lang='lat' dir='ltr'><strong>inter</strong></span> <span class='ocrx_word' id='word_1_294' title='bbox 584 3921 695 3974; x_wconf 88' lang='lat' dir='ltr'><strong>ceteros</strong></span> <span class='ocrx_word' id='word_1_295' title='bbox 719 3914 832 3975; x_wconf 85' lang='lat' dir='ltr'><strong>Drouiu</strong></span> <span class='ocrx_word' id='word_1_296' title='bbox 853 3909 907 3972; x_wconf 81' lang='lat' dir='ltr'><strong>loe.</strong></span> <span class='ocrx_word' id='word_1_297' title='bbox 932 3911 980 3971; x_wconf 85' lang='lat' dir='ltr'><strong>cit.</strong></span> <span class='ocrx_word' id='word_1_298' title='bbox 1004 3929 1035 3991; x_wconf 85' lang='lat' dir='ltr'><strong>q.</strong></span> <span class='ocrx_word' id='word_1_299' title='bbox 1057 3911 1126 3968; x_wconf 75' lang='lat' dir='ltr'><strong>lca</strong></span> <span class='ocrx_word' id='word_1_300' title='bbox 1162 3909 1192 3968; x_wconf 89' lang='lat' dir='ltr'><strong>l.</strong></span> 
     </span>
     <span class='ocr_line' id='line_1_37' title="bbox 113 3991 1194 4072; baseline 0 -22"><span class='ocrx_word' id='word_1_301' title='bbox 113 3991 263 4054; x_wconf 82' lang='lat' dir='ltr'><strong>Calabram</strong></span> <span class='ocrx_word' id='word_1_302' title='bbox 280 3993 453 4054; x_wconf 86' lang='lat' dir='ltr'><strong>Tertulliani</strong></span> <span class='ocrx_word' id='word_1_303' title='bbox 469 3995 581 4060; x_wconf 77' lang='lat' dir='ltr'><strong>lucum.</strong></span> <span class='ocrx_word' id='word_1_304' title='bbox 604 3995 635 4054; x_wconf 93' lang='lat' dir='ltr'><strong>in</strong></span> <span class='ocrx_word' id='word_1_305' title='bbox 661 4013 720 4072; x_wconf 90' lang='lat' dir='ltr'><strong>quo</strong></span> <span class='ocrx_word' id='word_1_306' title='bbox 742 4011 844 4055; x_wconf 87' lang='lat' dir='ltr'><strong>omnes</strong></span> <span class='ocrx_word' id='word_1_307' title='bbox 859 3991 1010 4054; x_wconf 89' lang='lat' dir='ltr'><strong>christiani</strong></span> <span class='ocrx_word' id='word_1_308' title='bbox 1031 4009 1111 4050; x_wconf 90' lang='lat' dir='ltr'><strong>sacer</strong></span> <span class='ocrx_word' id='word_1_309' title='bbox 1132 3998 1194 4050; x_wconf 83' lang='lat' dir='ltr'><strong>oles</strong></span> 
     </span>
     <span class='ocr_line' id='line_1_38' title="bbox 113 4072 1193 4154; baseline 0.002 -23"><span class='ocrx_word' id='word_1_310' title='bbox 113 4089 191 4152; x_wconf 86' lang='lat' dir='ltr'><strong>esse,</strong></span> <span class='ocrx_word' id='word_1_311' title='bbox 205 4085 234 4136; x_wconf 88' lang='lat' dir='ltr'><strong>et</strong></span> <span class='ocrx_word' id='word_1_312' title='bbox 247 4094 350 4137; x_wconf 83' lang='lat' dir='ltr'><strong>omnes</strong></span> <span class='ocrx_word' id='word_1_313' title='bbox 362 4074 471 4137; x_wconf 85' lang='lat' dir='ltr'><strong>ollcrre</strong></span> <span class='ocrx_word' id='word_1_314' title='bbox 486 4077 640 4150; x_wconf 86' lang='lat' dir='ltr'><strong>dicuntur,</strong></span> <span class='ocrx_word' id='word_1_315' title='bbox 657 4085 789 4138; x_wconf 82' lang='lat' dir='ltr'><strong>accurate</strong></span> <span class='ocrx_word' id='word_1_316' title='bbox 804 4077 884 4135; x_wconf 89' lang='lat' dir='ltr'><strong>inter</strong></span> <span class='ocrx_word' id='word_1_317' title='bbox 897 4083 1009 4135; x_wconf 87' lang='lat' dir='ltr'><strong>eeteros</strong></span> <span class='ocrx_word' id='word_1_318' title='bbox 1023 4072 1193 4154; x_wconf 80' lang='lat' dir='ltr'><strong>expendunt</strong></span> 
     </span>
    </p>
   </div>
   <div class='ocr_carea' id='block_1_5' title="bbox 0 0 1565 5170">
    <p class='ocr_par' dir='ltr' id='par_1_6' title="bbox 0 0 1565 5170">
     <span class='ocr_line' id='line_1_39' title="bbox 0 0 1565 5170; baseline 0 0"><span class='ocrx_word' id='word_1_319' title='bbox 0 0 1565 5170; x_wconf 95' lang='lat' dir='ltr'><strong> </strong></span> 
     </span>
    </p>
   </div>
  </div>
 </body>
</html>
