3142 5188
835 447 1058 520 -652-

407 629 482 677 cum
520 597 674 672 violentas
711 621 828 668 manus
864 599 1066 694 injecerunt,
1102 612 1136 668 et
1164 623 1244 695 quus
1278 597 1385 672 ludex
1433 627 1481 674 ec

355 759 358 766 .
408 701 597 774 clesiasticus
627 697 823 768 nominatim
855 695 1149 768 excommunicatos
1190 695 1366 768 declaravit
1397 699 1476 796 (5),

406 801 464 898 qui
493 796 553 868 sibi
577 811 719 868 mortem
744 795 992 882 consciverunt,
1026 795 1088 864 nisi
1116 819 1170 866 eos
1193 795 1305 867 lurore
1332 813 1420 869 actus
1446 798 1479 868 id

405 900 506 996 egisse
531 909 658 966 constet
685 891 761 990 (6),
797 895 911 989 quiin
939 890 1092 986 singulari
1117 896 1294 964 certamine
1320 895 1393 992 (7),
1420 913 1478 966 aut

406 1001 441 1068 in
472 993 729 1080 torneamentis,
769 1015 844 1086 quae
877 991 990 1061 mortis
1027 989 1209 1084 periculum
1242 991 1380 1064 babent·
1403 994 1474 1088 (8),

404 1091 566 1165 interlecti
596 1105 693 1178 sunt,
730 1091 787 1185 qui
822 1091 858 1158 in
919 1087 1046 1160 ascbate
1078 1091 1281 1186 poenitentiae
1332 1107 1367 1162 et
1405 1091 1475 1162 Eu-

308 1197 311 1208 '
405 1192 563 1266 charistiae
597 1201 833 1258 sacramentum
863 1115 1045 1258 voluntarie
1073 1189 1252 1259 omiserunt
1287 1187 1364 1283 (9),
1395 1215 1475 1259 usu·

405 1292 481 1362 rarii
507 1286 669 1360 manifesti
695 1283 773 1382 (tu)
792 1313 802 1372 3
829 1283 980 1356 monachi
996 1285 1116 1356 mortui
1129 1311 1205 1356 cnm
1226 1286 1356 1383 peculio
1371 1287 1472 1384 (ll),

406 1390 492 1460 lures
521 1402 556 1458 et
583 1385 724 1456 latrones
753 1385 789 1454 in
819 1385 954 1456 crimine
981 1382 1175 1482 deprehensi
1204 1399 1238 1456 et
1261 1383 1357 1458 occisi
1375 1383 1474 1482 (tu),

404 1502 549 1584 raptores
590 1481 794 1556 eeclesiarum
825 1483 883 1579 qui
926 1506 995 1554 non
1038 1479 1248 1554 satisfecerint
1280 1483 1382 1580 (15),
1424 1483 1476 1554 dc·

404 1588 505 1682 nique
538 1606 651 1656 omnes
687 1579 810 1678 publici
840 1595 1041 1676 pensatores,
1081 1582 1139 1678 qui
1173 1583 1242 1652 aine
1339 1583 1475 1652 nitentia

405 1683 600 1754 decesserint
624 1679 714 1846 (14).
746 1676 845 1761 Quod
869 1679 895 1748 si
922 1677 1040 1750 burum
1067 1677 1183 1775 aliquis
1216 1681 1252 1748 in
1283 1606 1358 1750 (εἷο
1387 1707 1474 1752 sacru

402 1780 603 1878 sepulturam
642 1777 682 1846 ba
708 1779 810 1866 uerit,
851 1777 920 1876 ejus
963 1775 1120 1867 cadaver,
1161 1775 1261 1849 modo
1297 1779 1474 1850 internosci

402 1879 521 1976 possit,
552 1903 571 1948 e
599 1875 747 1972 sepulcro
784 1873 990 1946 ducendum
1022 1891 1070 1946 est
1105 1891 1204 1974 atque
1236 1878 1270 1946 in
1300 1875 1373 1948 loco
1403 1901 1474 1973 pru-

401 1977 477 2049 lano
503 1973 729 2048 collocandum
755 1973 846 2070 (15).

457 2245 485 2324 ll
508 2249 580 2328 Cup.
597 2247 636 2308 lb
650 2244 685 2308 de
698 2243 852 2328 Sepultnr.

456 2331 486 2412 b)
509 2333 584 2391 Can.
604 2327 1034 2392 arcesseremusne.
1058 2331 1070 2390 l
1081 2352 1093 2405 ,·
1118 2329 1233 2392 Rituale
1259 2333 1344 2392 Rom.
1370 2331 1416 2391 tit.
1436 2329 1471 2392 de

403 2416 499 2498 Esep.
515 2409 599 2473 νηὸν.
621 2409 708 2489 Quid.
721 2431 782 2472 nnn
796 2409 843 2472 lic.
860 2409 933 2473 dure
946 2409 1016 2472 ecel.
1029 2407 1138 2494 sepult.

442 2499 484 2576 (5)
508 2497 597 2556 Cant.
614 2496 654 2554 ‘lla
685 2515 717 2555 n.
736 2497 749 2554 l
763 2501 880 2576 perlat.

442 2577 485 2658 (l)
506 2579 578 2657 Cup.
601 2575 639 2636 to
657 2513 692 2636 de
709 2573 839 2656 Sepult.,·
857 2593 923 2657 cup.
945 2577 983 2636 ll
1002 2573 1038 2636 de
1060 2571 1145 2636 Verb.
1170 2575 1313 2660 st'qnt'fit.,·
1337 2597 1405 2660 cup.
1432 2579 1470 2638 ‘20

399 2657 436 2720 de
448 2661 566 2721 Senten.
581 2675 693 2718 escunt.
704 2657 738 2717 in
751 2660 788 2732 6,·
802 2655 928 2717 clemen.
945 2661 957 2719 l
975 2655 1010 2718 de
1021 2655 1135 2739 Sepult.

440 2741 482 2820 (dl
503 2740 749 2802 Excummunicati
766 2738 895 2816 vitandi,
916 2741 1076 2800 secundum
1091 2739 1206 2802 celebre
1225 2741 1377 2803 decretum
1395 2745 1469 2804 llar-

400 2824 495 2884 tiniV
511 2821 624 2882 editum
647 2823 678 2882 in
691 2839 773 2882 canc.
793 2824 960 2899 comunt,
982 2821 1003 2881 ii
1022 2830 1136 2883 tantum
1152 2822 1311 2899 habentur,
1329 2842 1402 2902 quas
1418 2827 1468 2886 Ju-

398 2908 457 2966 dex
471 2904 677 2965 ecclesiasticus
693 2903 788 2983 palam
810 2905 1072 2966 excommunicates
1087 2905 1304 2984 pronuntiavit,
1323 2916 1411 2984 atque
1424 2924 1467 2968 cos

399 2989 443 3048 uti
459 2987 531 3047 tales
546 2987 696 3065 speciatim
718 2995 748 3046 et
764 3005 899 3064 expresse
913 2985 1079 3047 declaravit.
1099 2987 1207 3048 Eodem
1227 3006 1244 3046 e
1264 3007 1373 3068 genere
1387 2997 1463 3062 suut,

398 3087 472 3147 quos
483 3069 522 3129 ub
533 3087 636 3128 manus
649 3068 679 3128 in
696 3067 834 3128 clericum
852 3067 971 3148 injectas
992 3069 1032 3128 ita
1049 3078 1162 3130 eertum
1182 3078 1271 3148 atque
1289 3071 1464 3150 exploratum
1569 3099 1570 3125 r

397 3150 534 3211 omnibus
543 3158 587 3209 est
601 3149 737 3210 incidisse
752 3151 781 3210 in
797 3151 971 3210 sententiam
983 3149 1071 3210 latam
1085 3171 1102 3212 a
1115 3169 1182 3212 cun.
1199 3151 1235 3212 Si
1247 3153 1317 3236 qnia
1329 3151 1464 3214 suadente

397 3229 529 3307 diabulo,
551 3239 584 3292 ut
612 3249 715 3294 eurum
740 3233 849 3294 lactum
871 3249 965 3310 ireque
986 3233 1089 3308 celari,
1106 3252 1203 3312 neque
1226 3237 1358 3296 excusari
1376 3235 1462 3312 aliqtn

394 3315 509 3375 ratione
563 3313 627 3374 ssit.
650 3313 763 3390 Quibus
788 3318 860 3376 Beu.
888 3317 957 3376 xlv
977 3313 1009 3375 t'n
1029 3323 1121 3376 const.
1138 3314 1348 3378 Detestabilern
1366 3319 1384 3377 6
1400 3313 1426 3398 S.
1446 3317 1462 3374 9

397 3407 468 3460 tun.
488 3399 508 3457 l
525 3331 633 3456 mlier.
654 3415 725 3478 paq.
743 3397 783 3458 Ὦ
807 3395 854 3456 ed.
872 3398 921 3457 eit.
940 3396 1055 3457 addidit
1072 3397 1246 3458 decedentes
1267 3399 1298 3460 iu
1313 3399 1463 3460 certamine

397 3479 556 3560 singulari,
582 3477 627 3538 rel
647 3481 734 3538 etiam
755 3479 890 3556 procula
911 3478 974 3538 locu
989 3481 1173 3556 certaminis,
1190 3481 1242 3542 sed
1259 3499 1296 3540 er
1313 3500 1348 3542 eo
1372 3491 1462 3540 tamen

396 3570 513 3638 accepto
536 3559 674 3635 vulnere,
699 3579 876 3638 quamquam
900 3561 1012 3621 vitandi
1035 3561 1172 3622 declarati
1197 3581 1256 3624 non
1280 3563 1401 3623 furunt.
1430 3562 1462 3622 lii

393 3660 497 3704 ¹cinnes
522 3649 671 3720 tamquam
701 3643 942 3704 excommunicati
969 3643 1081 3706 vitandi
1106 3663 1186 3705 nuuc
1217 3645 1255 3706 ab
1281 3645 1463 3706 eedesiastica

395 3725 545 3802 sepultura
553 3722 760 3786 excluduntur.

435 3807 477 3886 (6)
499 3810 572 3867 Can.
592 3808 626 3866 ll
645 3808 722 3866 etll
736 3825 802 3888 cup.
816 3808 855 3868 25
867 3827 919 3892 pn.
937 3811 966 3870 δ.

436 3887 478 3968 (7)
501 3892 587 3949 Cone.
608 3887 691 3949 Trid.
713 3907 784 3950 sess.
803 3891 842 3950 25
863 3909 928 3974 cup.
951 3893 989 3952 tn
1006 3889 1043 3952 de
1065 3889 1186 3972 reform.
1207 3889 1283 3952 Vide
1307 3891 1392 3952 etiam
1410 3891 1457 3950 cit.
1567 3981 1568 3986 η

395 3979 490 4030 const.
507 3965 712 4032 Detestabilent
726 3973 796 4031 Ben.
811 3974 891 4032 xlv.

429 4051 474 4132 (8)
499 4054 570 4132 Cap.
593 4053 607 4112 l
630 4061 657 4112 et
682 4051 753 4114 arte
782 4055 958 4129 ror-nenne
984 4057 1071 4136 Greg.
1094 4059 1166 4118 Xlll
1184 4063 1276 4120 canet.
1295 4056 1344 4120 Ad
1361 4051 1457 4116 tullen-
