3122 5178
542 407 736 480 ..49-

109 587 193 630 mum
216 563 251 632 iu
268 557 447 649 Orientali,
465 573 535 629 tum
553 560 587 628 in
602 557 802 630 Occidenteli
816 557 947 631 ecelesia
962 559 1085 632 fumum
1102 577 1162 634 est.

150 657 180 760 ς.
210 657 281 729 Lll.
310 655 418 730 Veriae
447 659 540 727 ruriis
573 657 773 755 temporibus
802 657 952 756 prodiere
982 659 1169 760 hujusmodi

107 783 266 828 canonum
285 753 513 843 collectiones3
536 751 681 828 sednon
701 754 814 826 eedem
830 758 978 828 omnium
991 759 1072 829 ratio
1087 757 1162 830 luit.

107 854 183 926 ttiae
211 879 351 926 oenoncs
377 855 538 949 integros,
565 851 635 924 elie
658 869 858 958 contractos,
883 853 1036 951 quaedsm
1060 855 1169 929 solum

108 979 262 1038 canones,
287 951 439 1066 quedem
462 977 600 1024 mutones
619 950 716 1022 simul
745 969 778 1024 et
796 951 884 1048 leges
904 951 1047 1044 hubent,
1071 969 1170 1068 etque

108 1048 1170 1247 llelffitllwltllttbsltillttllloltl

108 1248 185 1412 rpltio
217 1263 426 1360 temporum,
462 1247 511 1358 in.
534 1243 767 1412 rlecentiorilpus
792 1249 1021 1338 materiarum,
1050 1247 1171 1322 seilicet

107 1361 283 1540 {edit
294 1360 468 1540 titul
487 1343 1170 1540 llettlltssllt'ltolitt

108 1564 339 1637 persequemur
365 1539 454 1610 luris
477 1541 621 1611 canonici
654 1537 883 1626 collectionem
911 1555 1021 1636 postet
1048 1567 1171 1613 recess-

110 1644 238 1725 tiores,
261 1637 372 1736 quibus
392 1635 490 1708 hodie
511 1640 545 1707 in
569 1635 684 1709 scholis
711 1652 745 1708 et
767 1640 802 1708 in
827 1638 898 1709 loro
915 1639 1058 1726 utimur3
1082 1637 1172 1710 deni·

112 1761 178 1833 que
194 1734 417 1848 explicabimus
427 1743 496 1849 jus
514 1761 645 1808 coetum
652 1788 666 1822 ,
684 1734 773 1832 quod
787 1751 953 1849 postreuio
969 1733 1094 1850 edituus
1106 1753 1167 1852 est.

108 1832 1170 2032 moiufflldfilliliitwiilicium&

108 2027 209 2101 Grrcci
242 2045 420 2102 numerent
449 2043 551 2102 ootuu
585 2033 655 2100 'nto
690 2035 867 2126 quinquo,
899 2029 1009 2102 Latini
1040 2047 1169 2104 tentum

107 2133 370 2226 quinquaqinta
390 2128 458 2226 (l).
482 2056 607 2200 Prodiit
628 2127 698 2198 haee
716 2127 863 2199 collectio
884 2153 949 2198 uns
971 2153 1046 2200 cum
1070 2129 1170 2203 troo

106 2239 174 2298 octo
200 2225 483 2324 Apostolicorum
514 2226 970 2320 Constituttooumuominc
994 2223 1170 2298 Clementis

108 2322 244 2394 Romani
266 2321 434 2396 Pontificis
451 2323 528 2420 (ᾖ),
546 2349 583 2394 ec
604 2321 758 2414 luerunt,
784 2323 842 2420 qui
860 2349 912 2396 eas
933 2323 1057 2419 regulus
1080 2351 1171 2422 apos-

106 2422 179 2492 tolis
206 2419 396 2492 tribuendos
420 2437 574 2518 putarent
596 2421 664 2518 (5).
692 2419 758 2492 Sed
780 2447 854 2493 cum
877 2447 989 2494 eurum
1015 2419 1105 2493 nulle
1129 2426 1170 2494 sit

108 2521 228 2592 mentio
257 2519 345 2617 apud
373 2518 465 2610 illos,
495 2523 552 2618 qui
579 2519 684 2593 tribus
708 2519 869 2616 prioribus
892 2519 1016 2592 saeculis
1038 2545 1088 2590 res
1113 2545 1170 2592 ec·
1288 2537 1291 2543 “

108 2617 208 2690 clete
239 2619 366 2714 scriptis
391 2617 594 2689 illustrarunt
619 2618 692 2715 (4)3
725 2643 799 2689 cum
830 2619 927 2688 iniis
951 2617 1055 2690 multe
1080 2621 1167 2708 sint,

110 2741 181 2812 quae
201 2743 277 2788 cum
304 2714 524 2812 apostolorum
547 2731 643 2788 aetcte
662 2717 815 2814 componi
839 2715 929 2785 nulla
952 2719 1077 2787 ratione
1099 2741 1171 2813 pos·

109 2831 182 2884 sunt
213 2815 290 2908 (5),
324 2829 358 2883 et
394 2813 545 2911 quedam
581 2818 698 2904 etiam,
731 2837 806 2910 que
841 2811 981 2884 ecrlesiae
1013 2811 1170 2887 doctriuae

109 2911 316 2982 adversentur
342 2909 415 3005 (6);
447 2937 521 2982 cum
545 2909 679 2984 demum
709 2913 768 2982 riri
796 2909 919 2982 luerint
946 2909 1094 2982 doctrino
1137 2925 1171 2982 et

110 3012 297 3081 auctoritate
326 3035 457 3104 gretes,
492 3012 548 3106 qui
575 3036 628 3082 eos
652 3008 854 3109 apocryphos
877 3007 1063 3108 judicarent
1093 3009 1168 3108 (7),

110 3123 231 3176 certum
245 3107 397 3177 omnibus
419 3107 687 3204 exploratumque
702 3123 772 3198 est,
791 3131 845 3178 eos
863 3105 1013 3204 apostolis
1034 3105 1171 3177 adscribi

108 3228 174 3274 nou
193 3230 288 3302 posse
311 3203 377 3300 (8).
401 3203 513 3275 Unum
535 3223 645 3276 eutem
667 3207 704 3274 in
723 3230 838 3302 corpus
865 3205 991 3276 collecti
1015 3203 1168 3276 ridentur

106 3299 170 3392 lll,
205 3319 262 3372 aut
293 3301 377 3374 forte
410 3305 508 3373 etiarn
539 3303 585 3373 lV
616 3301 756 3374 ecclesie
793 3301 930 3394 seculo,
967 3304 1170 3401 potissimum

106 3397 237 3470 dirersis
260 3425 300 3470 ex
327 3398 489 3499 Synodis7
516 3417 615 3498 utque
643 3425 681 3470 ex
707 3427 743 3472 eu
768 3399 936 3497 disciplina
960 3415 995 3472 et
1023 3401 1168 3496 legibus,

106 3497 223 3666 pplilbus
253 3523 315 3594 per
340 3500 400 3568 tric
425 3501 532 3595 priora
559 3499 673 3570 secula
704 3499 885 3570 Orientales
907 3497 1048 3571 ecclesie
1074 3524 1169 3596 rege-

170 3611 226 3667 tur
254 3595 321 3692 (9).

144 3913 187 3996 (l)
206 3918 318 3978 Revera
349 3915 506 3995 Dionysius
531 3915 658 3996 Exiguus
683 3922 797 3976 tuntum
828 3914 1038 3994 quinquaginta
1068 3909 1170 3972 retulit

102 3997 464 4149 cenoueTsolepoptolorum,
489 3997 607 4076 ejusque
631 3997 797 4076 exemplum
820 3996 935 4075 sequuti
959 4002 1028 4056 suut
1047 3994 1085 4144 5iu
1109 3994 1169 4055 suis
