3100 5182
770 467 820 481 -
848 425 917 496 142
942 468 991 481 -

342 577 409 746 &j
434 576 477 644 V.
512 574 627 671 ltaque
650 597 764 644 ornnes
793 575 956 670 episcopi,
987 573 1044 684 qui
1073 571 1137 640 suis
1166 568 1310 666 prefecti
1337 588 1419 644 suut
1531 589 1532 614 ¹

410 675 501 760 esiis,
537 697 593 742 seu
624 669 799 759 membris,
835 695 912 766 quae
943 693 1053 740 omnia
1080 669 1115 737 iu
1149 693 1256 738 unum
1283 668 1420 741 collecta

343 797 409 858 unu
451 768 607 841 catholice
653 767 783 838 ecclesia
823 769 989 854 continet,
1035 791 1150 837 curare
1189 763 1330 854 debent,
1379 783 1420 838 ut

342 866 553 964 particulares
581 864 741 954 ecclesie,
772 890 851 961 ques
882 878 1023 958 regunt,
1056 865 1092 932 iu
1118 887 1224 932 uuum
1248 861 1422 934 confluent

343 989 520 1038 commuue
556 977 707 1034 centrum
748 978 848 1129 Ἕω
878 965 938 1031 uni
969 962 1067 1057 cupiti
1101 959 1324 1056 subjiciantur.
1360 959 1421 1034 Sic

344 1065 434 1133 enim
461 1059 605 1132 ecclesiae
627 1062 777 1130 unitrse
816 1063 901 1129 citur
922 1074 957 1129 et
984 1073 1211 1146 conservatur,
1238 1081 1314 1127 cum
1341 1081 1422 1128 crn-
1531 1073 1532 1076 ’

232 1227 235 1237 .
344 1161 398 1230 nie
429 1158 577 1229 membra
612 1182 718 1227 unum
752 1172 851 1252 ceput
882 1169 1067 1251 agnoscunt.
1097 1169 1132 1224 et
1162 1179 1267 1224 uuum
1296 1153 1422 1226 hubent

345 1272 516 1345 centrum,
542 1257 579 1325 in
607 1279 674 1351 quo
699 1255 960 1352 conjunguntur.

394 1413 426 1514 ς.
451 1414 511 1486 Vl.
542 1411 727 1486 Commune
754 1410 817 1484 hoc
847 1415 980 1484 unitatis
1005 1427 1158 1482 centrum
1189 1427 1223 1481 et
1249 1408 1312 1481 hoc
1341 1433 1423 1482 om·

347 1515 442 1584 nium
474 1527 573 1609 ceput
600 1509 747 1582 Christus
778 1510 916 1580 Petrum
943 1511 1123 1581 constituit.
1152 1505 1219 1578 Sed
1244 1533 1320 1578 curu
1348 1510 1423 1604 ipse
1531 1509 1532 1546 i

347 1613 412 1681 ritu
441 1609 534 1704 fungi
565 1607 718 1697 deberet,
751 1608 882 1679 ecclesie
920 1622 1030 1678 autem
1062 1605 1235 1702 usquead
1263 1629 1423 1676 consum·

347 1709 526 1778 mationem
574 1705 684 1776 seculi
729 1721 811 1776 esset
852 1704 982 1793 sutura,
1033 1701 1134 1791 alius,
1185 1727 1224 1774 eo
1272 1717 1421 1790 mortuo,

347 1801 595 1875 constituendus
635 1817 724 1890 erut,
763 1804 821 1897 qui
857 1801 1023 1872 ecclesium
1055 1802 1237 1870 uuiversum
1275 1815 1418 1894 regeret.
1531 1799 1532 1880 J

348 1899 432 1984 Quis
462 1902 551 1970 euim
584 1897 660 1969 orili
694 1913 873 1995 perpetuo,
912 1896 1094 1995 cujusmodi
1131 1895 1295 1967 ecelesiam
1326 1921 1423 1966 suam
1531 1983 1532 2000 χ

348 1995 495 2067 Christus
521 2021 587 2066 esse
612 1994 733 2078 voluit,
761 1995 996 2090 tempordrium
1019 2009 1180 2090 pastorem
1212 1993 1326 2063 dutum
1349 2020 1422 2090 pu·
1531 2003 1532 2050 t

346 2108 395 2163 tet
430 2091 509 2188 (t)?
540 2092 654 2188 Itaque
688 2091 730 2160 ud
762 2092 852 2162 Petri
885 2117 1081 2162 successores
1117 2095 1340 2162 transmissum
1370 2107 1423 2162 est
1531 2101 1532 2184 ᾗ

347 2215 488 2278 munus,
527 2206 561 2258 et
590 2189 743 2260 translatu
769 2203 930 2284 potestus,
988 2187 1075 2278 uod,
1113 2203 1147 2257 et
1173 2212 1247 2284 quae
1276 2187 1376 2258 Petro
1401 2214 1428 2256 u.
1531 2203 1532 2248 t

346 2285 475 2358 Christo
499 2286 635 2374 datum,
658 2285 798 2384 dataque
827 2285 944 2356 suerat.
1003 2290 1014 2354 i
1042 2300 1120 2360 suut
1154 2285 1292 2355 Romani
1324 2283 1422 2354 Pon·
1531 2323 1532 2370 t

349 2382 470 2470 tifices,
503 2386 560 2479 qui
585 2385 693 2478 ipsum
717 2397 834 2452 teuent
860 2386 896 2452 iu
924 2381 1055 2454 ecclesie
1080 2382 1210 2471 locum,
1239 2407 1336 2477 quem
1366 2384 1422 2449 ri·

348 2505 428 2550 reus
456 2481 566 2550 tenuit
596 2479 734 2566 Petrus,
765 2479 830 2550 hoc
868 2495 937 2568 est,
975 2479 1087 2552 locum
1122 2481 1234 2575 cepitis
1266 2493 1300 2548 et
1328 2481 1423 2575 cupi·
1531 2481 1532 2558 ἶ

348 2577 388 2645 tis
409 2600 478 2648 nou
501 2577 614 2664 otiosi,
639 2575 696 2646 sed
723 2576 856 2673 praediti
882 2579 1098 2674 instructique
1119 2589 1296 2674 potestate,
1320 2601 1423 2672 quam
1531 2617 1532 2682 ,

347 2671 467 2744 hebere
498 2671 597 2743 debet
616 2687 715 2770 caput
739 2673 905 2745 ecclesiam
930 2699 1058 2768 regens.
1531 2683 1532 2716 ³

388 2841 430 2926 (t)
451 2844 528 2908 vide
539 2843 728 2906 Melchiorem
741 2849 853 2907 Currum
865 2844 899 2908 de
916 2841 969 2906 loc.
989 2841 1108 2926 tlreoloy.
1127 2841 1178 2906 ttt.
1194 2847 1212 2905 6
1225 2861 1291 2926 cop.
1304 2845 1336 2904 5.

396 2993 427 3092 S·
469 2993 544 3064 Vll·
573 2995 651 3067 Nou
686 3000 776 3066 enim
812 2995 970 3068 Christus*
991 2998 1054 3069 hoc
1092 3012 1191 3096 cuput
1228 2957 1421 3086 coustituit,
1531 2963 1532 3024 Ξ

349 3105 387 3160 ut
428 3114 566 3160 vacuum
603 3107 637 3162 et
678 3095 775 3164 inune
806 3120 926 3164 nomeu
963 3095 1123 3184 heberet,
1155 3093 1213 3164 sed
1246 3110 1285 3164 ut
1320 3095 1426 3165 totius
1531 3113 1532 3152 i

349 3184 492 3258 ecclesiae
529 3190 690 3258 unitatem
725 3191 915 3263 custodiret.
953 3193 1000 3263 Ex
1033 3216 1100 3294 quo
1128 3193 1289 3278 efficitur,
1319 3204 1358 3258 ut
1392 3195 1425 3263 ei

350 3281 478 3353 dederit
506 3307 639 3354 omnem
665 3302 878 3382 potestatem,
904 3314 969 3384 que
995 3314 1078 3384 opus
1099 3305 1166 3378 est,
1191 3303 1229 3358 ut
1254 3311 1325 3357 suas
1352 3288 1426 3356 im-
1531 3361 1532 3368 χ

349 3379 438 3476 pleat
465 3396 594 3476 partes,
629 3408 705 3454 cum
739 3384 803 3455 dici
832 3401 992 3480 nequest,
1031 3384 1197 3456 Christum
1227 3383 1322 3455 elicui
1358 3383 1427 3454 de-

349 3476 433 3546 disse
468 3503 589 3547 muuus
627 3496 662 3550 et
696 3505 765 3550 nou
801 3480 927 3552 dedisse
965 3481 1151 3570 facultates,
1196 3485 1265 3552 siue
1301 3479 1428 3576 quibus

349 3597 470 3644 munus
507 3576 614 3669 ipsum
647 3579 787 3648 exerceri
817 3603 886 3649 non
921 3593 1041 3674 potest.
1076 3577 1178 3675 Cujus
1217 3580 1264 3648 rei
1301 3601 1427 3648 conse-
1531 3637 1532 3666 ,

350 3695 453 3766 quens
490 3685 558 3761 est,
597 3689 634 3742 ut
671 3673 854 3764 Primatus,
889 3701 990 3770 quem
1021 3675 1138 3745 Petrus
1181 3677 1316 3772 ejusque
1349 3699 1428 3746 suc·
1531 3683 1532 3762 t

348 3792 486 3838 cessores
526 3794 544 3837 e
579 3767 708 3842 Christo
743 3787 959 3867 acceperuut,
998 3796 1066 3842 non
1113 3787 1243 3842 tuntum
1287 3770 1427 3842 honoris
1531 3829 1532 3840 2

347 3881 381 3934 et
407 3864 593 3961 diguitatis,
625 3865 682 3935 sed
712 3869 809 3937 etiam
835 3869 1069 3966 jurisdictionis
1098 3893 1164 3939 esse
1195 3867 1325 3938 debeat.
1364 3867 1428 3937 At·
1531 3917 1532 3960 ,

347 3985 412 4056 que
443 3979 555 4033 errent
589 3961 819 4056 vehementer,
854 3968 911 4062 qui
944 3991 1021 4037 cum
1053 3969 1203 4060 ignorare
1235 3989 1304 4036 nou
1339 3989 1426 4066 pos·-
1531 3963 1532 3992 d
