3100 5182
788 441 1010 514 -116-

358 592 563 672 Apostolorum
582 590 683 652 limina
699 585 883 666 aecedentes,
910 597 1036 668 quatuor
1059 605 1173 650 mensa
1196 588 1299 650 abesse
1322 591 1437 668 possint

358 695 373 734 a
399 673 516 734 dioenesi
535 692 606 747 sua,
627 690 695 732 cum
711 673 784 734 eitra
800 679 915 733 montes
929 671 975 731 vel
993 689 1076 730 mare
1092 677 1180 746 sunt,
1199 689 1268 731 eum
1281 689 1351 732 vern
1365 681 1438 732 sunt

358 755 450 829 ultra,
470 773 584 814 menses
603 761 725 832 septem.
742 757 785 815 Ne
800 773 858 832 qua
872 770 942 812 vero
957 752 1038 813 fraus
1051 750 1137 812 lieret
1154 752 1201 813 his
1220 753 1258 818 de
1275 752 1438 814 residentia

358 837 486 916 legibus,
506 835 680 896 Benedictus
697 837 765 897 xlv
785 835 818 895 io
833 833 957 896 constit.
972 833 1023 896 Ad
1038 833 1179 896 universo
1193 836 1232 894 18
1248 843 1318 894 tooa.
1335 836 1354 895 2
1370 834 1437 916 ejus
1540 905 1541 908 Ἴ

358 914 479 977 Bollur.
499 935 570 998 pap.
595 919 651 992 78,
667 914 736 976 edit.
753 918 855 977 llomte
875 918 971 990 1751,
994 915 1134 992 sancivit,
1156 918 1256 994 utqui
1277 934 1337 976 unu
1356 933 1436 976 anno

359 1017 428 1058 usus
443 1015 502 1058 non
519 1009 560 1058 est
581 997 723 1058 beneficio
736 999 828 1057 trium
844 998 1005 1072 mensium,
1025 1015 1098 1074 quos
1117 996 1247 1076 synodus
1261 997 1437 1059 Tridentino

359 1079 506 1156 coneedit,
522 1079 547 1139 is
562 1080 654 1141 altero
669 1097 746 1139 anno
765 1079 876 1156 diutius
892 1095 981 1158 quam
998 1083 1056 1138 tres
1071 1095 1185 1140 menses
1209 1097 1226 1138 a
1247 1097 1299 1140 sua
1318 1077 1438 1142 dioecesi

358 1161 458 1222 abesse
474 1179 532 1220 non
549 1163 653 1240 possit,
676 1169 764 1238 atque
781 1167 815 1220 ut
833 1167 893 1220 tres
908 1159 1047 1238 postremi
1064 1177 1179 1220 menses
1193 1160 1261 1220 anni
1276 1160 1439 1238 superioris

359 1242 497 1322 conjungi
516 1251 662 1320 nequeant
676 1261 744 1302 oum
762 1241 857 1302 tribus
871 1241 976 1320 primis
1001 1240 1150 1300 mensibus
1169 1241 1238 1300 anni
1254 1259 1439 1320 consequen·
1540 1233 1541 1290 ]

360 1324 413 1398 tis,
436 1322 509 1382 adeo
526 1332 560 1382 ut
578 1341 628 1384 sex
642 1323 775 1403 perpetui
792 1341 907 1384 menses
926 1320 1102 1382 efficiantur.
1119 1325 1153 1384 ln
1171 1341 1228 1400 qua
1242 1323 1363 1400 quidem
1379 1325 1439 1384 Be·

359 1404 468 1464 nedieti
496 1405 703 1465 constitutione
730 1405 823 1465 multa
846 1404 985 1482 proenlara
1010 1411 1040 1463 et
1066 1403 1319 1464 animadversione
1347 1403 1438 1486 digna

360 1485 507 1544 habentur
521 1485 558 1546 de
567 1486 726 1547 residentia
737 1487 951 1566 episcoporum.

408 1625 438 1726 §.
480 1627 572 1697 xlll.
614 1628 750 1699 Praestat
775 1630 1002 1726 episcoporum
1034 1642 1176 1724 potestas
1201 1625 1309 1697 divina
1338 1628 1438 1697 insti-

360 1728 487 1796 tutione
520 1724 718 1822 presbyteris
756 1724 831 1820 (l),
871 1741 971 1822 atque
999 1724 1156 1794 dividitur
1191 1725 1227 1794 in
1265 1750 1322 1814 ea,
1362 1749 1438 1822 quae

360 1838 437 1890 sunt
463 1819 605 1906 ordinis,
634 1824 668 1892 in
697 1847 753 1910 33,
785 1848 859 1918 quae
888 1838 966 1892 sunt
984 1821 1219 1919 jurisdictionis
1253 1837 1287 1891 et
1309 1824 1344 1892 in
1374 1847 1436 1910 33,

361 1944 435 2014 quae
476 1932 553 1986 sunt
580 1918 659 2013 legis
696 1917 899 1992 dioeoesanae.
948 1917 1083 1990 Ordinis
1117 1934 1316 2016 potestatem
1353 1943 1438 1990 oon-

360 2015 538 2085 ssoratione
560 2017 698 2112 anquirit
718 2018 888 2114 episeopus
910 2015 985 2112 (ἓ),
1012 2014 1112 2088 semel
1140 2033 1305 2113 aceeptam
1331 2042 1438 2088 num·
1540 2055 1541 2058 ¹

361 2139 461 2208 quam
491 2115 631 2202 amittit,
665 2139 804 2210 eamque
837 2113 929 2184 alteri
963 2113 1111 2208 delegare
1139 2139 1207 2185 non
1240 2128 1369 2211 potest,
1399 2129 1440 2183 ut

361 2227 448 2280 recte
472 2207 600 2304 delegat
626 2226 820 2306 potestatem
837 2211 1072 2309 jurisdictionis
1099 2211 1167 2308 (ὅ).
1190 2211 1241 2281 Ab
1265 2236 1303 2282 ea
1325 2227 1439 2281 manat

361 2333 498 2403 regum,
539 2333 702 2378 sacrarum
747 2307 921 2403 Virginum
961 2309 1036 2406 (4),
1078 2309 1250 2401 durium,
1294 2308 1439 2382 eeclesiae

362 2408 577 2494 consecratio,
596 2407 732 2501 ejusque
752 2421 829 2502 post
855 2405 1072 2502 pollutionem
1106 2408 1244 2503 expiatio
1267 2405 1349 2504 (5),
1375 2405 1439 2476 ab·

361 2501 477 2572 batum
501 2499 706 2592 benedictio,
743 2501 871 2576 collatio
894 2503 1049 2576 ordinum
1078 2521 1113 2576 et
1137 2505 1330 2576 sacramenti
1355 2527 1441 2575 eon·
1540 2517 1541 2586 j

361 2596 555 2794 firma(ti7‹3nis
588 2599 664 2696 (6),
703 2597 863 2673 nomentio
901 2601 1081 2672 chrismatis
1122 2617 1158 2673 et
1188 2599 1251 2673 olei
1285 2598 1440 2672 infirmo-

362 2721 437 2766 rum
513 2751 521 2767 .
1540 2711 1541 2720 ’

403 2854 445 2936 (1)
467 2857 645 2920 catholicam
663 2857 904 2920 hanoveritatem
921 2866 1023 2921 eontra
1035 2858 1188 2922 haereticos
1201 2857 1439 2940 presbyterianos

361 2937 491 2998 vindieat
509 2939 664 2999 eonsilium
689 2939 898 3002 Tridentinum
917 2959 989 3002 3333.
1010 2943 1050 3004 25
1068 2961 1136 3003 3333.
1158 2943 1192 3018 7,
1217 2941 1440 3084 313ωέ311333

362 3021 484 3079 Sanetus
501 3019 682 3096 Epiphanius
697 3017 747 3080 lib.
769 3017 909 3082 51333333.
930 3024 968 3084 76
987 3031 1058 3084 tom.
1076 3025 1091 3084 1
1110 3042 1182 3106 pop.
1200 3025 1274 3101 tot,
1296 3041 1311 3085 3
1334 3023 1368 3084 tt.
1384 3025 1441 3084 Pe·

362 3097 446 3175 lotii,
465 3096 592 3160 Coloniae
610 3102 704 3176 lter,
729 3101 858 3182 graviter
880 3105 1091 3182 perstrinxerat
1115 3123 1246 3166 errorem
1268 3105 1367 3180 Aerii,
1386 3105 1440 3182 qui
1540 3105 1541 3114 ³

361 3180 563 3258 episcoporum
574 3189 604 3240 et
613 3181 853 3261 presbyterorum
863 3191 1036 3263 potestatem
1047 3203 1217 3264 paremesse
1227 3185 1438 3248 arbitrabatur.
1540 3193 1541 3262 p

362 3259 440 3322 Vide
454 3262 644 3342 steregium
666 3261 736 3325 cod.
759 3283 867 3327 eonon.
889 3265 987 3328 333133.
1026 3267 1153 3328 rimitio.
1174 3265 1321 3330 illustrat.
1345 3263 1396 3328 tto.
1418 3270 1441 3329 2
1540 3269 1541 3332 3

360 3360 429 3485 3433.
452 3343 486 3404 11
507 3343 784 3485 apgggcotelerium
805 3349 874 3408 ΡΡ.
893 3285 1025 3490 mimi
1092 3429 1130 3492 do
1265 3427 1305 3492 lb
1375 3427 1396 3491 d
1540 3407 1541 3428 2

388 3431 503 3506 otverp.
588 3449 622 3521 ’5
641 3427 794 3520 letaniam
814 3433 884 3488 torn.
908 3433 1069 3512 fiteoop.
1129 3439 1241 3524 porat,
1277 3430 1351 3492 i.l
1397 3430 1442 3492 ia-

361 3503 1441 3690 3333333..333333333333133

359 3685 431 3750 pop.
449 3669 507 3729 511
529 3677 636 3754 etseq.
654 3681 724 3732 tom.
741 3675 778 3750 l,
796 3673 847 3733 ultr
863 3671 962 3736 divina
976 3676 1178 3770 episcoporum
1190 3674 1365 3774 institutio,
1389 3693 1442 3736 ao-

364 3767 591 3914 russffrbeaps'upss
602 3753 787 3895 dieiieyiems
797 3763 923 3834 potestus
934 3757 1073 3817 latissime
1083 3757 1260 3820 ostenditur.
1540 3769 1541 3780 ¹

528 3877 534 3891 .
698 3854 737 3894 3.

402 3913 444 3992 (5)
460 3917 533 3996 Cap.
551 3916 569 3974 9
584 3914 620 3976 de
636 3919 801 3977 Conseorot.
819 3913 916 3978 333133.

403 3995 445 4074 (l)
462 3999 536 4058 Con.
550 3998 589 4060 at
600 3995 703 4060 distin.
717 3999 773 4077 rt„
787 4017 853 4060 con.
872 4003 885 4061 1
903 3997 930 4081 §.
945 3997 986 4061 od
998 4001 1168 4084 episcopum
1181 3997 1284 4062 distin.
1301 4001 1353 4063 rt.

1019 3391 1027 3407 .
1046 3356 1116 3409 tom.
1139 3351 1247 3432 tpop.
1268 3351 1342 3427 tra,
1364 3345 1438 3409 edit.
1540 3343 1541 3392 f
