3140 5168
722 485 725 492 '
797 469 1017 541 -558-

373 626 421 692 rir
462 619 637 718 deceptus,
675 615 764 716 quod
803 616 898 688 aliam
925 615 1093 688 mulierem
1140 639 1275 686 uxorem
1299 627 1446 710 putare-

372 725 416 792 rit
443 719 518 814 (2);
561 717 663 788 celsi
696 729 835 812 uterque
861 717 979 813 conjux
1009 712 1155 812 ejusdem
1188 715 1331 784 criminis
1367 737 1444 782 reus

371 821 413 888 sit
444 817 517 984 (5);
546 815 596 886 rel
625 817 652 885 si
682 815 732 883 vir
760 830 817 884 aut
846 838 963 910 opera,
995 827 1052 882 aut
1081 811 1211 884 hortatu
1238 836 1330 882 causa
1348 808 1444 880 adul-

372 918 443 986 terii
491 917 575 986 uerit
604 913 680 1010 (d),
712 912 761 984 vel
795 913 821 984 si
857 914 981 984 crimen
1022 913 1181 982 remiserit
1206 911 1319 998 uxori,
1361 933 1443 980 cum

371 1039 435 1110 qua
466 1009 698 1101 concubuerit,
721 1011 798 1082 licet
825 1011 894 1110 ejus
932 1009 1061 1107 culpam
1083 1033 1153 1080 non
1178 1011 1341 1104 ignoraret
1367 1006 1439 1104 (5).
1568 1087 1569 1092 ἵ

412 1187 438 1266 [l
476 1187 548 1247 Gon.
566 1187 622 1246 50.
646 1185 686 1246 52
721 1204 753 1246 o.
770 1187 800 1246 t.
816 1181 858 1264 (2)
880 1185 954 1244 Gon.
972 1185 990 1244 6
1007 1201 1033 1243 c.
1050 1171 1089 1244 tt
1104 1200 1157 1266 qu.
1174 1185 1189 1242 l
1212 1181 1312 1261 ibique
1325 1179 1442 1243 Glossa.

412 1186 456 1432 (ἒ)
477 1205 835 1433 gapepicdgiiqdpltilt)
847 1267 880 1328 G.
893 1267 912 1328 6
926 1263 1082 1349 deiloqui
1093 1283 1178 1348 coya.
1192 1281 1331 1346 concup.
1348 1280 1443 1324 uxor.

421 1504 451 1606 §.
492 1503 590 1578 CLV.
619 1503 845 1604 Quaecumque
870 1521 979 1576 autem
1003 1503 1100 1575 luerit
1122 1529 1234 1592 cansa,
1267 1527 1335 1574 non
1358 1525 1446 1599 pro-

371 1606 443 1702 prio
470 1604 620 1696 arbitrio,
650 1601 708 1676 sed
734 1629 770 1674 re
787 1606 933 1702 primum
956 1603 1128 1698 diligenter
1158 1603 1305 1698 cognita,
1331 1615 1367 1670 et
1386 1624 1446 1670 cc-

372 1703 536 1774 clesiastici
572 1702 692 1802 judicis
738 1705 898 1795 sententia
952 1705 1104 1800 conjuges
1138 1715 1330 1797 separantur
1371 1696 1441 1792 (l).

372 1799 473 1886 Quod
504 1799 687 1872 laciendum
709 1803 744 1870 in
774 1802 887 1896 primis
912 1816 978 1889 est,
1007 1825 1083 1872 cum
1111 1801 1218 1894 agitur
1247 1797 1291 1867 de
1313 1793 1444 1866 vinculo

373 1899 592 1988 matrimonii,
620 1897 711 1996 qnod
738 1924 806 1971 non
840 1897 931 1969 sacile
969 1923 1029 1969 nec
1062 1913 1186 1969 temere
1219 1891 1444 1966 dirimendum

374 2013 434 2068 est.
468 1993 579 2080 Quare
605 1997 648 2068 ob
683 1995 955 2092 impedimentum
985 1995 1159 2084 dirimens,
1197 1995 1445 2065 matrimonium
1568 2033 1569 2038 κ

374 2093 516 2167 'solutum
557 2091 668 2180 haberi
699 2119 764 2164 non
796 2108 921 2192 potest,
963 2095 1023 2164 nisi
1063 2097 1211 2190 primum
1247 2118 1285 2163 ea
1328 2089 1371 2161 de
1408 2114 1444 2159 re

375 2189 487 2263 sedulo
520 2194 683 2288 quaesierit
714 2191 821 2264 ludex
858 2191 1084 2263 ecclesiasticus
1115 2192 1193 2289 (ᾖ),
1221 2207 1319 2288 atque
1356 2187 1443 2260 edita

376 2291 534 2362 sententia
552 2289 695 2362 solutum
710 2288 932 2362 declaraverit.

431 2462 459 2544 i)
481 2465 587 2526 Conier
597 2467 668 2526 Ben.
684 2467 753 2527 xiv
764 2462 799 2526 de
811 2482 878 2548 syn.
893 2462 1006 2526 dioeccs.
1022 2461 1072 2525 lib.
1090 2465 1186 2544 ilcop.
1201 2465 1220 2524 9
1234 2479 1314 2524 num.
1328 2463 1361 2522 t.

428 2545 459 2626 t)
481 2547 589 2608 Concil.
614 2545 697 2608 Trid.
720 2564 791 2608 ama.
814 2549 854 2608 tt
867 2565 933 2628 cop.
958 2549 1000 2609 20
1021 2544 1056 2606 dc
1077 2543 1199 2627 reserat.
1216 2541 1444 2606 matrimoniales

378 2647 476 2689 causas
498 2628 623 2708 episcopi
637 2627 748 2707 jndicio
761 2629 920 2705 commisit,
936 2629 1062 2708 praelatis
1079 2627 1269 2688 interioribus
1282 2625 1445 2708 generatim

376 2710 511 2770 exducis.
528 2711 601 2771 ilinc
619 2713 690 2771 lien.
713 2714 783 2772 XIV
796 2729 894 2771 causas
916 2709 1144 2771 matrimoniales
1160 2727 1280 2784 eornm,
1303 2714 1355 2788 qui
1373 2707 1446 2768 snb-

379 2801 448 2852 sunt
462 2791 587 2870 capitulo
602 2793 779 2868 Veronensi,
801 2811 860 2852 non
880 2791 917 2854 ab
938 2794 1000 2872 ipso
1025 2792 1167 2871 capitulo,
1186 2792 1237 2852 sed
1250 2791 1289 2851 ab
1311 2793 1447 2870 episcopa

379 2874 541 2934 Veronensi
559 2873 731 2952 judicandas
751 2892 813 2934 esse
834 2875 962 2935 decrerit
979 2875 1012 2936 in
1031 2882 1122 2936 const.
1144 2873 1230 2956 neco
1255 2871 1383 2956 Pacifici
1406 2875 1446 2934 tt

380 2954 406 3038 S.
420 2957 458 3016 29
474 2963 544 3016 tom.
560 2952 701 3018 tlullcr.
714 2975 787 3038 pop.
803 2957 863 3017 ‘285
876 2954 923 3018 ed.
939 2958 1090 3018 Romaest
1105 2958 1176 3016 Veri.
1193 2957 1291 3030 17585
1302 2955 1447 3034 quemad-

380 3035 502 3102 modum
520 3045 550 3098 et
580 3039 689 3099 similes
712 3057 811 3100 causas
834 3057 893 3100 non
913 3037 949 3098 ab
972 3039 1077 3098 abbate
1100 3041 1216 3117 cryptas
1239 3042 1368 3100 Ferrato
1391 3038 1446 3098 loci

381 3119 547 3192 ordinario,
573 3119 625 3180 scd
647 3120 835 3200 abepiscopo
856 3121 1019 3182 Tusculano
1040 3121 1171 3200 cognosci
1187 3120 1281 3180 voluit
1300 3121 1334 3181 in
1355 3129 1446 3182 const.

383 3205 467 3262 Inter
479 3197 623 3262 molto55
637 3199 663 3282 S.
678 3203 810 3263 Tertium
815 3247 826 3278 ‚
842 3209 913 3264 tom.
930 3204 1029 3285 tpcp.
1046 3205 1117 3263 tto.

431 3353 463 3456 §.
503 3353 616 3426 CLVI.
658 3355 756 3441 Quod
785 3357 947 3456 judicium
987 3373 1077 3429 certo
1106 3360 1171 3428 ritu
1207 3357 1451 3456 expediendum

384 3471 452 3543 est,
486 3479 529 3525 ne
564 3454 644 3552 quid
672 3458 707 3524 in
750 3481 786 3526 re
823 3457 1005 3552 gravissima
1035 3455 1271 3528 inconsiderate
1309 3483 1347 3529 ac
1384 3485 1451 3530 ne-
1567 3519 1568 3522 ,

385 3553 542 3650 gligenter
577 3551 646 3624 fiat.
689 3553 852 3625 Nimirum
883 3557 918 3624 in
949 3553 1099 3625 omnibus
1138 3553 1187 3624 his
1227 3560 1454 3630 controversiis

385 3651 533 3750 publicus
573 3653 769 3723 matrimonii
805 3651 956 3724 desensor
997 3678 1062 3724 esse
1100 3651 1217 3743 debet,
1260 3656 1326 3725 sire
1357 3671 1456 3726 uter-

386 3775 450 3846 que
489 3750 627 3846 conjux,
677 3753 742 3821 slve
782 3749 863 3822 alter
899 3765 1026 3820 tantum
1056 3749 1251 3823 solutionem
1286 3751 1454 3850 postulet,

385 3873 489 3944 eoque
524 3851 621 3919 citato
661 3847 801 3942 gerenda
831 3864 908 3919 sunt
933 3850 1061 3938 omnia,
1090 3865 1127 3919 ut
1146 3849 1309 3946 judicium
1331 3850 1451 3922 valeat.

387 3941 421 4013 Si
463 3943 568 4017 ludex
613 3961 718 4017 ratum
758 3945 893 4018 firmum
935 3944 1121 4018 habendum
1159 3975 1227 4020 cese
1265 3947 1457 4020 definiverit

386 4045 652 4138 matrimonium,
698 4071 806 4144 neque
843 4044 917 4141 quis
957 4043 998 4114 ab
1040 4070 1076 4116 ea
1112 4049 1272 4120 sententia
1311 4046 1456 4144 appellor
