3106 5170
522 497 669 567 -tao
698 539 744 551 -

100 661 165 720 aqua
185 643 216 704 in
241 641 349 704 Christi
374 643 559 724 sauguinem,
591 645 779 724 caprimum
804 647 834 706 ia
859 647 977 722 vinum,
1003 646 1110 708 deinde
1130 649 1162 708 in

99 727 483 888 diiudngint.wmmm·
500 725 576 788 Vide
595 727 708 788 Drouin
731 725 767 787 de
781 746 813 788 re
830 729 966 790 Sacram.
992 725 1043 790 tit.
1061 731 1080 790 t
1096 749 1126 813 q.
1149 733 1167 790 ἓ

140 963 169 1064 §.
208 963 336 1036 XLVI.
381 963 511 1056 Verba,
560 966 678 1062 quibus
709 981 916 1038 consecratur
943 970 1054 1064 panis,
1100 967 1169 1040 haec

99 1079 187 1133 sunt:
220 1063 300 1135 Hoc
327 1075 378 1134 cst
396 1089 521 1160 corpus
549 1091 679 1136 meum.
707 1063 830 1134 Vinum
859 1081 968 1135 autem
995 1091 1167 1138 consecra-

100 1177 146 1230 tur
175 1159 226 1232 his
257 1161 377 1231 verbis:
409 1163 485 1234 Hic
511 1175 561 1234 eat
591 1165 687 1234 colia
706 1167 896 1260 scrsyuim'a
918 1169 1008 1252 mci,
1030 1170 1113 1237 nosti
1135 1179 1170 1236 ct

99 1265 215 1332 oewrmt'
248 1266 466 1348 testamenti,
495 1287 532 1332 m
557 1265 705 1333 sterium
736 1261 840 1356 fidei,
881 1267 948 1356 qui
974 1288 1042 1360 pro
1076 1264 1170 1335 achis

99 1370 125 1426 et
146 1383 211 1454 pro
251 1359 374 1430 multas
415 1289 620 1455 affunditur
658 1365 700 1432 in
740 1363 981 1432 remissionem
1014 1373 1169 1456 peccato-

99 1481 173 1528 ram
195 1457 264 1552 (i).
306 1455 427 1527 Munus
459 1460 620 1548 ministri2
654 1460 711 1555 qui
740 1456 973 1527 Eucharistiam
1010 1457 1169 1528 adminis-

100 1569 172 1642 trat,
203 1557 239 1624 in
273 1580 309 1626 ea
340 1555 555 1626 consecranda
586 1582 621 1626 ao
662 1554 883 1626 distribuenda
933 1557 1075 1652 positum
1104 1571 1164 1625 est.

102 1651 322 1722 Eucharistiam
355 1669 544 1724 consecrant
576 1654 633 1726 soli
668 1653 869 1744 sacerdotes,
902 1679 971 1725 non
1004 1655 1081 1724 item
1115 1655 1171 1722 in-

101 1749 218 1822 teriores
248 1751 356 1822 clerici
388 1751 559 1850 multoque
596 1753 705 1824 minus
733 1752 823 1838 laici3
864 1753 1016 1848 quoniam
1057 1749 1172 1822 Chris-

103 1863 143 1916 lus
177 1847 262 1920 hanc
311 1865 504 1946 potestatem
545 1867 676 1921 tantum
717 1847 868 1948 apostolis
915 1875 1095 1944 corumque
1137 1851 1172 1920 in

103 1945 267 2018 sacerdotio
295 1949 529 2019 successoribus
551 1951 707 2020 concessit
734 1949 804 2045 (ᾖ)
829 1947 917 2018 Num
943 1946 1054 2044 plures
1076 1947 1173 2016 simul

103 2045 269 2116 sacerdotes
303 2047 464 2118 conficere
498 2046 734 2118 Eucharistiam
770 2047 914 2142 possint,
957 2044 998 2114 ab
1032 2047 1172 2142 antiquis

103 2140 282 2215 scholasticis
311 2143 515 2240 disputatum
536 2161 606 2230 est3
625 2145 681 2215 sed
709 2143 743 2214 id
762 2145 819 2214 diu
843 2143 996 2213 aLatinis
1027 2141 1170 2230 iactum,

103 2255 131 2308 et
158 2268 247 2314 nunc
274 2245 373 2313 etiam
400 2269 418 2312 a
447 2243 570 2316 Graecis
594 2241 667 2314 ficri
696 2259 823 2314 constat
855 2241 922 2338 (ὅ).
958 2239 1048 2326 Quin
1084 2241 1172 2338 apud

104 2362 151 2408 nos
190 2357 326 2411 manent
368 2339 475 2412 adhuc
511 2343 643 2437 vestigia
674 2344 819 2438 antiquae
853 2338 1097 2411 consuetudinis
1137 2342 1169 2412 iu

104 2435 357 2536 presbyterorum
384 2456 482 2537 utque
511 2443 740 2538 cpiscoporum
761 2437 1031 2511 ordinationibus.

135 2607 172 2692 (l)
185 2613 264 2675 Num
278 2611 309 2672 in
330 2611 442 2688 torma,
464 2631 523 2692 qua
538 2621 725 2676 consecratur
747 2611 836 2688 calix,
855 2611 892 2671 ad
918 2611 979 2670 vim
996 2611 1168 2670 sacrmenti

105 2697 204 2754 tantum
229 2695 391 2754 necessaria
411 2697 470 2755 sint
498 2695 585 2756 verba
610 2696 667 2758 Hic
691 2703 735 2757 cst
758 2691 838 2755 catis
859 2691 1019 2775 sanccitis
1033 2692 1106 2768 mei,
1135 2711 1173 2752 an

103 2773 177 2836 etiam
188 2785 285 2836 cetera
306 2777 514 2855 requirantur,
529 2787 613 2838 vetus
638 2777 760 2858 quaestio
774 2784 834 2854 cst,
849 2774 886 2834 de
906 2793 962 2853 qua
975 2774 1043 2834 vide
1064 2775 1173 2836 lucain

103 2851 283 2920 tesseram.
312 2856 384 2920 disc.
409 2863 501 2942 tqu.
519 2863 537 2922 5
552 2879 618 2944 cop.
646 2865 678 2937 55
701 2859 814 2921 Drouin
836 2853 871 2918 dc
896 2875 928 2917 re
949 2875 1078 2918 somam.
1106 2853 1128 2916 l.
1153 2858 1171 2916 t

103 2948 193 3018 qamt.
222 2944 242 3003 5
263 2959 329 3022 cap.
347 2943 377 3002 5.
393 2944 578 3022 Quamquam
596 2951 695 3004 autem
715 2941 848 3004 Christus
867 2939 1026 3000 voluntatis
1048 2938 1173 3016 imperio

105 3021 302 3084 Eucharistiam
327 3041 496 3084 consecrare
512 3025 669 3103 potuisset,
690 3042 793 3085 revera
808 3031 907 3082 tamen
919 3019 1094 3102 evangelicis
1107 3039 1174 3080 ver·

104 3099 152 3178 his,
163 3123 195 3165 ex
218 3123 294 3185 panc
304 3113 335 3164 et
349 3105 433 3180 vino,
447 3125 534 3167 suum
557 3125 663 3186 corpus
678 3114 708 3167 ct
730 3105 902 3186 sanguinem
917 3103 1076 3164 coniecisse
1089 3101 1174 3162 docet

104 3185 132 3242 D·
153 3186 207 3248 Th.
232 3205 265 3268 p.
280 3189 298 3247 5
314 3207 342 3270 q.
361 3189 400 3248 78
426 3195 485 3248 art.
505 3191 518 3250 l
546 3187 598 3250 od.
616 3191 647 3266 5,
665 3207 754 3268 quem
769 3186 896 3267 theologi
925 3185 988 3246 iere
1006 3203 1109 3246 omnes
1129 3202 1174 3244 se-

110 3277 287 3430 quihinhldao.
310 3353 444 3412 lateran.
470 3355 510 3413 lV
525 3354 622 3432 canl
650 3360 720 3412 tom.
749 3353 767 3412 7
788 3349 843 3412 col.
871 3351 909 3412 17
935 3345 1000 3410 coil.
1019 3347 1129 3425 llard.,
1145 3357 1174 3408 et

104 3429 176 3492 lrid.
201 3451 274 3495 sess.
301 3435 340 3494 Ἠ
369 3451 433 3574 ωε.
460 3435 492 3510 l,
515 3443 620 3495 etcun.
649 3430 842 3515 ademeris.
859 3430 1077 3494 mesa.Lutheri
1095 3450 1174 3492 sorn-

106 3511 176 3574 uium
188 3525 248 3591 est,
262 3533 363 3575 omnes
384 3535 399 3575 c
423 3515 559 3576 ristianos
573 3515 641 3594 jure
661 3515 761 3577 divino
784 3535 846 3577 esse
870 3514 1033 3575 sacerdotes
1056 3521 1086 3573 et
1109 3531 1174 3573 om-

105 3609 162 3670 nes,
186 3599 351 3676 praesertim
375 3615 442 3658 curn
467 3597 498 3658 id
519 3599 677 3660 necessitas
700 3598 843 3676 postulat,
867 3595 1057 3658 Eucharistia
1082 3593 1173 3654 consr-

105 3675 204 3740 ciendaa
219 3679 329 3740 hahere
342 3685 529 3758 potestatem.
546 3681 714 3742 Absurdam
728 3681 804 3741 hanc
819 3679 999 3750 doctrinam,
1013 3685 1043 3738 et
1064 3683 1175 3736 ceteros

105 3761 147 3832 qui
159 3761 195 3822 ab
208 3782 242 3823 ea
258 3762 413 3824 dissimiles
428 3781 487 3822 non
514 3771 599 3838 sunt,
616 3781 731 3824 errores
745 3765 965 3832 Gnosticorum,
984 3757 1174 3822 llontanista-

104 3856 173 3920 rum,
191 3845 474 3924 collyridianorum‚
500 3844 724 3921 waldensium,
748 3845 984 3908 calvinianorum
1003 3843 1060 3901 late
1092 3840 1174 3900 reiu-

104 3927 160 3983 tant
178 3927 325 4008 theologi,
349 3935 437 4004 atque
461 3929 540 3988 inter
564 3935 674 3988 ceteros
699 3929 812 3990 Drouin
833 3924 887 3988 loc.
911 3925 960 3986 cit.
984 3943 1014 4006 q.
1037 3925 1105 3982 toa
1141 3923 1172 3982 l.

105 4005 242 4070 celebrem
259 4009 433 4071 Tertulliani
449 4010 561 4076 locum,
583 4011 615 4070 iu
641 4029 699 4087 quo
722 4027 824 4070 omnes
839 4007 990 4068 christiani
1010 4023 1090 4064 sacer
1112 4011 1173 4064 otes

104 4099 172 4166 esse,
186 4101 214 4152 et
227 4109 330 4154 omnes
343 4090 451 4153 offerre
466 4091 620 4165 dicuntur,
637 4099 769 4154 accurate
783 4091 863 4151 inter
877 4097 988 4150 ceteros
1003 4085 1172 4168 expendunt
