3100 5182
516 431 736 502 -155-

98 581 196 674 pauim
224 577 385 650 laicorum
424 577 581 652 mstodiae
617 583 881 652 committuntur.
910 577 1051 678 Jamque
1082 601 1159 656 unte

100 693 228 773 tempora
258 676 388 748 concilii
415 676 602 748 Tridentini
633 693 818 750 sauctorum
850 676 1003 750 ordinum
1034 704 1052 748 a
1084 679 1159 751 dia-

98 789 199 844 conatu
224 773 268 844 ud
292 777 495 846 ostiuriutum
523 774 705 846 functiones
735 775 883 872 pluribus
909 779 946 846 in
972 775 1050 847 locis
1080 777 1156 850 sue-

100 887 157 940 nnt
180 874 393 962 intermissu,
426 897 506 970 quos
538 889 711 969 propterea
747 872 921 944 concilium
953 877 1096 948 rovocari
1122 878 1157 948 iu

101 993 177 1038 usum
184 971 281 1066 juxta
295 994 402 1041 sacros
418 995 558 1042 canonos
571 969 666 1068 jubet
682 968 749 1066 (2).

130 1161 167 1243 (l)
186 1164 328 1224 0sticrios
340 1163 379 1224 ab
393 1164 512 1224 occlusis
528 1165 677 1226 institutos
695 1182 729 1224 cu
742 1164 905 1243 praescrtim
921 1163 958 1225 de
971 1183 1056 1228 causa
1074 1175 1158 1246 putst

101 1243 265 1324 ltingbamus
287 1245 405 1328 Oricia.
426 1243 524 1307 eccles.
550 1243 600 1306 tto.
619 1247 637 1306 5
656 1263 722 1386 ως.
744 1248 763 1306 6
780 1243 806 1326 §.
833 1247 852 1306 5
875 1255 944 1308 tom.
970 1248 990 1308 2
1009 1266 1082 1330 puy.
1100 1249 1155 1316 57.

100 1321 158 1384 edit.
172 1323 260 1386 uate
271 1324 482 1408 Muqdcburq„
507 1335 541 1388 ut
559 1326 689 1388 surienti
712 1345 746 1386 us
763 1327 889 1387 ethnicis
902 1327 1042 1388 cdrcrms
1062 1329 1158 1392 cbris-

100 1405 195 1482 timos,
223 1415 299 1467 stata
323 1417 522 1468 conventuum
544 1417 575 1469 et
597 1409 798 1487 precationum
825 1415 957 1486 tempora
981 1410 1156 1472 indicerent.

101 1487 250 1548 hieriorcs
272 1490 400 1550 ecclcsiae
417 1497 516 1568 portas
538 1491 665 1566 ostiarii,
690 1497 789 1568 portua
806 1490 962 1550 sanctuarii
983 1490 1156 1554 subdianoni

99 1569 302 1646 custodiebant,
320 1571 373 1631 ubi
388 1571 462 1630 nulli
478 1579 562 1632 erant
576 1571 688 1633 ouiurii
702 1579 842 1650 utrosque
859 1570 1030 1630 subdiaconi
1042 1570 1159 1632 obtinu-

99 1647 174 1708 bant.
187 1655 267 1728 supe
278 1653 363 1712 ctiam
377 1653 489 1713 ostiarii
506 1663 647 1714 uocantur
659 1653 786 1728 uultui,
802 1659 890 1730 utque
908 1652 950 1712 ita
964 1655 995 1714 S.
1019 1653 1159 1714 Paulinus

100 1729 221 1791 Nolanus
237 1731 317 1812 epist.
334 1737 348 1794 l
376 1733 418 1796 od
434 1735 576 1796 Severum
596 1753 682 1796 num.
709 1735 747 1794 10
763 1731 819 1795 col.
841 1735 876 1810 7,
897 1731 969 1794 edit.
995 1734 1161 1796 namursi

105 1811 217 1874 turone
231 1815 305 1874 ltus
323 1816 477 1876 cstimium
500 1823 601 1876 vocat:
616 1818 688 1878 Nou
702 1821 808 1892 testor,
825 1815 938 1894 inquit,
955 1815 1069 1896 ipsum,
1085 1815 1160 1898 quio

99 1897 124 1948 et
143 1891 177 1953 at
193 1894 309 1957 AEdt'tui
324 1897 445 1957 nomiae
468 1905 496 1957 et
518 1893 614 1979 officio
631 1898 734 1979 optoca'
748 1914 869 1958 surram
882 1895 1012 1978 incipere
1025 1897 1158 1958 amitu-

102 1980 158 2032 tem.
179 1978 241 2052 Quo
262 1995 297 2037 ex
312 1978 376 2038 loco
389 1979 580 2058 intelligitur,
596 1979 685 2040 ctiam
699 1979 813 2040 Paulini
826 1978 1035 2040 utatcosticrii
1050 1995 1158 2042 munus

100 2055 211 2130 primm
235 2059 390 2119 clericatus
422 2060 547 2140 gradum
572 2061 673 2121 luisse.
700 2059 853 2122 ostiarius
879 2077 948 2120 eum
978 2057 1154 2140 ordinatur,

100 2299 177 2377 quau
189 2239 443 2364 oedmogussco
462 2305 609 2365 rationem
623 2321 681 2386 pro
695 2301 741 2365 lu'a
754 2267 862 2380 rebus:
878 2321 945 2385 quc
959 2263 1006 2363 tui
1023 2241 1158 2366 stuciis}

100 2377 293 2444 nduduutur.
312 2384 500 2445 taunucum
515 2385 640 2464 explicat
660 2385 771 2446 ostiarii
791 2401 898 2444 munus
912 2383 1041 2444 Isidorus
1055 2385 1153 2464 Hispa·

99 2458 172 2522 lenus
187 2468 289 2526 cond
316 2463 389 2526 diat.
405 2467 468 2526 25:
488 2465 535 2527 ld
555 2465 728 2542 ostiarium,
753 2465 866 2543 inquit,
879 2464 1034 2546 pertinent
1057 2463 1156 2528 claves

97 2541 219 2624 odom,
246 2553 285 2607 ut
304 2543 430 2607 deamat
455 2553 485 2606 et
585 2548 623 2608 'ot
640 2544 784 2628 tempium
800 2546 875 2623 oei,
896 2554 927 2606 et
948 2546 1065 2624 occsio,
1088 2567 1156 2631 quo

99 2626 248 2688 uitiatus
271 2635 416 2710 ecbuqsc
437 2565 606 2690 emim:
644 2625 722 2690 dclca
736 2627 874 2710 recipiat,
890 2627 1157 2690 excommunicatos

98 2712 120 2762 et
128 2703 256 2786 infideles
269 2708 379 2790 ejiciat.
392 2709 478 2786 Quod
489 2728 548 2770 non
559 2711 599 2770 itu
612 2709 838 2789 intelligendum
849 2715 905 2782 cst,
917 2708 999 2786 quusi
1011 2707 1156 2782 infideles,

98 2782 229 2868 tunm,
257 2790 355 2852 iudei
379 2792 411 2850 in
433 2789 552 2851 ecclesis
571 2791 682 2852 versui
706 2807 765 2850 non
781 2796 913 2866 possent,
935 2805 1003 2847 curn
1023 2787 1156 2850 divinum

98 2867 203 2931 tcrlum
224 2871 438 2948 nunciamus,
453 2879 505 2932 cut
525 2889 591 2933 cum
605 2871 717 2950 aliquid
731 2889 748 2930 c
761 2869 850 2930 sacris
865 2868 949 2928 libris
966 2869 1155 2930 recitabatur.

99 2947 157 3010 tm
168 2970 201 3013 co
213 2961 353 3032 ternpore
363 2953 434 3032 ipsis
442 2954 473 3014 in
484 2953 603 3015 ccclesia
617 2954 718 3015 adsue
731 2951 853 3028 licebat,
868 2950 913 3010 uti
925 2950 1157 3012 demonstratum

99 3045 124 3087 su
182 3043 240 3096 est,

125 3048 352 3192 iiiconailium
368 3116 575 3178 Tridentiuum
589 3131 660 3178 ceca.
678 3117 717 3177 25
728 3133 796 3197 cop.
811 3117 849 3178 ll
861 3111 897 3176 de
909 3111 1034 3196 reform.

133 3289 162 3390 S.
187 3291 358 3365 XXXIV.
387 3294 431 3364 lt
455 3319 496 3364 uc
512 3293 546 3363 hi
572 3311 649 3365 sunt
664 3307 805 3391 quatuor
827 3291 957 3364 ordines
978 3313 1060 3388 quos
1083 3295 1156 3362 mi-

100 3411 180 3462 tto-cs
214 3391 376 3482 dicimus,
407 3321 549 3490 rdiiquos
580 3411 647 3464 tres
681 3395 831 3486 majores
860 3416 878 3460 u
903 3387 1073 3484 pellamus.
1108 3387 1158 3456 Dc

97 3485 219 3582 simplici
251 3505 384 3562 tonsura
414 3491 517 3586 quaeri
539 3489 637 3578 solet,
673 3514 754 3558 num
772 3514 811 3558 cu
832 3417 1000 3560 ordinibus
1020 3483 1158 3554 adscribi

98 3577 214 3676 dobunt,
232 3613 302 3683 qus
315 3586 357 3656 de
381 3611 418 3657 rc
435 3590 522 3658 intcr
536 3589 717 3659 canonistas
737 3599 836 3681 atquc
854 3583 1017 3678 theologos
1038 3605 1156 3676 magna

96 3687 301 3756 controversia
331 3699 395 3754 cst.
433 3681 530 3754 Certo
556 3685 613 3781 qui
643 3699 781 3754 tonsuru
811 3681 1048 3768 donatiano,
1083 3701 1158 3748 rere

96 3775 167 3847 inter
192 3782 329 3854 clericos
358 3797 588 3871 recensentur,
621 3796 653 3852 et
677 3779 752 3852 ideo
779 3803 893 3852 eorum
920 3793 1059 3848 utuntur
1086 3773 1158 3870 pri-

96 3871 223 3970 vilegiis,
243 3881 294 3950 uti
311 3878 569 3949 demonstratum
585 3903 681 3974 supra
697 3895 759 3970 cst,
784 3893 882 3976 utque
903 3877 940 3946 iis
953 3871 1155 3970 praesertim,

97 3996 159 4063 quae
169 3977 247 4068 sori
257 3992 291 4047 ct
302 3981 448 4050 cononis
461 3991 705 4071 nuncupantur.
