3142 5188
409 936 775 1031 ΉΝΜΘ
837 941 966 1032 RB·

476 1164 512 1228 lle
529 1165 670 1230 luminariis
687 1165 845 1231 clericerum.

602 1377 753 1392 *a*

146 1521 238 1574 letll.
251 1519 442 1572 Seminarioruur
458 1529 526 1574 ortus
540 1529 565 1572 et
583 1535 639 1589 pro-
781 1519 872 1637 quibus
887 1519 975 1573 studiis
992 1521 1018 1573 bi
1039 1521 1100 1576 dare
1115 1539 1215 1594 operam

146 1651 188 1704 lll.
224 1605 442 1706 mirl'ieminario
461 1651 596 1722 reeipiendi
614 1661 640 1704 et
716 1651 748 1704 Ν
773 1587 1018 1704 eteblimdeminarii
1041 1653 1214 1724 deputatorum

783 1717 870 1771 electio
881 1729 906 1771 et
916 1719 1034 1772 officium.

636 1857 668 1962 c
696 1861 724 1958 ι,

193 2010 288 2084 Nion
318 2027 385 2102 est,
418 2009 508 2109 quod
544 2012 643 2106 magis
674 2013 836 2108 pertineat
864 2011 906 2082 ad
937 2012 1099 2108 publicam
1118 2015 1212 2087 utili·

143 2125 266 2200 tetem,
305 2135 403 2208 quam
441 2108 531 2208 qnod
565 2111 688 2206 optimc
719 2125 873 2206 regantur
906 2109 1064 2208 juvenes,
1117 2129 1215 2212 atque
1260 2135 1263 2142 '

144 2207 185 2278 ad
218 2233 352 2280 omnem
378 2210 568 2304 sapientiam
600 2209 824 2279 instituantur.
857 2207 957 2280 Recte
988 2211 1087 2304 igitur
1117 2229 1216 2310 atque

143 2309 305 2404 sapienter
328 2309 466 2405 majores
497 2307 619 2394 nostri,
652 2305 694 2374 ab
729 2307 958 2404 antiquissimis
991 2333 1094 2404 usque
1125 2326 1215 2382 tcm-

142 2404 295 2502 poribus,
325 2404 516 2502 episcopalia
543 2405 711 2475 seminaria
741 2403 940 2476 instituenda
972 2423 1149 2498 curarunt,
1180 2411 1216 2480 in

143 2501 283 2599 quibus,
318 2503 379 2574 sub
408 2504 549 2600 episcopi
579 2527 655 2573 cura
688 2516 722 2573 et
751 2501 1010 2598 gubernatione,
1040 2504 1216 2578 educaren-

142 2615 198 2672 tur
234 2617 333 2699 atque
361 2603 397 2672 in
437 2626 529 2698 spem
558 2599 636 2671 cleri
669 2599 833 2672 alerentur
866 2599 1103 2693 adolescentes,
1134 2607 1213 2703 qui,

142 2700 273 2796 optimis
320 2700 438 2770 imbuti
477 2697 622 2769 moribus
668 2697 890 2795 doctrinisque
939 2699 1078 2791 eruditi,
1129 2703 1216 2774 inter

142 2795 274 2869 clericos
311 2799 455 2896 cooptari
514 2799 675 2894 sacrisque
709 2799 828 2868 initiari
851 2796 1023 2870 ordinibus
1067 2817 1213 2897 possent.

143 2892 231 2965 Sunt
267 2898 325 2995 qui
358 2896 591 2993 episcopalium
636 2896 884 2965 seminariorum
930 2898 1060 2992 vestigia
1102 2897 1217 2995 depre-

142 2992 292 3066 hendisse
322 3019 356 3065 se
386 3007 506 3090 putant
533 2995 570 3062 in
604 2991 730 3092 synodo
767 2989 900 3064 Nieaena
928 2993 1003 3092 (l),
1041 3011 1119 3066 sunt
1158 3000 1216 3094 qui

142 3093 283 3189 primam
324 3116 438 3164 eorum
473 3092 630 3186 originem
671 3089 713 3160 ab
757 3090 939 3184 Augustino
979 3097 1082 3190 repeti
1122 3119 1216 3192 posse

142 3189 353 3262 arbitrantur.
386 3189 453 3285 (2).
484 3185 576 3259 ltlud·
606 3201 813 3284 compertum
843 3189 1113 3290 exploratumque
1145 3209 1215 3284 est,

141 3303 231 3360 sexto
266 3287 383 3360 saeculo
412 3287 602 3358 constitutas
625 3285 696 3384 jam
722 3285 818 3357 luisse
848 3312 1040 3361 communes
1074 3289 1213 3380 domm,

142 3383 204 3458 boc
229 3403 277 3457 est
301 3387 489 3474 seminaria,
524 3387 559 3454 in
587 3383 706 3481 quibus
734 3383 842 3456 clerici
870 3411 1081 3458 communem
1114 3390 1216 3458 vitum

142 3483 351 3556 traducerent
393 3497 426 3553 at
451 3507 492 3554 ue
535 3481 577 3553 ad
623 3505 721 3554 omne
762 3481 917 3556 clericalis
962 3481 1061 3557 officii
1096 3508 1220 3557 munus

142 3583 383 3654 instruerentur
414 3509 483 3679 (b).

182 3729 225 3828 ll)
246 3729 276 3794 si
291 3739 369 3793 certa
383 3738 460 3793 essct
472 3729 546 3792 fides
559 3730 744 3794 Nicanorem
755 3749 899 3794 cononum
909 3748 993 3810 quos,
1006 3749 1042 3792 cx
1054 3731 1170 3794 arabico
1180 3734 1213 3796 r'n

140 3813 265 3875 latinum
276 3831 441 3875 sermonem
455 3831 620 3890 conversos,
632 3813 762 3894 primum
773 3817 821 3876 Fr.
835 3813 1009 3890 Turrianus,
1019 3813 1127 3875 deinde
1138 3815 1212 3878 Abr.

142 3893 335 3958 Ecchellensis
352 3896 539 3978 evulgarunt,
564 3895 671 3956 merito
689 3895 777 3957 statui
796 3903 904 3975 posset,
930 3895 961 3955 in
985 3913 1068 3957 cono.
1094 3897 1215 3960 Nicano

140 3995 200 4041 non
213 3979 335 4042 obscura
350 3985 463 4040 exstare
481 3977 601 4058 vestigia
623 3975 791 4056 hujusmodi
813 3977 1050 4038 seminariorum.
1080 3981 1154 4042 Nam
1180 3979 1215 4041 in

142 4079 228 4142 cort„
243 4062 294 4142 qui
316 4059 394 4143 apud
409 4061 546 4126 Turriou.
566 4068 611 4122 ast
631 4061 682 4138 ab,
697 4060 775 4140 apud
797 4058 922 4122 Boebell.
947 4063 989 4122 59
1005 4067 1077 4122 terto.
1101 4064 1216 4125 acuon
