3122 5178
550 447 746 518 ...25-

131 616 155 658 ii.
169 598 195 658 i.
213 597 303 677 Hujus
320 613 391 657 vcro
409 594 447 656 ah
465 596 603 674 apostolis
620 613 782 674 corumque
799 593 1014 658 successorihus
1036 599 1187 658 excercitu

130 680 343 759 potcstatisplcni
352 685 423 739 sunt
432 681 527 739 sucre
538 679 696 757 Scripturas
713 685 743 738 et
751 678 950 740 ecclesiastice
962 677 1092 738 historice
1104 679 1184 738 libri.

161 759 260 842 (t)1)e
281 762 336 822 hoc
356 760 626 821 Democratiooruni
650 777 751 822 errore
773 760 865 821 multa
888 761 1014 820 dicimus
1042 761 1073 822 iii
1098 779 1187 840 opere

130 843 179 904 liii
190 844 370 904 Caeciu'cum
385 840 562 902 comosum
572 837 730 924 pullicum
743 849 772 904 ct
781 841 952 924 priuatum,
970 849 1040 904 tom.
1058 845 1069 904 t
1085 845 1187 924 capt>

129 922 151 1004 S.
165 927 182 986 5
194 932 252 988 iiot.
270 929 282 986 t
298 943 373 1007 pop.
392 926 452 986 iso
466 930 569 1006 etseq.

168 1101 196 1202 ς.
213 1103 305 1174 lllll.
329 1103 571 1174 Democraticos
590 1115 775 1198 sequuntur
792 1103 959 1198 proxime,
989 1103 1047 1198 qui
1075 1101 1183 1174 eccle·

130 1202 176 1272 sie
193 1204 335 1296 regimen
361 1225 470 1272 errore
491 1201 562 1297 pari
583 1201 837 1271 aristocraticum
859 1199 982 1272 faciunt
1002 1199 1070 1297 (l).
1099 1199 1187 1272 Sunt

131 1313 227 1368 intem
255 1297 424 1388 catholici,
461 1300 519 1398 qui
556 1324 675 1396 puram
706 1300 936 1370 aristocratiam
970 1312 1184 1394 respuentes,

130 1412 228 1466 tamen
243 1395 464 1468 monarchiam
489 1394 733 1468 ecclesiasticam
754 1397 951 1468 aristocratia
967 1411 1183 1492 temperatam

130 1492 244 1564 solunt.
269 1494 394 1566 Verum
422 1519 499 1566 cum
529 1497 617 1565 inter
648 1491 822 1566 catholicos
852 1517 966 1564 omnes
993 1496 1183 1581 conveniat,

131 1588 302 1662 Romanum
320 1589 515 1663 Pontificem
537 1594 616 1691 jure
644 1591 756 1660 divino
784 1613 924 1687 praeesse
946 1589 1088 1660 ecclesiae
1110 1591 1187 1660 uni-

132 1711 242 1778 versae,
257 1704 289 1759 et
308 1713 380 1760 iero
408 1713 545 1786 praeesse
574 1715 643 1760 non
672 1687 778 1760 solum
806 1687 931 1758 honore
953 1712 990 1757 ao
1010 1685 1103 1776 loco,
1131 1685 1187 1756 sed

133 1785 220 1854 etiam
234 1801 388 1882 potestate
412 1803 446 1858 et
457 1785 706 1885 jurisdictione,
728 1785 820 1857 facile
833 1783 1046 1880 intelligitur,
1081 1783 1188 1856 eccle-

129 1882 177 1952 sie
197 1888 342 1977 regimen
360 1885 570 1958 monarchica
593 1886 719 1954 ratione
744 1885 917 1956 contineri.
945 1883 1029 1955 N'am
1051 1906 1186 1954 monar-

128 1978 200 2052 chiie
225 2007 349 2054 nomen
375 1981 523 2078 designat
548 2007 716 2054 summum
745 1983 940 2080 imperium,
976 1977 1066 2077 quod
1098 1977 1187 2077 apud

128 2101 220 2148 unum
248 2096 309 2152 est.

158 2251 197 2330 (i)
223 2251 380 2314 videndus
398 2251 533 2314 Nicolaus
553 2251 738 2326 Coelictaeus‚
768 2251 801 2312 i'ii
822 2249 906 2313 lihii's
928 2253 977 2312 IV
1000 2248 1189 2334 apolopeti’ci's

122 2349 170 2411 pro
181 2351 265 2396 tuero
287 2331 468 2394 mmiorclii‘o
484 2331 614 2395 ecclesie
627 2330 793 2411 catholice,
811 2329 978 2416 apostolice
995 2341 1023 2392 et
1038 2349 1185 2408 romanie,

22 2449 24 2460 ι
124 2411 185 2474 odii.
212 2413 349 2498 reiiipuli.
369 2418 416 2476 M.
439 2414 792 2491 scientiaomnium
814 2423 844 2474 et
858 2414 1003 2475 videndus
1024 2414 1188 2493 presertim

22 2509 23 2526 ¹
122 2495 307 2593 Moiiiocli'iip
337 2497 419 2594 Θήρ.
439 2505 468 2557 ct
481 2497 630 2580 Antiquit.
647 2493 872 2592 'Christiani-ir,
894 2503 967 2592 tom.
995 2497 1030 2572 5,
1051 2514 1109 2573 quo
1127 2503 1188 2591 toto

121 2575 337 2640 iererolumine
348 2579 566 2640 Aristocraticos
577 2577 743 2639 doctissime
757 2595 1012 2658 copiosissimeque
1034 2577 1185 2638 refutavit.

162 2729 191 2830 S.
219 2733 301 2805 XX.
333 2731 427 2806 Nihil
445 2749 555 2804 autem
571 2731 768 2805 monarchiae
789 2730 931 2803 detrahit
947 2746 1088 2828 potestas
1100 2731 1189 2828 epis·

121 2853 291 2924 soporum,
313 2855 388 2927 quae
404 2833 530 2901 etiamsi
542 2855 610 2902 non
620 2831 784 2928 precaria,
799 2829 856 2898 sed
867 2831 1018 2926 propria,
1037 2845 1070 2898 et
1083 2830 1189 2898 natira

119 2929 173 3016 sit,
196 2944 313 3000 tamen
340 2953 417 2998 cum
432 2927 577 3024 pendeat
596 2954 615 2998 a
636 2952 767 2998 summo
788 2924 975 3015 Pontifice,
1002 2949 1069 2996 non
1093 2925 1190 3022 hujus

119 3040 198 3097 certe
218 3023 436 3098 monarchica
456 3041 600 3123 potestas
624 3051 664 3096 ex
685 3024 819 3096 illorum
839 3037 999 3120 potestate
1020 3024 1191 3092 imminui-

117 3137 165 3192 tur
186 3123 253 3222 (1).
284 3123 437 3194 Christus
460 3125 549 3194 enim
573 3149 651 3194 cum
679 3121 895 3219 episcopalem
920 3119 1070 3192 ordinem
1094 3123 1190 3190 insti-

117 3221 196 3312 tuit,
230 3220 347 3294 nullos
373 3220 521 3292 distinxit
553 3220 638 3292 fines
665 3219 891 3308 ecclesiarum,
923 3218 1042 3316 quibus
1072 3217 1191 3312 singuli

116 3319 254 3487 episcopi
281 3333 395 3390 essent
416 3317 644 3415 preficiendi3
667 3317 788 3390 idcirco
807 3343 843 3388 ea
872 3341 923 3388 res
950 3333 1017 3388 tota
1045 3313 1191 3386 humano

112 3439 180 3510 Jure
231 3418 282 3488 eri
311 3415 447 3504 debuit,
478 3413 552 3486 fieri
576 3429 687 3490 autem
711 3439 780 3486 non
805 3429 935 3512 potest,
959 3415 1020 3484 nisi
1046 3414 1190 3484 auctori-

116 3527 175 3584 tate
200 3516 298 3614 ejus,
355 3516 388 3584 ui
411 3515 588 3584 universim
608 3513 748 3584 ecelesiis
768 3511 920 3584 omnibus
939 3511 1111 3608 praesectus
1126 3525 1187 3580 cst.

116 3607 244 3684 Accedit
262 3540 359 3709 quod
378 3609 566 3708 episcopalis
581 3612 749 3708 potestatis
764 3608 953 3682 exercendae
966 3607 1083 3681 modus
1094 3606 1191 3704 judi-

117 3710 158 3780 cio
192 3710 314 3782 subest
343 3707 484 3779 Romani
514 3705 703 3798 Pontificis,
736 3709 789 3778 cni
820 3733 889 3779 non
919 3709 1028 3778 minus
1058 3709 1189 3790 orium,

116 3829 207 3970 putam
230 3821 411 3905 pastorum
434 3831 512 3876 cura
526 3809 695 3880 commissa
718 3823 785 3896 est,
804 3821 842 3875 ut
869 3807 1021 3902 princeps
1055 3818 1089 3872 et
1116 3823 1192 3870 mo-

135 3921 240 3978 ecator
265 3906 373 3976 totins
403 3903 545 3975 ecclesiae
572 3905 785 3976 constitueret
809 3901 972 4000 quidquid
994 3902 1077 3970 ratio
1102 3912 1191 3968 tem-

117 4023 230 4095 porum
254 4017 293 4074 et
310 4003 495 4074 communis
516 3999 600 4073 salus
616 4000 781 4100 postulare
797 3999 962 4070 rideretur
978 3996 1048 4092 (ἢ).
