3122 5178
767 465 998 544 Ι--ι10--

365 628 524 714 repnpcat,
541 619 585 682 ita
602 626 712 696 metae,
728 638 765 681 oe
784 618 867 682 eiad
889 629 915 681 te
930 616 1126 682 acrbatmttca
1141 615 1317 700 pertrahas,
1334 618 1440 701 mopsi

364 702 574 764 crimraierercs
594 720 651 762 tna.
662 701 733 762 Vid.
745 701 903 762 Eusebium
913 700 946 762 in
955 699 1009 762 vit.
1022 699 1208 762 Cmtetoatirt.
1223 698 1273 762 lib.
1287 703 1382 782 hcop.
1398 703 1438 762 et

361 801 434 864 pop.
451 785 526 860 658,
549 801 563 843 e
588 825 595 843 .
623 779 734 844 Valerii
748 781 946 864 Cantabripo'te
966 801 1018 842 nrt.
1044 783 1136 842 1770.
1160 781 1247 857 Quod
1261 782 1438 843 luculentius

364 865 506 944 expressit
523 866 684 925 Marcianus
704 863 866 942 Imperator
883 865 914 923 in
932 857 1054 923 coneilio
1072 860 1302 924 chalcedonensi
1321 870 1379 924 act.
1403 863 1438 938 6,

364 944 442 1023 opud
454 945 602 1006 Labbeum
618 951 687 1006 tom.
704 947 723 1006 1
738 941 793 1005 col.
812 945 908 1017 ttrs,
927 952 956 1004 et
973 938 1196 1006 Valentinianus
1211 944 1290 1023 apud
1303 947 1440 1006 Sorome-

365 1022 497 1087 numlib.
511 1029 529 1088 6
542 1046 608 1108 cap.
626 1028 644 1087 7
656 1043 729 1108 pop.
743 1028 819 1102 710,
832 1024 879 1087 ed.
900 1024 1027 1086 Tauria.
1047 1026 1138 1086 1717.

405 1105 447 1188 (7)
469 1109 503 1169 ld
518 1108 556 1169 de
569 1109 686 1170 Nicaena
704 1106 822 1186 synodo
837 1114 960 1168 testatur
973 1106 1115 1168 Eusebius
1130 1102 1166 1165 dc
1179 1105 1231 1167 nit.
1251 1105 1439 1166 Constantia.

365 1183 415 1248 lib.
434 1190 649 1270 acaptare,
661 1206 684 1270 p
727 1231 734 1248 .
753 1191 806 1250 671
823 1195 852 1248 ct
866 1190 936 1264 677,
952 1185 999 1248 ed.
1016 1184 1129 1250 Volesir'
1143 1186 1288 1263 Ter-crim,
1304 1188 1398 1262 1716,
1412 1194 1442 1246 et

366 1271 497 1332 Socrates
511 1269 625 1331 Hister.
645 1273 702 1330 Boc
714 1287 754 1332 ea.
772 1266 823 1330 tto.
841 1272 854 1330 1
870 1288 937 1364 cop.
956 1272 1022 1352 8p.
1042 1271 1079 1328 16
1092 1265 1139 1328 ed.
1159 1267 1271 1410 pp'uod„
1289 1275 1318 1328 et
1334 1267 1442 1347 dignus
1541 1307 1542 1310 =

365 1351 528 1428 praesertim
543 1360 707 1412 memoratu
719 1358 763 1411 est
774 1349 965 1429 Athanasius,
982 1350 1032 1428 qui
1048 1349 1146 1410 adhuc
1182 1349 1299 1410 incanus
1313 1348 1383 1410 huic
1396 1366 1442 1426 sy·

366 1431 444 1492 nodo
457 1433 608 1510 interfuit,
625 1441 659 1493 ut
673 1431 811 1494 adversus
827 1433 950 1494 Arianos
969 1431 1144 1511 disputaret.
1158 1431 1326 1510 Presbyteri
1342 1438 1372 1490 et
1392 1427 1442 1489 alii

366 1511 462 1573 clerici
478 1513 629 1574 interdum
645 1514 733 1574 etiam
747 1513 786 1574 ad
799 1513 955 1576 concilium
969 1513 1127 1574 veniebant
1143 1521 1293 1590 tamquam
1308 1527 1443 1590 procura·

365 1599 444 1654 tores
454 1595 620 1656 absentium
632 1595 845 1672 episcoporum.
858 1597 922 1669 Qua
932 1595 967 1673 ¹iu
986 1613 1019 1656 re
1031 1613 1173 1676 magnum
1190 1593 1268 1654 inter
1282 1591 1443 1653 orientalia
1541 1589 1542 1592 ’

366 1681 396 1734 ct
418 1676 614 1736 Occidentalis
632 1677 753 1734 concilia
774 1674 932 1734 discrimen
948 1683 1022 1734 erat.
1045 1680 1119 1738 Nam
1135 1677 1166 1736 in
1184 1674 1376 1734 orientalibus
1394 1671 1444 1732 ab·

366 1755 456 1816 sentis
467 1756 594 1834 episcopi
605 1761 777 1832 procurator
787 1771 854 1813 eum
864 1755 983 1814 tenebat
992 1755 1104 1830 locum,
1117 1773 1206 1834 quem
1218 1756 1369 1832 episcopus
1381 1753 1444 1832 ipse

369 1843 468 1895 tenere
480 1835 644 1902 debuisset,
660 1835 691 1893 in
705 1833 933 1894 occidentalibus
946 1852 1033 1893 suum
1047 1843 1112 1912 post
1124 1853 1226 1896 omnes
1241 1836 1390 1912 episcopos
1404 1835 1445 1894 lo·

368 1934 435 1975 cum
450 1915 587 1976 habebat.
605 1913 681 1976 Vide
694 1913 893 1976 Christianum
912 1918 1026 1992 Lupum
1039 1915 1073 1976 ic
1089 1925 1151 1976 aot.
1168 1913 1209 1977 od
1226 1933 1294 1975 cort.
1312 1916 1329 1974 7
1354 1917 1442 1976 Corae.

372 1993 513 2058 Trallorti
523 2006 593 2058 tom.
611 1998 629 2056 5
644 2013 725 2078 oper.
735 2013 808 2078 pop.
826 1997 880 2074 61,
898 1993 944 2056 ed.
967 1995 1066 2059 Vertat.
1084 1997 1175 2060 1771.

417 2170 447 2274 §.
476 2172 564 2245 XLI.
590 2171 820 2264 Particularia,
848 2189 905 2244 aut
932 2174 1039 2270 topica
1072 2173 1207 2247 concilia
1237 2174 1298 2245 alia
1328 2198 1346 2244 a
1379 2199 1444 2270 pa-

369 2270 535 2360 triarchis,
563 2271 624 2342 alia
653 2298 672 2340 a
700 2271 937 2366 metropolitis,
970 2271 1032 2342 alia
1060 2273 1101 2342 ab
1137 2274 1294 2369 episcopis
1320 2295 1447 2343 conro-
1541 2355 1542 2360 ἵ

369 2385 498 2439 cantur.
522 2367 707 2440 Patriarcha
733 2393 847 2438 omnes
882 2371 932 2439 sui
957 2370 1210 2466 patriarchatus,
1234 2368 1447 2465 metropolita

370 2489 483 2536 omnes
508 2468 682 2562 provincite
700 2469 866 2562 episcopos
885 2482 999 2552 vocat,
1024 2483 1123 2564 atque
1147 2466 1200 2538 lex
1224 2464 1448 2563 patriarchalis

370 2563 498 2633 concilii
510 2588 623 2634 omnes
641 2563 742 2634 afficit
757 2562 992 2660 patriarchatus
1006 2564 1173 2653 ecclesias,
1189 2563 1318 2635 concilii
1334 2576 1447 2633 autem

370 2660 574 2754 provincialis
601 2661 747 2732 ecclesias
778 2685 892 2732 omnes
926 2663 1115 2758 provinciae.
1149 2659 1185 2732 Si
1215 2658 1446 2756 metropolita,

371 2773 428 2826 ant
457 2761 598 2854 primas,
625 2759 676 2830 vel
700 2757 880 2856 patriarcha
903 2757 1039 2830 concilio
1066 2761 1195 2856 totique
1213 2759 1338 2830 nationi
1364 2780 1451 2852 prae·

371 2855 431 2944 sit,
455 2857 629 2928 concilium
659 2855 822 2928 nationale
850 2855 1046 2952 appellatur.

420 3022 452 3124 §.
480 3026 585 3097 XLII.
622 3027 823 3100 Provinciale
855 3016 1030 3098 cohoilium
1063 3031 1160 3100 tertio
1189 3053 1322 3126 quoque
1357 3051 1449 3098 anno
1541 3039 1542 3044 ’

373 3121 561 3194 habendum
590 3140 639 3196 est
666 3151 684 3195 a
719 3124 926 3221 metropolita
959 3125 1034 3224 (1),
1070 3151 1149 3197 eore
1179 3125 1357 3222 impedito,
1392 3143 1453 3196 aut
1541 3191 1542 3194 ,

374 3245 471 3290 vacua
501 3219 577 3292 sede
602 3221 643 3292 ab
668 3224 821 3318 episcopo
850 3223 1027 3319 provinciae
1054 3225 1237 3320 antiquiore
1267 3222 1343 3321 (7),
1372 3246 1453 3293 eon·

373 3319 550 3414 veniaeque
576 3321 671 3417 jussu
698 3322 768 3418 ejus
797 3317 921 3389 debent
944 3345 1057 3391 omnes
1086 3323 1263 3418 provinciae
1287 3321 1452 3416 episcopi,

373 3413 524 3504 abbates,
554 3433 587 3486 et
614 3433 779 3514 quotquot
804 3419 918 3488 venire
948 3429 1207 3506 consueverunt,
1234 3420 1316 3514 quin
1349 3418 1452 3487 etiarn

373 3513 516 3609 episcopi
551 3517 711 3611 exempti,
747 3512 867 3610 quibus
897 3513 1068 3612 eligendus
1093 3529 1142 3586 est
1172 3516 1297 3586 vicinus
1329 3513 1451 3610 aliquis

374 3608 601 3706 metropolita,
627 3611 668 3682 ad
694 3614 787 3710 eujus
806 3612 980 3708 provinciae
1005 3611 1170 3712 synodum
1199 3610 1355 3684 accedant
1379 3609 1450 3708 (5).

375 3705 500 3776 Omnes
526 3706 561 3778 hi
588 3709 725 3782 concilio
751 3713 903 3780 interesse
931 3727 1112 3804 coguntur,
1138 3726 1172 3783 ct
1197 3713 1223 3780 si
1241 3711 1330 3808 justa
1354 3731 1452 3779 eausa

375 3801 618 3969 impediantur,
660 3821 906 3902 procuratorem
950 3809 1081 3878 mittere
1130 3825 1164 3880 et
1209 3807 1454 3878 excusationem

376 3897 417 3970 de
441 3915 499 3971 ent
529 3901 596 3997 (4)
632 3903 679 3973 Ea
714 3928 790 3974 vero
819 3907 894 4000 qu'te
925 3905 960 3972 in
983 3905 1120 3976 coneilio
1149 3903 1339 4001 provinciali
1373 3919 1456 3974 sunt

376 3999 571 4092 constituta,
600 4017 776 4098 antequam
808 3999 1079 4098 promulgentur,
1107 4001 1269 4075 mittenda
1302 4016 1379 4072 sunt
1409 4000 1455 4070 ad
