3164 5174
829 440 976 512 -294
1001 481 1051 496 -

405 595 499 666 bonis
524 591 681 663 laicorum
713 591 928 662 constitutum
960 606 1025 680 est,
1065 587 1221 686 quodque
1261 587 1304 658 ad
1332 587 1483 686 aliquem

404 693 548 789 pertinet
575 689 678 762 laicali
713 687 828 776 titulo;
862 713 914 759 ex.
947 712 997 784 gr.
1029 689 1231 788 agnationis,
1266 685 1482 776 hereditatis3

403 791 561 878 mixtum,
590 786 679 886 quod
707 813 745 858 ex
777 785 994 858 ecclesiasticis
1025 802 1059 856 et
1082 783 1246 856 laicalibus
1271 784 1365 859 bonis
1391 811 1487 858 con-

403 887 520 958 flatum
551 900 618 976 est,
651 901 750 984 atque
776 888 821 956 ita
854 884 896 954 ad
920 883 1016 956 laicos
1032 900 1079 956 ¹et
1112 883 1276 956 ecelesiam
1309 887 1482 981 pertinet,

315 973 320 987 ’
404 1002 534 1058 utnon
561 985 765 1074 alternatim,
796 981 853 1054 sed
879 983 976 1054 simul
1003 982 1044 1054 ab
1076 985 1221 1081 utrisque
1249 982 1310 1053 fiat
1333 1008 1485 1080 praesen·

402 1086 496 1156 tatio.
523 1084 636 1155 Laicns
661 1082 702 1154 ad
756 1079 997 1154 raesentandum
1037 1080 1137 1168 habet
1161 1097 1302 1180 quatuor
1329 1106 1483 1174 menses,

404 1207 476 1272 sex,
505 1199 643 1280 uterque
671 1207 690 1252 a
717 1108 770 1252 die
791 1181 931 1277 cognitae
952 1181 1123 1251 vacationis
1146 1179 1223 1276 (l),
1246 1179 1486 1253 ecclesiasticus

404 1305 543 1352 menses.
571 1280 706 1371 Laicus‚
737 1281 790 1350 oui
820 1277 949 1350 brevius
979 1276 1169 1350 conceditur
1195 1280 1351 1374 temporis
1375 1280 1485 1349 inter-

403 1377 543 1464 vallum,
568 1404 634 1477 quo
657 1379 941 1474 praesentationem
963 1375 1133 1474 expediat,
1162 1393 1357 1473 potestatem
1377 1375 1485 1448 habet

404 1476 548 1547 variandi
582 1475 806 1574 offerendique
845 1475 965 1563 alium;
991 1474 1219 1546 ecclesiasticus
1254 1501 1292 1546 ea
1324 1474 1485 1547 facultate

403 1590 510 1665 caret,
547 1578 704 1672 quoniam
728 1577 764 1644 in
789 1573 940 1669 eligendo
971 1572 1106 1664 clerieo,
1141 1599 1242 1670 quern
1272 1572 1407 1659 offerat,
1444 1591 1484 1644 et

402 1673 483 1745 laico
520 1675 655 1769 peritior
698 1697 765 1744 csse
803 1687 953 1744 censetur
984 1687 1018 1742 et
1058 1671 1197 1767 longiori
1238 1669 1480 1744 deliberatione

405 1774 583 1843 accuratius
599 1770 686 1842 lerre
697 1770 861 1868 judicium
877 1769 976 1841 debet
990 1769 1056 1866 (⁶2).

460 1965 487 2046 t)
501 1970 574 2048 Cap.
588 1968 628 2030 tu
641 1975 670 2027 et
683 1966 721 2030 27
735 1964 771 2028 dc
784 1968 862 2028 Iure
874 1975 955 2050 patr.
963 2013 973 2044 ,
990 1985 1057 2108 cop.
1073 1986 1126 2028 ura.
1139 1965 1166 2110 ἓ.
1180 1964 1235 2027 ult.
1248 1963 1310 2038 eod.
1328 1965 1360 2026 iu
1375 1968 1405 2027 6.

458 2047 487 2130 2)
502 2051 575 2126 Qun
590 2048 722 2110 variandi
744 2057 885 2128 potestas,
909 2069 998 2128 quarn
1035 2051 1114 2110 uicus
1161 2049 1242 2125 abet,
1263 2049 1292 2108 in
1316 2065 1350 2107 eo
1369 2056 1414 2108 est
1424 2067 1484 2126 po-

404 2131 477 2209 sita,
492 2139 525 2192 ut
543 2133 605 2211 ipse
622 2130 698 2192 faeta
722 2132 947 2210 praesentatione
969 2131 1059 2192 alium
1084 2131 1220 2192 similiter
1236 2129 1371 2192 idoneum
1385 2129 1484 2190 eleri-

406 2232 473 2274 eum
489 2214 641 2274 nominare
653 2213 743 2293 possit
763 2211 958 2291 cumulatius,
981 2221 1015 2274 ut
1038 2213 1138 2292 ajunt,
1164 2232 1223 2274 non
1240 2211 1399 2294 privative,
1418 2211 1485 2274 hoe

406 2295 554 2391 astatium
566 2296 727 2376 adjungere
740 2296 800 2372 illi,
817 2315 904 2375 quem
924 2295 1040 2374 pridem
1056 2296 1274 2367 nominaverat,
1292 2313 1351 2356 non
1362 2304 1395 2390 ut
1407 2313 1483 2392 eum

405 2385 598 2520 ‘llllll
616 2375 1482 2543 ⁵‘t{attestatae-‘tedulfi'lte

357 2547 359 2552 “
405 2479 523 2620 {linitum
536 2549 569 2636 ut
578 2479 675 2620 inrisit
686 2543 790 2604 Lucius
801 2545 842 2604 ΙΙΙ
853 2541 886 2604 ia
898 2542 948 2604 cit.
961 2561 1029 2624 cup.
1045 2480 1221 2604 llilorum
1232 2561 1300 2603 cum
1311 2541 1482 2603 ecelesiasti-

406 2643 474 2684 eum
491 2631 535 2684 eat
548 2643 597 2703 Jus
611 2631 799 2702 patronatus,
815 2625 920 2703 inquo
934 2631 1075 2704 patronus
1090 2625 1222 2685 variandi
1235 2624 1401 2686 facultatem
1417 2641 1481 2684 non

406 2705 506 2782 habet,
519 2706 570 2784 qui
582 2706 678 2785 primo
687 2713 879 2786 presentatus
893 2714 948 2784 cst,
960 2707 1048 2768 modo
1058 2707 1096 2768 sit
1106 2707 1242 2784 idonens,
1255 2708 1368 2767 institui
1377 2705 1478 2767 debet.

407 2789 550 2850 Similiter
562 2789 586 2850 si
601 2788 692 2850 laicus
702 2797 843 2884 patronus
853 2789 992 2886 clericum
1001 2788 1178 2884 obtulitnon
1189 2788 1344 2861 idoneum,
1358 2797 1481 2868 propter

407 2870 1171 3032 {teretetlttttttttttt¹tttto⁸¹¹tt
1185 2870 1481 3032 detersti}

329 3101 341 3122 ,
407 2997 744 3112 presmtandi.’conser
759 3033 950 3096 Benedictnm
967 3038 1036 3098 XIV
1054 2998 1213 3120 dc’synod.
1233 3034 1348 3098 dioeces.
1368 3033 1419 3098 tit.
1440 3039 1481 3097 Η

410 3133 481 3257 {5th
494 3115 616 3259 garum}
627 3116 872 3260 fidllttffimldum
886 3117 1010 3262 engaged.
1022 3116 1090 3200 jur.
1109 3117 1250 3202 Poetilio.
1265 3127 1347 3200 part.
1362 3121 1377 3181 l
1394 3115 1445 3179 lala.
1462 3121 1480 3178 5

425 3216 491 3258 aa.
555 3215 626 3259 aec.
723 3217 782 3261 om.
827 3218 900 3282 pop.
980 3244 988 3262 .

458 3423 488 3526 §.
517 3425 574 3499 Ll.
611 3425 716 3525 Lapso
742 3447 910 3528 tempore,
941 3427 1032 3526 quod
1054 3425 1284 3519 ecclesiastico,
1315 3445 1370 3499 aut
1396 3427 1484 3504 laico

409 3539 549 3622 patrono
592 3550 779 3600 concessum
813 3543 883 3618 est,
927 3553 1035 3624 neque
1067 3542 1176 3598 exacta
1211 3527 1483 3625 praecautione,

412 3625 529 3694 transit
568 3622 610 3694 ad
643 3627 831 3723 episcopum
876 3641 1017 3724 potestas
1054 3625 1243 3698 conserendi
1281 3625 1484 3698 beneficium

410 3748 470 3794 suo
497 3721 653 3794 arbitratu
684 3725 751 3822 (l).
780 3723 920 3796 Mirtum
948 3740 1058 3796 autem
1080 3727 1136 3824 jus
1166 3739 1356 3822 patronatus
1389 3741 1485 3796 natu-

410 3847 482 3892 ram
496 3835 498 3843 ’
513 3823 683 3918 utriusque
709 3825 875 3919 sequitur,
899 3849 936 3894 ao
961 3849 1087 3922 semper
1116 3821 1198 3895 illud
1229 3823 1289 3894 sibi
1315 3821 1481 3914 vindicat,

412 3919 501 4016 quod
538 3923 573 3992 in
598 3918 700 3992 altero
727 3920 824 3993 luerit
859 3925 1034 4020 optimum.
1063 3921 1177 4018 Itaque
1204 3923 1309 3994 estin
1340 3947 1380 3992 eo
1409 3937 1483 3992 turn

408 4018 551 4091 sanandi
593 4034 753 4118 potestas,
786 4035 860 4092 tum
895 4023 1036 4119 spatium
1074 4045 1127 4092 sex
1161 4022 1322 4094 mensium
1359 4018 1400 4090 ad
1434 4019 1483 4090 sa·
