3134 5144
858 411 1080 491 -tue'-
1125 379 1129 386 ¹
1164 380 1180 420 ’“

428 572 678 654 pasteriorum,et
696 569 728 630 bi
750 567 870 648 quidem
890 567 937 628 bis
961 568 1072 630 sacellis
1094 575 1179 630 erent
1202 567 1330 644 addicti,
1353 575 1387 628 ut
1403 571 1485 630 aeteri

428 655 524 716 clei-ici
547 653 673 715 666166ἰί6
697 651 769 746 suis.
798 652 863 714 Nau
885 649 992 712 desum
1013 659 1111 746 tamen
1128 649 1266 729 'exempla
1283 649 1484 730 quorumdam,

426 732 1486 894 tltelut,titttultttittatltittttttfft

427 903 458 962 in
480 900 665 962 ordinatione
688 896 762 958 nulli
785 905 872 958 certe
885 897 1012 958 66616ιί66
1027 895 1276 958 adscriberentur.
1296 901 1338 959 lta
1358 898 1487 958 Paulinus

427 983 512 1066 epist.
537 985 556 1044 6
578 981 650 1064 pop'.
668 981 697 1058 7,
720 977 845 1042 edithua
861 981 969 1042 Veron.
1000 980 1080 1040 1756
1103 977 1140 1038 da
1153 977 1353 1054 ordinatione,
1377 980 1487 1058 quain-

426 1066 552 1146 signitus
565 1071 637 1124 esta
656 1061 774 1142 Lampia
786 1060 1007 1136 barcinonensi,
1021 1060 1109 1122 babet
1126 1059 1190 1121 brec
1205 1081 1222 1118 ι.
1247 1085 1261 1114 a
1273 1064 1312 1122 Ea
1326 1059 1485 1124 conditione

428 1148 460 1208 in
481 1145 688 1208 Barcinonensi
711 1143 831 1206 ecelesia
857 1143 1017 1205 musecrari
1040 1141 1184 1204 adductus
1207 1161 1291 1220 sum,
1313 1151 1347 1204 ut
1368 1144 1425 1222 ipsi
1445 1161 1487 1203 ec·

426 1229 521 1290 alasiae
558 1245 618 1288 non
646 1227 796 1308 alligarer,
836 1227 868 1288 ia
909 1225 1103 1286 sacerdotium
1139 1231 1253 1286 tantum
1293 1226 1412 1288 Domini
1435 1243 1487 1286 nou

427 1312 516 1371 ctiam
539 1310 570 1372 in
595 1311 693 1370 locum
711 1307 839 1370 emissis
864 1307 1058 1370 dedicatum
1089 1305 1255 1385 Eademque
1272 1307 1337 1388 lega
1354 1308 1488 1386 Hierony·
1555 1363 1556 1374 ,

427 1411 494 1454 mus
517 1412 533 1452 a
562 1392 683 1454 Paulino
709 1391 843 1470 episeopo
869 1388 1051 1454 Antiocheno
1073 1389 1226 1451 ordirratus
1252 1397 1308 1450 est.
1339 1393 1429 1452 Erant
1448 1397 1487 1448 ta-

426 1493 496 1536 men
523 1474 587 1535 bueo
605 1473 737 1552 exempla
761 1479 869 1551 praeter
891 1489 1078 1532 communem
1098 1470 1355 1548 consuetudinem,
1368 1491 1385 1532 a
1398 1489 1488 1550 quase

426 1564 507 1617 reate
531 1555 681 1618 dbeedere
711 1553 837 1636 episcopi
864 1553 1005 1634 putabant
1032 1571 1129 1632 posse,
1158 1559 1192 1612 ut
1221 1571 1335 1616 morem
1361 1559 1488 1634 gererent

428 1639 502 1714 illis,
515 1657 588 1716 quos
601 1637 727 1699 ecclesie
748 1637 892 1698 universe
907 1637 993 1696 utilas
1008 1635 1071 1696 lore
1089 1634 1314 1713 prospiciebant.
1337 1639 1446 1698 Verum
1459 1652 1488 1694 ea

426 1719 597 1798 disciplina,
610 1738 663 1798 per
677 1737 768 1796 qnam
784 1735 871 1779 namo
884 1718 1091 1791 ordinabatur,
1113 1716 1169 1778 nisi
1186 1725 1274 1779 certe
1297 1717 1489 1780 udsriberetur

426 1803 566 1876 ecclesiae,
581 1801 627 1860 ani
646 1807 787 1880 perpetuo
800 1797 934 1860 addictus
950 1817 1011 1860 esse
1023 1798 1159 1878 deberet,
1175 1799 1337 1878 generatim
1350 1799 1489 1872 obtinuit,

429 1902 520 1962 eaque
536 1882 654 1962 rigabat
668 1881 765 1942 adbuc
782 1881 887 1942 amulo
908 1884 965 1951 Xl,
981 1882 1025 1942 uti
1043 1888 1121 1960 patet
1138 1899 1174 1941 ex
1195 1881 1316 1944 concilio
1328 1880 1491 1944 Placentino

429 1965 507 2044 apud
521 1965 693 2026 Gratianum
706 1981 774 2025 curt.
791 1961 894 2024 udat.
914 1965 969 2039 to,
986 1970 1016 2024 et
1030 1963 1252 2026 claromontano
1268 1982 1335 2024 eurr.
1361 1966 1398 2024 lt
1412 1961 1490 2040 apud

429 2045 578 2110 labbeum
594 2053 665 2108 tom.
687 2048 726 2108 lu
752 2043 808 2108 eol.
833 2045 904 2107 etl.
933 2043 1043 2106 Eodem
1062 2053 1161 2106 autem
1185 2045 1298 2106 redibat
1318 2045 1442 2106 cadesim
1459 2062 1492 2103 aa

429 2127 563 2190 benefieii
586 2127 704 2204 titulus3
729 2128 865 2207 namqui
889 2135 977 2190 aertae
1004 2125 1224 2188 adscribebatur
1242 2127 1379 2198 eeclesia,
1400 2127 1427 2186 ei
1454 2125 1491 2184 de

429 2212 521 2291 ipsius
534 2211 661 2272 eeclesiae
674 2209 819 2271 reditibus
830 2210 968 2272 obruente
981 2211 1210 2288 praestabantur3
1225 2229 1291 2288 que
1299 2209 1493 2290 precationes

428 2291 563 2354 beneficii
579 2293 643 2354 loco
658 2299 752 2354 erant.
772 2296 875 2370 Nune,
898 2300 931 2352 ut
944 2299 1025 2354 reate
1038 2291 1245 2354 animadvertit
1263 2293 1410 2355 Benediat.
1426 2291 1493 2352 xlv

429 2374 499 2438 dra
521 2371 591 2436 uod.
613 2373 727 2436 diceas.
753 2371 805 2436 tit.
833 2377 869 2438 ll
887 2393 955 2457 cap.
972 2375 992 2436 2
1009 2393 1093 2436 eum.
1111 2375 1130 2436 8
1145 2382 1173 2434 et
1190 2373 1247 2456 a'eq:
1273 2394 1341 2438 arm
1364 2374 1495 2436 imumta

429 2458 489 2517 siut
541 2455 645 2517 nebda
666 2456 826 2534 simplicia,
841 2475 968 2536 quorum
988 2463 1116 2518 raderes
1140 2455 1308 2518 residentia
1328 2475 1415 2520 onere
1437 2473 1496 2516 uon

428 2539 674 2621 obstringuntur,
697 2557 765 2600 cum
792 2539 864 2600 imur
883 2538 1057 2618 patrimonia
1072 2537 1267 2600 ordinationis
1292 2539 1410 2601 titulum
1422 2555 1496 2616 pro·

430 2621 537 2698 beant,
558 2640 618 2682 non
639 2639 674 2682 ea
691 2627 787 2700 potest
809 2621 932 2682 retineri
945 2620 1107 2701 generatim
1120 2619 1365 2683 Chalcedonensis
1385 2619 1496 2684 aoncilii

431 2704 494 2782 lex,
509 2711 543 2764 ut
556 2703 666 2765 scilicet
679 2703 790 2764 nullius
801 2703 947 2765 ordinatio
961 2703 1119 2774 habeatur,
1138 2703 1194 2764 nisi
1208 2704 1393 2783 mancipetur
1415 2710 1497 2764 certa

431 2785 554 2864 alicujus
567 2787 693 2847 cadesim
716 2785 896 2864 ministeria,
912 2785 992 2864 quod
1010 2785 1072 2865 ipse
1087 2785 1223 2848 deserere
1236 2803 1382 2864 nusquam
1399 2783 1496 2865 possit.

432 2871 544 2928 Verum
562 2886 642 2929 nunc
661 2867 750 2928 ctiam
768 2885 803 2928 eo
824 2868 893 2948 iure
905 2867 1031 2944 utimur,
1050 2874 1084 2929 ut
1100 2885 1203 2930 omnes
1216 2868 1313 2928 almiri
1335 2869 1368 2930 in
1388 2867 1499 2929 ordina·

432 2949 513 3008 tione
533 2957 621 3010 certe
636 2949 764 3011 cadesim
780 2949 1000 3026 adscribentur,
1019 2948 1099 3028 qnod
1112 2949 1232 3029 quidam
1241 2949 1291 3028 jus
1308 2959 1353 3012 est
1365 2949 1500 3012 consutu-

432 3039 496 3090 tum
515 3049 532 3088 a
550 3032 671 3092 concilio
688 3030 861 3094 Tridentino
881 3049 953 3095 sess.
970 3033 1010 3093 25
1024 3033 1091 3115 ¹cop.
1116 3035 1154 3094 lli
1176 3029 1213 3093 de
1233 3029 1379 3114 reform„
1397 3032 1435 3093 ab
1455 3034 1500 3092 ln·

433 3111 567 3172 nocentia
592 3115 661 3174 lllll
683 3112 846 3176 coustituit.
872 3110 1032 3198 spatulas·
1051 3113 1214 3176 ministerii
1238 3117 1277 3177 ot
1300 3113 1327 3195 S.
1353 3110 1497 3176 dbullnr.

433 3195 560 3256 uonna
586 3191 643 3256 ult.
658 3191 729 3256 edit.
753 3202 824 3257 tom.
841 3199 876 3258 ll
956 3197 1056 3274 utu,
1077 3217 1094 3257 a
1115 3197 1270 3259 Benedicta
1289 3199 1360 3258 xltl
1377 3194 1499 3259 constit.

433 3279 621 3358 1666666666
643 3272 802 3340 militumb
823 3280 859 3340 ot
902 3323 910 3338 .
938 3275 1025 3340 2666.
1042 3278 1093 3340 rit.
1113 3297 1185 3364 pag.
1205 3281 1280 3351 666,
1305 3287 1336 3339 et
1349 3279 1384 3340 ie
1400 3273 1500 3339 mucii.

435 3360 565 3420 Rouana.
583 3359 628 3419 ta't.
651 3361 670 3419 6
688 3379 754 3443 rap.
775 3358 845 3423 666
862 3368 944 3422 aetat.
958 3369 988 3421 et
1000 3358 1108 3444 quaid.
1125 3357 1307 3443 proficienti.
1326 3363 1427 3440 Atque
1444 3359 1505 3420 baec

435 3438 591 3518 adscriptio
614 3459 673 3502 non
691 3460 725 3503 ea
741 3441 863 3520 quidem
885 3443 1103 3518 omnia‘allicit,
1130 3461 1196 3520 quae
1210 3463 1227 3504 a
1242 3443 1366 3504 concdio
1382 3442 1507 3504 Chalca-

430 3521 574 3598 donensi,
592 3524 771 3602 vetustisque
783 3524 943 3586 canonibus
959 3526 1066 3586 sancita
1078 3533 1178 3601 mant,
1204 3525 1256 3586 sed
1268 3533 1367 3586 tamen
1382 3525 1507 3586 alericus

432 3604 545 3666 servire
568 3603 656 3665 debet
669 3607 813 3684 cadesim,
837 3607 885 3666 cui
902 3607 934 3666 in
954 3605 1137 3668 ordinatione
1160 3605 1323 3686 adscriptus
1346 3615 1410 3684 est,
1431 3625 1509 3685 prac-

434 3686 537 3746 sertim
550 3687 575 3746 si
588 3703 622 3746 ea
635 3688 808 3766 parochialis
820 3688 869 3750 sit.
889 3691 964 3752 Nam
977 3689 1098 3749 clericus
1115 3697 1261 3768 susceptus
1280 3689 1404 3750 ordines
1429 3689 1461 3748 in
1476 3705 1507 3745 ea

435 3769 523 3830 debet
545 3786 696 3846 exercere,
712 3779 777 3830 tum
796 3788 878 3830 suam
896 3771 1022 3849 parocho
1039 3789 1159 3850 operam
1178 3771 1324 3850 praebere,
1348 3789 1422 3832 aum
1438 3788 1511 3850 pue·

434 3869 484 3912 ros
507 3869 570 3912 rem
596 3851 783 3914 christianam
804 3851 903 3931 donet,
933 3871 1001 3914 cum
1027 3853 1116 3914 sacris
1142 3853 1172 3914 in
1192 3853 1309 3914 ecclesia
1330 3851 1509 3914 muneribus

434 3933 585 4013 iungitur,
607 3953 675 3995 cum
697 3933 735 3994 ad
757 3943 881 4014 aegrotos
906 3934 1000 3996 defert
1016 3935 1230 3996 sanctissimum
1251 3933 1451 3996 liuabaristim
1464 3952 1510 3994 sa-

436 4026 627 4078 cramentum.
655 4015 757 4078 Omnis
779 4017 915 4092 clericus,
943 4018 994 4095 qui
1015 4035 1075 4077 non
1099 4017 1161 4078 bec
1184 4034 1246 4078 sesa
1267 4017 1445 4094 prestitisse
1458 4015 1510 4076 de-

435 4101 651 4180 monstraverit,
664 4117 723 4160 non
737 4107 780 4160 eat
793 4098 830 4160 ad
840 4099 1004 4178 superiores
1014 4099 1132 4159 ordines
1147 4098 1356 4160 traducendus.
