3134 5144
574 472 796 542 -907-

184 619 217 720 ς.
265 619 355 690 LIX.
400 619 579 716 Praeeipuae
605 623 836 692 canonicorum
875 637 982 718 partas
1015 639 1094 694 suut
1125 625 1219 699 altari

133 745 171 789 ac
200 717 315 788 divino
335 717 438 788 cultui
461 719 637 808 inservire,
669 734 704 788 et
731 721 766 790 iu
794 718 925 790 ecclesia
945 719 1079 791 alteruis
1109 722 1215 796 choris

133 815 289 886 divinum
307 815 453 887 officium
480 839 615 906 cauere,
643 813 754 912 quod,
789 831 827 886 ιιι
853 818 960 912 inquit
975 817 1121 916 synodus
1138 821 1218 890 Tri·

134 913 278 984 dentina
309 913 386 1010 (i),
415 913 519 984 iacere
535 937 594 1008 per
617 937 652 984 se
677 915 763 1009 ipsos
783 911 926 1000 debent,
953 939 1022 985 non
1036 941 1106 1014 per
1130 919 1217 989 steb-

132 1015 292 1083 satum.
327 1009 389 1082 Cui
423 1009 553 1082 muneri
585 1025 623 1080 ut
653 1009 869 1096 satisfaciant,
907 1009 1030 1084 debent
1069 1017 1217 1086 canonici

133 1109 171 1177 in
205 1111 272 1178 suis
300 1107 440 1179 ecclesiis
465 1110 651 1194 immorari,
679 1107 737 1180 aed
763 1124 875 1181 tumen
902 1111 939 1180 iis
967 1135 1100 1208 qnoque
1127 1137 1215 1184 auno

135 1205 240 1275 datur
265 1208 408 1303 spatium
440 1208 538 1276 trium
563 1207 748 1296 meusium,
782 1232 850 1302 quo
871 1207 980 1278 abesse
1003 1225 1139 1304 possunt
1176 1209 1217 1279 ab

133 1301 282 1414 ecciesiis
312 1305 376 1416 suis
402 1301 469 1398 (9).
503 1301 596 1372 Ultra
622 1318 687 1372 tres
727 1328 854 1374 menses
890 1305 1000 1376 abesse
1025 1321 1216 1418 nequeunt,

137 1415 424 1569 &iiiiii
441 1399 766 1585 tibitibi
792 1417 1039 1595 &inibit
1061 1401 1219 1570 Titii!

138 1596 216 1664 turi
246 1619 373 1690 operam
402 1597 438 1664 in
465 1594 573 1690 aliquo
602 1593 742 1692 probato
768 1597 938 1692 gymnasio
969 1619 1067 1666 sacrae
1096 1593 1220 1668 theolo-

141 1693 233 1784 gisb,
267 1695 392 1766 sacrisve
423 1681 603 1764 canonibus
631 1689 697 1788 (4).
733 1693 781 1762 Ex
809 1694 908 1791 justis
936 1693 1039 1764 causis
1072 1691 1218 1764 absentes

141 1786 333 1882 praebendae
360 1789 415 1886 (5)
439 1788 563 1862 fructus
578 1791 785 1887 percipiunt,
811 1814 881 1862 nou
901 1791 981 1860 item
1007 1787 1217 1884 quotidianas

137 1884 407 1976 distributiones,
425 1911 500 1984 quas
522 1901 654 1958 tuntum
668 1890 705 1958 in
725 1887 825 1960 choro
850 1886 1068 1984 proescutibus
1092 1911 1218 1958 accres-

140 2001 229 2056 cunt
241 1984 308 2081 (6).

183 2241 228 2324 (i)
250 2245 359 2306 Coucss.
375 2245 542 2308 tridentin.
562 2264 634 2310 sess.
653 2247 692 2306 24
706 2263 773 2326 cop.
792 2246 830 2306 ii
849 2243 885 2306 de
898 2241 1054 2326 resumant.
1074 2246 1149 2306 Satis
1166 2264 1219 2306 au·

135 2335 204 2386 tem
226 2341 286 2384 nou
310 2334 371 2398 est,
395 2327 474 2406 quod
491 2329 621 2389 canonici
646 2327 736 2387 choro
756 2327 909 2398 intersint,
929 2326 1089 2386 sedetiam
1110 2325 1220 2386 debent

135 2407 219 2468 eiata
234 2423 305 2466 voce
317 2407 446 2469 officium
461 2427 581 2484 canem,
598 2407 772 2472 Benedictus
782 2411 851 2470 XIV
860 2407 893 2468 in
903 2407 1053 2470 constitut.
1068 2409 1126 2468 103
1139 2405 1164 2489 g.
1180 2410 1219 2468 ut

134 2507 215 2570 paq.
236 2489 296 2548 226
312 2496 383 2550 tom·
401 2493 414 2551 i
433 2489 498 2570 cius
511 2489 634 2552 Builur.
648 2499 677 2550 et
690 2490 808 2558 ιααιιιι.
822 2487 978 2550 Praeclara
990 2487 1098 2550 decoro
1110 2487 1136 2570 ἓ.
1154 2492 1173 2550 6
1187 2490 1220 2552 iu

135 2566 295 2651 meppiam.
309 2589 393 2630 uum.
417 2574 437 2631 i
453 2579 523 2632 tom.
539 2575 641 2654 ipae.
659 2574 729 2634 555.

184 2651 229 2730 (2)
252 2652 413 2712 Concilium
434 2654 643 2715 'tridentinum
667 2651 722 2715 loc.
750 2653 800 2714 cit.
829 2651 887 2713 sed
912 2651 968 2711 hoc
991 2649 1134 2710 beneficio
1161 2651 1220 2712 frui

135 2739 299 2810 nequeunt
319 2735 465 2809 canonici,
485 2735 536 2812 qni
555 2735 674 2795 alteruis
692 2743 807 2796 tantum
822 2731 1056 2794 bebdomadibus
1069 2729 1160 2790 choro
1174 2732 1222 2792 iu-

135 2821 275 2874 tersunt.
296 2813 372 2874 Vide
395 2815 547 2876 Giralduua
566 2816 692 2897 exposit.
714 2820 786 2878 lar.
815 2811 956 2895 Pontific.
976 2831 1046 2893 pur.
1069 2813 1088 2872 i
1112 2815 1220 2874 tom.5

132 2913 234 3055 ⁹75)
257 2977 329 3056 Cup.
346 2977 364 3036 7
378 2984 406 3036 ιι
420 2979 458 3038 ib
475 2974 510 3038 dc
532 2973 636 3038 cto-ic.
653 2995 715 3040 noo
731 2975 822 3040 resid.
836 2973 922 3052 Quod
943 2982 1042 3036 tamen
1057 2975 1134 3036 iutra
1149 2973 1222 3039 duos

136 3065 265 3118 tautum
279 3059 429 3118 canonicos
447 3057 645 3119 cohibendum
660 3079 721 3120 esse
735 3067 846 3120 constat
861 3076 896 3118 ex
911 3055 962 3117 ιιί.
978 3075 1045 3138 cop.
1066 3059 1119 3132 to,
1144 3067 1221 3120 etex

139 3137 277 3284 ἓαῷιῖιίι.
293 3137 417 3220 Εαρααί
434 3135 518 3200 uobis
533 3141 604 3202 286.
619 3141 729 3203 Urbani
745 3143 813 3206 vlit
827 3157 899 3222 paq.
917 3139 976 3199 tit
998 3146 1067 3198 tom.
1086 3140 1185 3220 opor.
1203 3145 1217 3202 t

226 3238 275 3279 or.

188 3299 233 3379 (i)
258 3303 330 3382 Cup.
358 3302 398 3362 ii
418 3300 454 3364 de
480 3299 587 3364 Cieric.
613 3320 675 3364 nou
698 3299 807 3376 resid,
827 3317 896 3381 cup.
916 3297 972 3362 ult.
993 3297 1028 3362 dc
1047 3301 1220 3382 Macistria,

138 3377 254 3446 concil.
271 3379 439 3444 Tridentis.
460 3401 531 3446 ecus.
550 3387 652 3466 bcop.
671 3385 685 3446 i
704 3383 740 3446 de
753 3379 876 3464 reform.
893 3384 927 3444 iu
940 3400 966 3442 ι.
983 3383 1023 3442 ii
1037 3380 1073 3444 de
1088 3379 1220 3444 Praebeo.

139 3464 266 3526 nulium
284 3462 425 3526 definitur
441 3473 572 3546 tempus,
595 3483 653 3544 qno
669 3465 801 3526 canonici
821 3461 921 3524 abesoe
941 3471 1063 3542 possunt
1080 3463 1117 3524 ab
1131 3463 1224 3524 ecele-

140 3545 200 3608 siis
222 3545 284 3606 suis
310 3545 340 3608 iu
364 3546 461 3626 aliquo
487 3547 607 3627 probato
634 3547 802 3628 gymnasio,
827 3553 862 3605 ut
886 3543 957 3604 dent
981 3563 1099 3686 osorum
1136 3563 1224 3605 sacras

139 3627 319 3708 theologiae,
344 3631 469 3689 sociisve
490 3627 665 3704 canonibus,
690 3645 793 3690 verum
815 3627 847 3686 iu
864 3643 930 3707 cap.
954 3627 972 3686 ii

141 3711 277 3790 spatium
296 3709 427 3788 quinque
445 3727 589 3771 annorum
604 3708 666 3787 ejus
687 3711 731 3770 rei
745 3709 837 3790 gratia
855 3707 1035 3768 conceditur.
1060 3707 1137 3768 iilud
1159 3723 1224 3766 mo·

140 3792 281 3854 nendum
306 3799 366 3865 est,
389 3791 549 3870 quodcum
575 3791 683 3872 integri
704 3790 888 3852 canonicatus
906 3790 1017 3849 iunctus
1038 3787 1224 3847 distributio-

141 3871 237 3934 nibus
252 3879 401 3948 constaut,
415 3873 462 3932 vel
487 3872 605 3932 tertiam
630 3891 733 3933 aarum
747 3879 871 3952 ¹partem
890 3887 949 3930 nou
970 3869 1133 3947 attingunt,
1154 3875 1225 3927 tunc

139 3954 301 4030 absentas,
313 3953 374 4013 sive
397 3961 429 4012 ut
450 3953 587 4029 doceant,
603 3954 664 4015 sive
683 3961 716 4015 ut
733 3951 884 4012 addiscant
899 3967 1010 4011 sacrem
1024 3947 1223 4028 theologiam,

142 4053 283 4098 sau-om
303 4051 443 4112 canones,
462 4033 534 4096 duas
557 4035 659 4096 tertias
680 4041 898 4112 consequuntur
918 4038 1015 4110 partes
1032 4027 1175 4091 coniectas
1188 4046 1224 4090 cx

1012 3645 1027 3686 ι
1048 3625 1221 3706 Muyistris,
