3122 5178
557 415 751 538 -oass-
839 453 841 456 ·

117 616 229 688 lorum
250 630 440 712 temporum
462 614 716 710 caligine-nemo
738 631 840 706 esset,
860 618 924 714 'qui
950 619 1187 715 suspicaretur,

118 715 171 785 vel
200 717 309 812 potins
343 711 541 808 intelligeret
574 712 651 784 salsa
683 740 750 786 esse
780 731 992 786 monumenta
998 767 1012 802 ‚
1047 741 1121 814 que
1153 720 1188 791 in

119 839 157 884 ee
179 811 341 909 descripta
367 811 516 882 fuerant(
540 811 670 882 Primus
695 813 887 884 Hincmarus
911 813 1100 906 Remensis,
1129 818 1188 913 qui
1312 848 1315 858 ¹

120 936 194 984 eam
229 926 324 982 antea
381 909 567 997 roborarat,
598 935 675 980 curn
713 910 773 980 sibi
811 910 1002 982 adversarias
1050 915 1188 984 maxime

121 1025 273 1080 nosceret
299 1009 340 1079 lsi
364 1010 490 1078 orionas
522 1005 708 1098 decretales,
741 1011 777 1080 in
804 1035 898 1097 causa
922 1035 1020 1108 quarn
1050 1009 1189 1082 babebat

119 1131 201 1178 cum
230 1107 406 1178 Hincmaro
434 1104 663 1197 laudunensi,
693 1121 745 1178 eas
773 1109 871 1204 coepit
898 1133 1068 1205 respuere,
1099 1107 1189 1206 quud

120 1210 164 1276 in
189 1203 313 1277 Codice
333 1228 512 1276 cononum
532 1228 599 1274 non
622 1203 867 1301 reperiebantur
884 1205 950 1304 (l).
972 1205 1094 1277 Eadem
1112 1232 1190 1304 quc

120 1327 189 1399 que
217 1302 260 1372 de
291 1327 384 1373 causa
420 1303 549 1400 rejectae
581 1317 658 1372 sunt
694 1302 734 1374 ab
760 1305 915 1402 episcopis
952 1303 1123 1376 Gallicanis
1154 1331 1189 1374 rn

119 1425 218 1470 causa
244 1398 385 1472 Rbotudi
424 1403 565 1496 episcopi
598 1397 853 1492 suessionensis,
890 1403 948 1498 qui
988 1403 1023 1472 in
1063 1401 1190 1500 synodo

120 1498 316 1594 provinciali
344 1496 509 1595 depositus
536 1496 576 1568 ad
604 1497 716 1570 sedem
748 1498 965 1595 Apostolicam
993 1523 1190 1595 provocare·

121 1611 193 1666 rat.

168 1789 215 1871 (ί)
235 1792 401 1854 flinernarus
416 1793 504 1874 epist.
520 1790 561 1854 cd
577 1792 696 1856 Hiccm.
717 1791 913 1871 laudunen„
930 1799 999 1854 tom.
1016 1794 1114 1876 iper.
1132 1795 1191 1857 trs

123 1883 156 1936 et
171 1893 255 1958 seq„
274 1873 340 1935 edit.
361 1875 463 1937 Poris.
483 1877 574 1936 ibid.
596 1877 684 1938 Recte
701 1885 800 1936 tamen
814 1876 965 1954 respondit
979 1876 1040 1955 ipse
1058 1877 1191 1940 Nicoluns

121 1955 212 2038 epact.
228 1957 283 2033 li,
299 1955 340 2018 cd
355 1957 456 2038 Episc.
481 1954 559 2020 Gall.
578 1955 611 2018 in
630 1961 718 2039 oper.
734 1957 894 2020 Hincmcri
909 1960 1060 2036 lienteria„
1085 1965 1155 2020 tom.
1172 1961 1190 2020 2

121 2057 196 2122 ρος.
211 2039 271 2100 ⁶2⁷
280 2084 289 2115 ‚
313 2057 372 2100 non
387 2039 455 2100 ideo
469 2039 668 2118 despiciendas
685 2059 746 2100 osse
761 2039 935 2116 decretales,
950 2039 1028 2118 quod
1044 2041 1075 2100 in
1092 2040 1191 2102 codice

123 2139 267 2182 mnunum
280 2121 433 2200 descripte
444 2139 503 2182 non
518 2130 630 2198 essent,
649 2123 787 2200 quoniam
808 2141 908 2183 earnm
920 2123 1074 2183 auctoritas
1085 2141 1143 2183 non
1155 2142 1192 2186 ex

124 2202 228 2264 cadem
240 2203 356 2280 codiee,
375 2203 427 2263 sed
443 2222 478 2264 cx
492 2203 661 2264 earumdem
675 2203 859 2280 auctoribus,
871 2204 922 2282 qui
936 2203 1090 2265 Pontifices
1102 2204 1191 2266 inissa

125 2285 337 2360 credebantur,
356 2293 420 2345 crat
437 2285 609 2364 repetenda,
629 2285 708 2364 quod
725 2281 812 2347 etiam
827 2285 1033 2347 animadvertit
1052 2285 1193 2365 Fleuryus

123 2385 195 2448 por.
211 2370 225 2428 l
242 2385 306 2448 cop.
323 2369 436 2428 inum.
451 2369 481 2442 8,
496 2366 530 2428 de
540 2367 647 2450 oripin.
654 2367 723 2450 jur.
737 2365 834 2429 eccles.
848 2372 943 2445 Quare
953 2367 1071 2430 Wenilo
1085 2368 1193 2428 arcbic·

123 2449 259 2528 p’mopus
275 2449 450 2510 Serronensis
467 2468 534 2510 curn
552 2449 675 2526 litteris,
693 2469 758 2528 quta
773 2450 835 2530 ejus
849 2450 968 2510 nornine
981 2449 1056 2510 dates
1070 2457 1138 2510 sunt
1155 2449 1192 2510 ad

124 2531 288 2606 Nicolaum,
300 2531 380 2610 apud
391 2529 537 2592 labbeum
551 2527 665 2592 collect.
681 2529 795 2609 concil,
810 2541 880 2594 torn.
892 2533 911 2592 9
924 2529 978 2592 col.
991 2533 1082 2607 1550,
1094 2541 1193 2613 ageret

125 2613 162 2674 de
174 2613 357 2674 observanda
370 2613 491 2692 epistola
506 2613 690 2691 melchiadis,
714 2613 745 2674 id
759 2623 873 2676 tantum
887 2613 1078 2693 quaerendum
1092 2613 1191 2690 duxit,

125 2713 199 2838 ppdpn
216 2713 249 2790 ca
267 2695 511 2837 apudusutrnmum
527 2694 713 2774 Pontificem,
729 2695 785 2757 hoc
807 2698 898 2756 estin
919 2696 1036 2756 archivo
1057 2701 1194 2758 Romane

184 2795 253 2838 enae
262 2795 392 2856 reperire
407 2796 454 2838 ur.

174 2953 209 3058 ς.
235 2955 371 3030 vatt.
394 2956 504 3034 Serius
515 2957 629 3030 Romae
644 2959 720 3030 haec
735 2957 882 3030 collectio
904 2957 1081 3028 innotuisse
1102 2956 1194 3030 ride-

128 3071 206 3142 tur3
236 3071 272 3127 et
300 3055 368 3128 Leo
399 3054 467 3146 lv,
501 3059 558 3153 qui
597 3055 828 3128 Pontificatum
859 3055 1001 3128 obtinuit
1036 3055 1078 3124 ab
1109 3081 1194 3129 annu

132 3152 328 3250 satusque
355 3153 398 3224 ad
420 3179 544 3224 annum
572 3153 664 3245 855,
682 3181 768 3226 cum
802 3152 1014 3252 responderet
1039 3155 1195 3252 episcopis

132 3249 309 3323 Britanniae
325 3251 399 3350 (l),
434 3251 607 3323 decretales
639 3269 799 3324 memorat
828 3278 940 3324 eorunr
972 3249 1192 3342 Pontificum,

133 3349 250 3445 quibus
287 3364 368 3422 tunc
397 3352 437 3424 in
472 3349 686 3422 ecclesiasticis
716 3349 847 3448 judiciis
888 3349 1034 3422 Romana
1065 3349 1195 3421 ecclesia

133 3447 302 3538 utebatur,
332 3448 389 3520 sed
421 3447 547 3519 nullam
587 3463 696 3520 tamen
725 3449 802 3520 facit
841 3449 1042 3520 mentionem
1081 3447 1195 3520 decre-

136 3545 267 3636 talium,
300 3573 381 3644 quas
417 3545 559 3618 Isidorus
598 3547 793 3645 collegerat,
825 3545 902 3618 licet
933 3544 1049 3616 harum
1082 3545 1195 3618 multae

135 3642 174 3712 stl
200 3643 270 3718 bnac
288 3644 413 3742 judicia
440 3646 638 3742 pertineant.
664 3645 734 3716 lmo
764 3670 871 3742 neque
901 3642 1051 3716 Nicolaua
1075 3643 1109 3732 I,
1138 3647 1195 3741 qui

134 3757 207 3836 pust
229 3741 374 3814 Leonem
402 3740 636 3814 Pontificatum
671 3743 831 3832 obtinuit,
864 3741 1006 3812 laudarit
1038 3767 1194 3836 umquam

133 3853 190 3910 aut
222 3841 413 3938 approbarit
448 3839 540 3910 salsas
575 3839 769 3931 decretales,
806 3865 882 3938 quae
918 3839 1032 3911 Isidori
1075 3837 1194 3910 collec-

132 3938 219 4010 tione
252 3942 465 4010 continentur
493 3937 559 4034 (Ξ).
602 3937 701 4026 Quod
740 3938 791 4010 vel
828 3963 930 4008 unum
964 3949 1194 4032 argumentum

133 4034 227 4130 plane
250 4035 371 4110 refellit
391 4035 587 4108 calumniam
607 4044 744 4127 eorum,
773 4038 830 4134 qui
855 4034 976 4133 aliquas
999 4037 1035 4104 in
1061 4058 1096 4104 ea
1123 4031 1195 4103 col·
