3142 5188
553 453 602 468 -
628 408 700 482 589
726 453 776 468 -

177 557 209 660 ς.
248 559 294 631 11.
332 559 490 655 Religiosa
523 561 650 662 jejunia
688 561 775 660 apud
806 561 995 634 christianos
1030 562 1104 660 (i),
1142 563 1202 635 ah'a

125 659 269 754 genersfi
300 657 443 731 ecelesia
481 659 553 756 lege
590 674 666 732 sunt
691 663 910 750 *constituta,
948 677 1047 760 atque
1089 687 1203 734 omnes

126 757 361 854 obstringunt,
391 773 540 856 statuque
567 773 716 858 tempore
758 760 934 856 quotannis
963 757 1122 849 redeunt,
1166 777 1203 830 ut

121 857 289 954 jejunium
327 855 601 954 quadragesim,
642 871 784 954 quatuor
829 871 1035 953 temporum,
1075 857 1204 958 vigilia·

127 979 203 1026 runa
216 983 233 1042 ς·
249 971 283 1026 et
303 954 363 1026 alia
395 971 498 1028 certos
526 971 657 1028 tantum
686 955 834 1028 homines
872 957 1059 1050 attingunt,
1094 955 1210 1054 qualia·

126 1067 206 1124 sunt
227 1055 371 1151 jejunia,
396 1077 470 1150 quas
510 1053 745 1151 paenitentibus
762 1055 998 1150 imponuntur,
1024 1079 1098 1150 qum
1129 1079 1204 1126 sus-

127 1151 297 1247 cipiuntur
318 1177 358 1223 ex
379 1167 473 1242 roto,
510 1177 586 1250 quae
612 1151 654 1222 ab
683 1153 769 1250 apiae
861 1152 897 1220 in
921 1149 1068 1242 dioeoesi,
1121 1177 1204 1250 rop-

127 1263 180 1318 ter
230 1247 481 1321 sollicitudinem
523 1275 702 1350 curamque
741 1175 1002 1339 εωοῗῖιίιιιίοιιιι,
1045 1179 1203 1322 indbun·

127 1361 184 1417 tur
202 1345 269 1444 (2).
295 1347 385 1419 lnter
410 1363 491 1419 stata
516 1363 552 1419 et
578 1347 733 1421 solemnia
760 1349 887 1447 jejunia
913 1350 1052 1418 maxime
1074 1375 1203 1420 sacrum

126 1460 177 1516 est
198 1447 364 1545 jejunium
397 1463 474 1518 ante
503 1445 645 1536 Pascha,
671 1443 760 1544 quod
801 1443 1057 1540 Quadragesima
1085 1445 1202 1543 appel-

124 1543 235 1632 latur,
276 1559 309 1614 et
354 1543 444 1642 quod
472 1543 548 1616 licet
576 1571 594 1616 a
626 1543 755 1616 Christo
821 1560 1001 1641 raeceptum
1039 1541 1199 1615 affirmari

125 1663 194 1712 non
231 1645 330 1740 possit
360 1641 435 1738 (5),
469 1659 579 1714 tamen
613 1643 654 1712 ab
681 1569 855 1740 apostoiica
886 1639 1062 1712 traditione
1109 1665 1200 1806 refe·

125 1737 265 1812 tendum
294 1755 343 1812 est
375 1739 443 1836 (4).
473 1741 544 1813 Hoc
561 1741 726 1840 jejunium
764 1765 853 1812 nunc
881 1739 1108 1837 complectitur
1157 1741 1202 1810 ies

126 1837 340 1935 quadraginta
366 1855 465 1937 atque
489 1841 559 1938 ejus
579 1841 711 1922 initium
740 1839 781 1910 fit
818 1865 836 1908 a
866 1837 920 1909 die
947 1841 1095 1909 cinerum
1123 1837 1200 1934 (5);

125 1935 206 2006 olim
246 1937 417 2009 constabat
466 1963 520 2008 sex
575 1936 857 2026 hebdomadibus,
896 1936 958 2008 hoe
995 1951 1044 2006 est
1086 1933 1203 2006 diebus

125 2035 260 2130 triginta
288 2061 342 2106 sex
373 2037 449 2133 (6);
486 2061 562 2106 nam
593 2033 646 2108 die
679 2035 844 2107 dominico
872 2034 1037 2106 christiani
1070 2031 1112 2104 de
1144 2057 1205 2104 ro-

124 2135 188 2202 tari
215 2159 307 2205 more
334 2136 370 2205 in
414 2137 605 2206 nremon'am
642 2133 818 2206 dominicae
856 2133 1100 2204 resurrectionis
1132 2155 1201 2202 non

124 2231 335 2330 jejunabant.

168 2377 211 2460 (t)
225 2379 386 2441 Cairiniani
418 2389 506 2460 atque
524 2382 555 2442 in
577 2381 682 2462 primis
701 2384 747 2444 Jo.
770 2379 896 2441 Dallaeus
920 2374 971 2438 bb.
995 2373 1152 2459 derlejun.
1174 2384 1202 2438 et

129 2458 302 2544 Qundrnq„
328 2463 510 2524 contendunt
534 2463 572 2524 de
597 2463 688 2524 veteri
708 2462 838 2524 eoelesioe
856 2479 938 2522 more
955 2457 1135 2520 *christianos
1150 2477 1203 2538 pro

129 2542 252 2604 arbitrio
265 2562 336 2614 suo,
361 2563 421 2605 non
434 2553 531 2606 autem
545 2563 581 2606 ex
599 2545 784 2617 necessitate,
797 2543 909 2624 jejunia
928 2541 1106 2604 observasse.
1131 2542 1210 2602 Hinc

128 2625 213 2704 ajunt
223 2625 402 2704 jejuniorum
417 2627 620 2708 disciplinam,
636 2647 702 2707 quaa
722 2627 890 2688 acatholica
915 2623 1034 2685 eeclesia
1047 2623 1203 2684 constituta

129 2717 185 2784 est,
200 2725 259 2768 non
272 2706 372 2770 abesse
384 2729 401 2770 a
415 2711 559 2771 sententia
573 2717 833 2786 montanistarum
849 2707 987 2786 quoniam
1002 2713 1035 2765 ut
1048 2703 1095 2764 his
1107 2713 1202 2779 erant,

127 2791 169 2850 ita
194 2787 343 2851 catholica
357 2792 484 2852 ecclesiae
501 2799 656 2855 suntstata
676 2791 803 2872 jejunia,
827 2808 894 2870 qum
917 2807 953 2848 ex
968 2787 1137 2847 necessitate
1149 2786 1205 2847 ob-

126 2871 235 2933 servari
251 2872 386 2934 debeant.
400 2873 457 2937 Sed
470 2874 582 2953 putidae
594 2873 644 2936 hm
662 2874 816 2935 calumnias
835 2879 920 2949 sunt,
933 2887 1005 2950 quas
1027 2868 1096 2928 satis
1120 2869 1202 2930 retu-

127 2961 229 3016 tnrunt
239 2953 389 3024 catholici,
415 2973 488 3034 quos
504 2957 583 3017 inter
595 2955 742 3018 ridendus
766 2963 810 3016 est
831 2957 898 3017 Nat.
915 2952 998 3014 atax.
1014 2947 1084 3012 bist.
1099 2948 1199 3012 eccles.

125 3053 193 3100 eoee.
211 3037 231 3097 2
252 3034 358 3098 «tuat
388 3044 457 3099 tom.
479 3037 542 3120 ὄρ.
558 3039 694 3122 50teeq.
709 3035 755 3098 ed.
781 3037 854 3098 Vera.
875 3036 966 3097 1776.
993 3035 1068 3096 Sane
1093 3034 1201 3094 vetaris

127 3117 254 3180 ecciesiae
272 3117 382 3198 jejunia
396 3138 456 3180 non
470 3138 506 3180 ex
532 3119 685 3181 hominurn
709 3119 859 3180 voluntate
883 3125 913 3178 ot
933 3115 1074 3191 armatu,
1090 3114 1142 3176 sed
1167 3133 1203 3176 ex

128 3200 201 3282 legis
213 3202 384 3262 necessitate
404 3199 555 3262 christiani
569 3201 779 3275 observarunt3
796 3209 826 3260 et
837 3200 1079 3260 montanistarum
1090 3195 1202 3276 jejunia

128 3281 247 3344 ecclesia
261 3283 363 3362 rejecit
377 3291 464 3362 atqua
478 3283 642 3356 damnavit,
655 3281 735 3362 quod
748 3301 780 3344 ca
794 3283 837 3342 illi
848 3283 990 3342 ducerent
1013 3298 1048 3340 ex
1062 3278 1202 3359 figmento

127 3381 270 3426 novarum
291 3365 521 3442 revelationum,
534 3383 606 3444 quas
627 3383 688 3426 sea
712 3364 860 3426 Paraetao
882 3365 1037 3426 Montanus
1061 3362 1203 3440 accepisse

125 3445 263 3527 jactabat.
292 3449 351 3528 ligr
388 3449 415 3508 ie
425 3447 514 3508 etiam
525 3447 563 3508 de
576 3446 784 3508 catholicorum
804 3445 923 3526 jejuniis
936 3451 1036 3506 eontra
1048 3442 1205 3504 haereticos

129 3528 288 3590 doctissimi
313 3467 393 3590 cedd.
420 3533 544 3606 basona,
569 3529 725 3605 Bellum,
746 3533 849 3606 cona,
876 3533 977 3591 cottus
1001 3525 1200 3604 disputarunt.

169 3609 212 3693 (2)
226 3611 302 3674 Vide
327 3615 398 3674 Ben.
424 3615 494 3676 xlv
519 3609 555 3673 da
577 3629 645 3695 syra.
665 3609 749 3673 diue.
776 3608 828 3672 bb.
846 3613 885 3672 ts
909 3628 975 3704 sup.
990 3609 1021 3668 t.
1044 3625 1077 3666 ιι.
1103 3605 1204 3684 b,ubi

128 3693 217 3754 etiam
227 3693 382 3773 quaritur,
398 3713 471 3755 num
484 3695 611 3771 exempti
624 3693 779 3755 observare
793 3691 919 3754 debeant
935 3688 1098 3770 jejunium,
1122 3687 1202 3768 quod

127 3775 312 3856 abepiscopo
331 3784 458 3856 prototo
477 3776 593 3837 dioemsi
606 3775 750 3837 indictum
761 3783 815 3836 est.

168 3857 211 3938 (2)
226 3858 350 3920 Consule
369 3859 443 3921 Lud.
464 3857 616 3921 Thomass.
638 3857 671 3919 in
691 3867 730 3920 tr.
760 3855 796 3918 de
814 3854 919 3938 lejurs.
948 3871 1019 3936 pur.
1041 3853 1055 3912 t
1078 3867 1145 3933 cup.
1167 3852 1198 3910 t.

130 3943 161 4000 S.
180 3939 376 4020 Hieronymus
397 3941 430 4002 ia
443 3937 618 4004 lsaiumla'b.
636 3943 708 4002 tet.
734 3942 836 4021 trop.
858 3941 907 3998 58.
930 3933 985 3997 col.
1015 3935 1090 4010 888,
1118 3941 1148 4029 ιι
1169 3932 1202 3993 in

126 4023 250 4085 Ionam.
268 4041 295 4085 ι.
311 4025 330 4086 ὅ
346 4031 368 4085 ι.
383 4025 402 4086 6
418 4021 474 4086 eut.
486 4023 546 4085 tro
559 4023 608 4087 cit.
629 4021 677 4085 ed.
697 4023 780 4100 Ver„
802 4019 1032 4100 quadragesimae
1053 4016 1199 4097 jeiunrum
