3164 5174
766 527 990 599 -778-

383 680 424 762 (7)
445 678 520 741 Vide
539 682 570 740 S·
593 677 765 758 Gregorium
781 681 822 738 ll.
849 678 938 760 66166.
959 681 993 754 8,
1012 679 1050 739 79
1070 687 1098 740 61
1115 672 1221 737 80161.
1240 676 1254 736 1
1277 671 1333 736 661.
1349 676 1416 737 tae

342 764 460 838 61565,
481 760 566 844 66161.
584 762 636 837 15,
658 762 740 820 7161
763 762 802 820 57
826 757 877 820 lib.
907 764 925 822 7
946 757 999 822 661.
1022 761 1097 836 577,
1121 759 1178 820 587
1201 757 1304 818 61599
1324 775 1374 842 seq
1404 781 1417 834 ,·

342 853 397 906 ete
419 845 467 906 ist.
486 845 524 904 11
539 839 623 903 toa
640 837 695 902 661.
716 841 776 902 691
797 859 865 924 666.
887 850 958 904 tom.
980 845 1015 920 7,
1033 839 1105 903 edit.
1124 837 1227 902 Poris.
1248 839 1344 918 1705,
1362 859 1384 900 6
1407 841 1417 901 1

343 864 434 987 musta
455 923 602 1004 hujusrei
622 923 852 1003 exemplarent.
875 925 995 986 Nullum
1017 941 1087 986 vero
1113 922 1255 984 indicium
1281 929 1310 982 61
1334 921 1418 983 66116

343 1009 507 1088 conjectura
521 1013 580 1082 661,
599 1005 678 1066 unde
692 1006 788 1086 colligi
806 1007 895 1084 possit
910 1010 942 1069 S.
962 1007 1136 1090 Gregorium
1154 1005 1284 1084 primum
1306 1003 1417 1081 161666,

343 1091 395 1169 qui
408 1108 443 1150 eo
452 1088 520 1168 jure
530 1087 573 1149 uti
588 1087 719 1167 coperit.
736 1088 875 1164 Quinimo
889 1091 1029 1169 cumipse
1043 1089 1228 1167 antiquarum
1364 1105 1419 1148 um

343 1171 572 1234 studiosissimus
587 1177 678 1247 esset,
694 1177 774 1231 certe
788 1169 946 1232 dicendum
960 1172 1066 1232 merito
1082 1179 1143 1247 661,
1164 1187 1233 1230 eum
1250 1169 1280 1228 61
1307 1169 1326 1228 'l
1346 1169 1419 1229 nori

344 1254 509 1331 induxisse,
536 1251 587 1313 sed
612 1251 686 1312 illud
708 1259 824 1314 tantum
850 1253 958 1334 egisse,
982 1253 1062 1332 quod
1083 1251 1120 1314 ab
1142 1251 1206 1312 eliis
1226 1249 1420 1312 Pontificibus

344 1335 488 1416 superiori
504 1342 589 1394 aetate
605 1341 701 1394 actum
724 1335 832 1396 luerat.
850 1335 961 1396 Revera
985 1343 1053 1396 ante
1070 1335 1245 1415 0666661616
1262 1333 1303 1394 11.
1326 1335 1420 1393 1666-
1535 1324 1536 1350 ¹

345 1419 457 1478 centius
471 1420 483 1478 l
501 1435 577 1477 anno
594 1416 709 1476 circiter
722 1418 801 1492 116,
817 1416 855 1476 ab
876 1418 1009 1497 episcopo
1023 1417 1185 1481 Naissitano
1204 1414 1320 1475 restitui
1330 1415 1421 1493 Jussit
1536 1460 1537 1470 ,

345 1499 530 1578 presbyteros
557 1501 726 1576 61166666,
754 1505 910 1578 antequam
938 1499 1143 1574 damnaretur,
1173 1495 1337 1573 ordinatos,
1365 1497 1419 1574 qui

346 1583 515 1644 Naissitanm
527 1579 683 1641 dioeeeseos
692 1581 825 1641 ecclesias
838 1581 1081 1643 administrabant
1094 1581 1180 1664 66161.
1198 1581 1237 1640 10
1250 1577 1329 1658 apud
1343 1580 1420 1640 Ceu·

346 1664 485 1724 61661166
501 1659 556 1724 661.
577 1663 633 1722 871
654 1681 714 1746 666.
735 1663 907 1724 Goelcstinus
926 1683 996 1725 666.
1015 1666 1116 1726 1506
1170 1670 1196 1722 16
1216 1659 1296 1723 666116
1321 1662 1422 1753 1666-
1538 1733 1539 1740 ,

346 1742 409 1808 licre
429 1743 637 1806 auctoritatem
655 1745 783 1806 sanxisse
796 1745 917 1818 scribit,
931 1753 965 1806 61
983 1746 1078 1808 elerici
1119 1764 1136 1806 6
1151 1744 1295 1824 dignitate
1313 1741 1420 1820 dejecti

345 1827 442 1888 locum
466 1843 551 1886 suum
576 1843 749 1904 recuperare
773 1825 915 1888 deberent
928 1828 1014 1910 66161.
1033 1831 1071 1890 tt
1091 1825 1132 1889 cd
1149 1823 1246 1889 cleric.
1267 1831 1296 1886 61
1309 1822 1417 1906 popul.

348 1903 600 1988 8666166566661.
618 1924 703 1968 num.
725 1905 814 1968 7661.
844 1909 924 1970 1116
944 1905 1017 1972 ott.
1042 1913 1100 1973 Leo
1123 1911 1164 1970 ll.
1182 1925 1231 1968 an.
1257 1907 1318 1967 151
1339 1907 1420 1967 1166-

347 1989 417 2050 tolio
431 1988 748 2066 constantinopolitano
761 1989 883 2051 antistiti
892 1989 995 2070 jussit,
1008 1999 1042 2053 ut
1056 1991 1173 2054 Actium
1186 1990 1223 2052 de
1235 1985 1419 2049 arcbidiaco·
1540 2002 1541 2012 ¹

348 2079 418 2131 natu
436 2069 498 2150 ejus
520 2071 648 2131 ecclcsiae
674 2069 820 2151 dejectum
848 2075 1017 2136 restitueret
1048 2075 1222 2154 ejiceretque
1251 2069 1415 2145 16666616,
1541 2138 1542 2146 ,

348 2153 399 2232 qui
415 2152 477 2232 ejus
493 2151 590 2213 locum
609 2153 716 2232 injuria
734 2155 894 2233 occupabat
916 2155 1003 2238 66161.
1033 2159 1092 2218 115
1110 2175 1179 2238 666.
1202 2156 1223 2216 7
1244 2149 1299 2214 661.
1317 2153 1416 2228 1190,

349 2235 435 2316 epist.
455 2236 597 2316 157666.
618 2233 709 2296 7661.
728 2239 808 2298 1767
823 2245 851 2298 61
863 2238 949 2320 epist.
967 2240 1026 2300 155
1045 2257 1112 2321 666.
1131 2234 1223 2300 7661.
1245 2237 1322 2298 1778
1345 2251 1418 2316 666.
1542 2274 1543 2280 1

350 2326 420 2378 tom.
447 2319 479 2394 l,
505 2313 575 2377 edit.
595 2313 744 2380 Bellerin.
772 2321 872 2381 Venet.
898 2322 988 2382 1755.
1015 2321 1181 2400 Simplicius
1205 2337 1281 2380 anno
1303 2317 1422 2378 circiter

349 2401 408 2460 175
424 2397 620 2459 Gaudentium
635 2399 835 2461 Auliniensem
847 2401 1013 2483 episcopum
1027 2401 1065 2463 ob
1079 2403 1193 2463 illicitas
1202 2399 1420 2473 ordinationes,
1435 2447 1439 2456 .
1543 2410 1544 2428 ¹

349 2497 472 2541 munere
493 2480 662 2540 sacerdotali
692 2490 721 2542 et
749 2501 853 2564 magna
880 2485 1137 2547 ecclesiasticorum
1161 2481 1312 2544 redituum
1336 2489 1423 2559 parte
1544 2546 1545 2564 ¹

350 2563 484 2622 multavit
503 2579 518 2622 6
542 2562 589 2624 iet.
613 2560 693 2623 5611
714 2559 877 2627 Florentio.
906 2567 984 2647 apud
1005 2567 1153 2628 labbeum
1175 2575 1246 2627 tom.
1276 2567 1294 2625 5
1313 2561 1422 2624 666611.

350 2641 404 2706 col.
424 2646 478 2721 96,
495 2581 565 2706 6111.
595 2647 694 2708 Vener.
720 2647 821 2726 Neque
844 2647 936 2710 multo
957 2649 1200 2728 6661061661661
1221 2647 1258 2706 de
1275 2645 1423 2708 reditibus

350 2727 535 2788 eeclesiarum
559 2727 696 2788 universe
716 2730 866 2790 constituit
892 2749 1065 2810 poenamque
1080 2731 1188 2792 indixit
1205 2729 1236 2789 in
1254 2730 1422 2807 episcopos,

350 2809 401 2887 qui
419 2828 501 2870 secus
516 2810 643 2870 lacerent
663 2811 750 2892 epist.
767 2812 786 2872 9
805 2809 846 2873 od
859 2813 948 2894 episc.
969 2813 1086 2875 Lucan.
1109 2831 1176 2894 cop.
1205 2811 1244 2874 77
1262 2819 1290 2872 61
1315 2811 1374 2886 78,
1396 2817 1426 2870 61

349 2889 435 2972 epist.
453 2893 491 2950 16
506 2889 652 2971 61166166.
669 2891 730 2953 816.
746 2893 809 2956 eod.
832 2890 887 2955 166.
903 2891 957 2956 eol.
975 2893 1421 2958 571066166611666666111616

352 2971 497 3033 Gelasium
518 2971 551 3065 16
573 2975 733 3055 Fropmen.
757 2977 842 3070 epist.
865 2972 919 3038 166.
945 2975 1067 3040 611661.
1098 2979 1157 3038 sta
1180 2995 1259 3120 666,
1280 2983 1311 3036 61
1333 2979 1426 3054 Sym-

351 3051 487 3113 machum
502 3061 588 3132 epist.
608 3053 682 3115 5611
701 3059 809 3118 Coesar.
826 3055 977 3120 16616166.
998 3078 1024 3121 e.
1044 3062 1059 3120 1
1080 3057 1151 3121 ibid.
1171 3078 1203 3121 co
1220 3103 1227 3119 .
1246 3058 1426 3118 1675111116

352 3143 446 3195 cetera
464 3135 579 3214 generis
593 3135 739 3214 ejusdem,
759 3158 794 3199 ex
815 3140 922 3218 quibus
938 3142 1125 3202 manifestum
1146 3149 1203 3218 est,
1226 3157 1343 3219 semper
1362 3142 1426 3200 lto-

352 3235 452 3358 manolp
467 3215 622 3357 11))661111666
638 3218 896 3283 ecclesiasticorum
913 3223 1058 3284 bonorum
1076 3223 1230 3286 arbitrium
1250 3229 1279 3286 61
1292 3229 1426 3301 potesta-

355 3308 413 3359 tem
450 3317 465 3357 a
489 3317 574 3358 ursas.

394 3379 435 3462 (5)
456 3379 748 3460 Debenturprimum
771 3385 877 3446 litterae
896 3385 1074 3465 monitorio,
1099 3385 1206 3466 quibus
1229 3387 1286 3448 nisi
1304 3397 1426 3465 pareret

355 3463 520 3542 episcopus,
545 3461 761 3557 adhibebantur
781 3468 998 3562 preceptorice,
1024 3477 1054 3530 61
1077 3471 1102 3530 61
1120 3485 1215 3547 neque
1232 3469 1268 3530 iis
1292 3485 1353 3530 mos
1366 3488 1426 3549 ge-

353 3553 484 3620 reretur,
517 3545 709 3607 mittebantur
735 3558 906 3611 executorem
934 3559 963 3612 et
994 3551 1080 3612 simul
1107 3569 1174 3612 cum
1200 3552 1237 3611 iis
1265 3559 1424 3628 executor-3

354 3627 437 3706 cujus
458 3633 520 3686 erat
544 3645 662 3705 curare,
686 3637 720 3688 61
744 3631 894 3692 Pontifieia
920 3635 1055 3696 mandata
1078 3635 1188 3696 exitum
1207 3651 1429 3712 consequeren-

355 3713 536 3770 tunicarum
556 3711 666 3771 mentio
687 3717 730 3770 661
745 3713 775 3772 16
790 3713 999 3795 decretalibus,
1018 3716 1180 3794 praesertim
1201 3715 1362 3778 1666666111
1381 3721 1427 3780 111

355 3799 384 3850 61
408 3790 588 3884 116666110111
604 3811 669 3873 666.
689 3791 743 3870 50,
764 3796 819 3871 57,
845 3797 884 3856 58
903 3801 984 3860 6110
1001 3797 1037 3860 de
1057 3797 1193 3878 rescript.
1211 3799 1276 3860 Non
1291 3798 1363 3860 inde
1376 3808 1431 3860 tn-

355 3889 422 3934 men
442 3873 543 3934 confici
563 3882 672 3952 potest,
702 3879 911 3958 praeceptorias
928 3889 1015 3962 alque
1030 3879 1214 3942 coenatoriae
1232 3879 1347 3942 litteras
1361 3885 1430 3960 pri-

355 3973 435 4016 mum
453 3957 490 4016 ab
507 3955 552 4016 bis
571 3955 759 4018 Pontificibus
773 3959 854 4020 datae
869 3963 973 4042 luisse,
991 3965 1073 4043 quasi
1089 3963 1252 4040 superiores
1265 3963 1430 4026 Ponnficas

354 4055 417 4096 rem
433 4055 548 4098 omnem
567 4039 681 4119 egerint
697 4038 814 4102 hortatu
833 4044 926 4103 solum
941 4065 974 4106 66
989 4045 1140 4124 precibus,
1159 4063 1225 4124 quse
1241 4044 1379 4124 deinceps
1392 4047 1428 4106 in

356 4120 490 4180 mandata
509 4139 653 4182 conversae
670 4121 792 4184 luerint.
812 4127 884 4186 Nam
901 4127 1036 4188 66161166
1056 4126 1209 4190 l‘ontilioes
1227 4145 1285 4188 non
1303 4147 1427 4208 preces,
