3106 5170
492 469 711 541 -111-

76 623 238 682 renuntiatio
256 622 288 681 in
308 621 438 702 porticu,
458 639 508 682 seu
535 621 677 682 uestibulo
696 621 893 682 emittebatur.
923 625 996 684 Nem
1017 621 1127 702 baptis-

76 705 137 764 teria
156 705 230 780 duo,
256 713 290 764 ut
315 705 493 784 plurimum,
520 703 667 764 habebant
690 703 823 764 distincta
847 705 1007 780 conclavia,
1034 709 1128 784 porti-

77 805 132 846 cum
152 794 201 846 aut
216 786 410 862 nestibulum,
429 788 459 846 in
482 804 540 864 quo
571 785 771 846 catechumeni
794 793 900 846 somnae
921 787 1128 850 renuntiabant

77 868 208 947 fidemque
225 868 455 947 profitebantur;
475 877 561 946 atque
583 867 753 928 interiorem
775 866 911 942 domum,
932 869 963 930 in
981 889 1038 948 qua
1059 871 1130 952 bap·

80 951 144 1010 tismi
156 951 325 1011 ceremonia
339 949 543 1032 peragebatur.

110 1033 146 1115 (6)
166 1037 197 1094 ln
208 1035 367 1112 mysteriis,
381 1033 478 1112 inquit
492 1032 613 1093 Hieron.
627 1029 660 1091 in
670 1033 770 1092 Amos.
784 1025 834 1091 tet.
849 1032 946 1113 deep.
961 1035 979 1093 6
994 1029 1050 1096 cci.
1067 1035 1127 1097 511

79 1117 169 1174 tomi
193 1113 238 1176 ed.
255 1115 318 1192 cit,
343 1117 471 1194 primum
485 1114 689 1174 renuntiamus
702 1115 747 1189 ei,
773 1113 824 1191 qui
845 1112 876 1172 in
894 1114 1048 1176 Occidente
1068 1127 1127 1194 cst,

78 1196 203 1275 nobisque
215 1199 343 1258 moritur
357 1217 422 1257 curn
437 1197 575 1276 peccatis;
594 1205 624 1256 et
637 1197 679 1256 sic
689 1195 764 1256 versi
780 1194 817 1255 od
830 1194 997 1274 Orientem,
1011 1207 1128 1278 pactum

79 1277 171 1339 inimus
181 1297 244 1339 cum
258 1280 318 1340 sole
327 1279 464 1359 justitiae,
481 1287 510 1338 et
522 1279 549 1338 ei
564 1278 723 1338 servituros
738 1295 792 1338 nos
810 1295 871 1337 esse
886 1279 1095 1357 promittimus.
1110 1309 1123 1338 a

80 1361 171 1421 Eadem
183 1361 269 1422 babet
284 1365 314 1423 S.
329 1361 463 1423 Ambros.
480 1357 530 1422 lib.
546 1379 615 1421 mon
627 1359 718 1421 indic.

111 1441 146 1523 (7]
165 1446 369 1522 Sponsionem,
387 1463 444 1522 qua
460 1442 684 1503 catechumenus
698 1459 760 1502 sese
774 1439 890 1503 Christo
905 1449 1045 1520 perpetuo
1067 1463 1130 1505 ser-

78 1523 130 1584 rire
139 1526 338 1603 promittebat,
351 1524 554 1608 praecissum,
565 1533 690 1607 portum
701 1531 731 1584 et
742 1531 843 1584 votum
858 1525 995 1584 statiuis
1008 1528 1131 1606 appella·

79 1613 129 1665 tur.
141 1610 301 1668 Formulam
311 1608 401 1668 tradit
414 1615 514 1668 auctor
527 1616 617 1668 const.
631 1607 732 1690 Apost.
746 1605 796 1667 cit.
810 1625 837 1666 c.
850 1607 901 1665 11.
921 1631 934 1658 a
946 1609 1014 1666 Post
1024 1625 1130 1669 renun-

79 1688 209 1750 tiationem
224 1709 310 1764 vero,
327 1689 398 1750 dum
412 1689 552 1750 adscribit
565 1707 612 1765 se,
628 1689 724 1749 dicat:
742 1692 778 1750 Et
791 1685 941 1747 adscribor
955 1688 1085 1768 Christo,
1101 1701 1131 1752 et

78 1771 186 1831 eredoet
196 1773 337 1852 baptizor.
352 1799 364 1827 n
383 1772 514 1836 Similem
527 1771 615 1832 babet
626 1770 827 1850 Chryslfom.
841 1769 903 1830 oin
913 1789 959 1852 ep.
972 1770 1127 1836 adestare.

79 1857 185 1914 nunni
204 1865 274 1915 torn.
301 1858 336 1916 11
360 1873 431 1937 pop.
453 1856 512 1914 569
534 1851 581 1914 ed.
606 1853 706 1915 Poris.
732 1851 887 1932 dogmatici
908 1859 992 1913 oetate
1010 1855 1130 1932 quidam

78 1933 197 2012 fuemot,
217 1939 267 2016 qui
287 1937 356 1997 fidei
374 1938 405 1997 in
421 1937 586 2012 Christum,
601 1953 660 1996 nou
684 1953 754 1994 vero
766 1934 937 1994 universalis
957 1935 1131 1999 obedieutiae

78 2019 270 2094 professionem
285 2021 418 2080 emittere
433 2021 526 2098 parati
545 2026 643 2093 erant,
667 2025 696 2077 et
718 2025 817 2076 temen
835 2015 1011 2094 baptismum
1031 2029 1131 2098 petere

77 2116 128 2158 non
140 2100 317 2161 dubitabant.
334 2106 439 2163 Contra
454 2101 506 2162 bos
518 2103 580 2180 ipse
595 2104 672 2180 Aug.
688 2099 803 2178 scripsit
813 2099 963 2179 egregium
974 2099 1083 2162 librum
1094 2101 1130 2164 de

75 2177 128 2260 fide
137 2182 313 2264 etopcribus,
327 2202 385 2262 quo
396 2183 554 2243 christiano
566 2181 679 2244 bomini
690 2189 754 2241 tum
764 2179 866 2258 fidem,
880 2187 942 2240 tum
958 2180 1032 2242 boua
1042 2201 1130 2265 opera

79 2266 224 2326 necessaria
238 2285 300 2326 esse
315 2265 533 2326 demonstravit.

110 2347 146 2426 (8)
165 2348 265 2408 Plures
288 2348 407 2427 quidem
431 2347 630 2408 catechumeni
653 2345 795 2407 traditum
818 2346 983 2427 symbolum
1004 2347 1130 2409 reddere

76 2426 223 2506 debebant3
251 2430 303 2490 sed
324 2449 390 2490 cum
417 2431 538 2490 instaret
561 2429 737 2509 baptismus,
758 2436 819 2504 ter,
839 2447 872 2489 ac
895 2428 1078 2507 solemniter,
1101 2440 1130 2492 et

76 2529 159 2572 coram
181 2513 282 2572 multis
297 2513 434 2590 testibus,
451 2512 643 2591 manibusque
658 2519 687 2570 et
708 2511 798 2570 oeulis
812 2510 849 2570 ad
863 2511 968 2571 eoelum
988 2511 1129 2590 sublatis,

75 2590 134 2653 fidei
156 2594 363 2674 professionem
393 2594 581 2672 emittebant,
599 2594 645 2654 vel
668 2593 761 2672 rogati
781 2593 1006 2672 respondebant.
1027 2595 1127 2673 Cyrill.

75 2675 145 2736 dier.
167 2674 216 2737 tat.
246 2681 284 2738 11
300 2677 331 2736 in
353 2682 443 2739 loon.
468 2694 533 2758 cop.
560 2678 594 2738 11
614 2693 686 2758 pop.
710 2677 790 2736 1119
815 2673 884 2736 edit.
905 2674 1006 2736 Poris.
1032 2678 1129 2754 rtet,-

74 2767 162 2818 auctor
181 2755 248 2820 eccl.
273 2756 420 2820 bierercb.
444 2777 510 2840 cap.
535 2760 553 2819 1
565 2777 638 2840 pop.
661 2760 721 2819 atto
736 2765 805 2818 tom.
828 2760 841 2818 1
869 2755 915 2818 ed.
936 2756 1001 2833 cit.,·
1016 2759 1072 2819 Leo
1087 2763 1127 2820 itt.

74 2839 157 2900 Serra.
173 2843 213 2902 15
237 2841 270 2901 in
293 2849 359 2902 not.
378 2840 502 2902 Domini
523 2843 543 2901 1
565 2859 630 2921 cap.
649 2843 667 2900 6
683 2859 755 2923 pop.
777 2841 816 2900 tt
838 2846 908 2899 tom.
932 2835 1009 2899 fed.
1030 2841 1131 2904 Romo·

76 2923 156 2998 teta·
166 2927 240 3005 dog.
254 2921 360 3065 deside
371 2932 399 2984 et
409 2941 490 3004 oper.
503 2941 569 3004 cop.
583 2924 601 2982 9
616 2919 687 2983 coit
705 2925 744 2983 71
759 2929 828 2982 tom.
843 2919 935 2982 died.
950 2917 1012 2997 ed.,·
1025 2922 1127 2984 Ambr.

75 3002 103 3064 dc
115 3006 228 3089 Spiritu
240 3009 272 3066 S.
302 3003 339 3066 ib.
356 3007 453 3085 icop.
475 3007 514 3064 10
528 3001 586 3065 coi.
603 3006 643 3065 70
656 3011 726 3064 torn.
742 3001 820 3063 red.
832 3001 897 3064 ind.
914 3006 1017 3065 Narrat
1031 3011 1129 3066 autem

74 3087 97 3146 S.
119 3092 191 3169 Aug.
214 3085 344 3170 Confert.
369 3085 417 3148 tit.
440 3089 459 3146 8
475 3105 541 3168 cop.
566 3083 655 3147 1οοὶ.
674 3089 731 3147 tto
754 3091 824 3145 tom.
842 3089 872 3156 1,
888 3088 987 3146 Romae
1001 3103 1036 3146 ex
1050 3085 1129 3148 edito

72 3167 122 3230 ioco
149 3171 179 3230 in
204 3179 358 3248 conspectu
383 3169 498 3249 popuii,
526 3168 581 3228 nisi
610 3167 700 3227 nimia
728 3166 928 3227 catechumeni
952 3167 1128 3230 verecundia

74 3251 201 3328 obstaret,
213 3253 289 3313 banc
302 3251 370 3312 fidei
384 3251 592 3332 professionem
608 3250 702 3310 emitti
716 3250 907 3310 consuevisse.

109 3465 136 3566 §.
181 3465 334 3539 XXXV.
384 3466 543 3562 Baptizati
580 3471 615 3537 in
645 3467 763 3538 vertice
803 3465 1010 3562 ungebantur
1052 3467 1125 3564 (i),

71 3580 129 3635 tum
171 3565 252 3636 albis
303 3565 524 3636 induebantur
564 3565 704 3636 vestibus
757 3561 831 3661 (1),
877 3590 989 3636 eorum
1031 3568 1131 3663 capiti

71 3667 232 3762 mysticum
250 3664 396 3736 velamen
413 3679 446 3734 et
461 3688 577 3734 corona
598 3661 827 3762 imponebatur
844 3661 918 3759 (5),
940 3665 1041 3760 iisque
1058 3679 1127 3732 tra·

69 3759 218 3834 debentur
256 3789 354 3834 cerem
397 3763 477 3834 faces
510 3763 583 3860 ti),
619 3789 655 3834 ac
693 3787 790 3859 porro
824 3759 959 3830 dabatur
989 3759 1124 3831 Confir-

68 3865 155 3932 matio
180 3878 214 3932 et
239 3860 437 3932 Eucharistia
462 3859 535 3954 (5),
558 3875 721 3958 postremo
749 3859 797 3930 lac
823 3885 858 3929 ac
879 3857 944 3930 mel
969 3855 1125 3928 benedic-

68 3969 146 4048 tum,
170 3959 212 4029 ad
236 3959 382 4031 iniantiae
397 3959 664 4052 significationem
685 3958 751 4053 (6).
778 3955 875 4028 Nunc
902 3979 970 4025 non
991 3979 1122 4044 omnes,

4 4111 5 4132 r
69 4057 116 4148 qui
141 4058 219 4128 olim
246 4061 280 4128 in
306 4082 364 4128 usu
398 4073 509 4148 erant,
547 4060 627 4128 ritus
656 4071 689 4154 et
718 4055 920 4126 caeremonioe
945 4051 986 4122 ob
1017 4052 1123 4126 ecole-
