3140 5168
572 372 824 528 ,5ος

173 581 285 662 quihus
306 581 404 644 natira
427 581 627 661 episcoporum
653 585 778 661 potestas
799 590 907 644 arctata
925 592 980 646 est.
997 585 1099 648 Priora
1120 582 1248 650 roderice

171 665 280 726 senua
294 681 370 744 pene
383 666 537 726 innumera
551 659 683 744 ejusdem
701 666 744 726 rei
756 674 944 728 monumenta
957 669 1157 748 suppeditant.
1174 673 1249 732 Sane

172 745 310 810 Christus
322 745 670 831 hisvcrhispuoetuopuc
681 743 843 829 lipuumtis
854 749 1053 827 cte.npostolis
1064 752 1246 831 stepisoopis

172 829 383 908 amplissimam
397 837 576 890 concesserat
591 829 758 892 iacuimtem
777 829 888 910 ligandi
907 838 937 890 et
950 831 1081 894 solvendi
1106 833 1136 894 in
1152 853 1248 896 mora-

173 920 277 972 mento
291 913 486 990 penitentiam
502 928 606 972 verum
623 911 693 972 huic
709 911 851 990 episcopis
865 911 1005 974 insumet
1027 915 1134 976 innatae
1149 926 1249 996 potas-

172 995 247 1070 tati,
263 995 429 1055 veneranda
450 994 608 1074 antiquitas
624 993 747 1056 modum
768 993 922 1072 imposuit,
939 997 1103 1058 constitutis
1117 997 1246 1080 legibus,

174 1075 285 1154 quibus
299 1077 424 1156 episcopi
435 1076 509 1155 jussi
520 1085 589 1138 sunt
603 1075 744 1156 quosdam
756 1076 914 1136 criminum
926 1093 991 1138 reos
1005 1085 1120 1140 tantum
1134 1082 1247 1144 solvere

170 1165 241 1236 post
267 1176 357 1218 annos
381 1160 480 1238 piures
502 1157 730 1237 diuturnamque
762 1158 980 1237 penitentiam,
1008 1161 1150 1238 quosdam
1176 1183 1246 1226 vero

172 1248 291 1302 tantum
313 1239 432 1300 eumad
454 1241 522 1302 vita
535 1241 646 1302 exitum
668 1248 869 1320 properarent.
890 1243 947 1302 Res
960 1259 995 1300 ω
1009 1241 1128 1304 demum
1150 1245 1268 1321 venit,'

175 1329 211 1383 ut
225 1323 396 1383 mcumeuici
416 1323 531 1384 conubii
549 1323 633 1384 venia
648 1331 678 1384 et
693 1323 865 1384 auctoritate
882 1339 955 1401 opus
974 1323 1079 1402 fuerit,
1096 1335 1130 1386 ut
1146 1327 1248 1390 liceret

273 1422 312 1486 po
341 1401 505 1468 humanior
524 1401 643 1488 aliquid
667 1402 703 1466 de
728 1403 770 1466 eis
795 1412 939 1480 statuero,
964 1407 1016 1483 qui
1041 1407 1247 1472 luculentiores

194 1486 318 1548 ederam
331 1485 456 1548 dolentis
467 1487 558 1548 animi
572 1496 602 1548 et
613 1488 728 1567 pictatis
747 1485 987 1566 significationes,
1014 1489 1117 1549 concil.
1134 1491 1244 1552 Nicaea.

172 1586 245 1629 eon.
263 1571 303 1631 19
318 1576 389 1630 tom.
407 1571 427 1630 9
445 1566 510 1632 ω11.
537 1567 644 1632 labbei
663 1566 717 1630 coi.
735 1571 774 1632 ts
792 1567 839 1630 ed.
864 1571 963 1630 Vertat.
986 1572 1031 1632 An
1046 1589 1106 1632 non
1119 1571 1245 1652 ligandi,

171 1659 204 1712 et
221 1650 351 1712 solvendi
368 1660 493 1730 potestas
506 1653 624 1731 propria
646 1669 679 1712 ao
698 1651 796 1712 natira
812 1651 1012 1730 episcoporum
1030 1658 1095 1714 est?
1111 1655 1248 1716 Attamen

170 1731 239 1794 haec
249 1739 375 1812 potestas
388 1734 543 1794 cohibetur
557 1733 652 1796 modis
661 1732 807 1812 pluribus,
824 1751 920 1812 usquc
933 1733 1084 1813 episcopus
1097 1753 1150 1795 suo
1162 1735 1245 1814 jure,

169 1815 244 1875 iicet
261 1817 379 1895 proprio
401 1825 431 1876 et
450 1817 563 1892 nativo,
588 1817 631 1876 uti
651 1823 762 1894 potest,
785 1815 841 1876 nisi
860 1816 1036 1876 oecumenica
1050 1816 1180 1896 synodus
1194 1837 1248 1878 uo-

167 1898 310 1958 minatirn
331 1897 406 1958 hauc
419 1897 586 1959 facultatem
600 1897 722 1959 tribuet.
744 1896 826 1958 tuem
845 1905 906 1958 asto
918 1897 1061 1976 judicium
1080 1897 1117 1958 de
1136 1897 1248 1962 ordinis

170 1987 374 2040 samameuto:
391 1989 470 2041 carte
490 1981 641 2059 proprium
659 1998 693 2040 ac
713 1979 844 2040 nativum
858 1987 902 2039 est
916 1980 966 2059 jus
982 1981 1183 2060 episcoporum
1196 2001 1246 2044 or·

168 2061 295 2122 dinandi
318 2062 464 2140 quoslibet
485 2061 659 2124 christianos
686 2061 835 2134 homines,
858 2079 931 2140 quoa
958 2062 996 2122 ad
1022 2063 1246 2126 ecclesiasticum

168 2143 371 2204 ministerium
386 2153 467 2224 aptos
478 2153 507 2205 et
521 2144 641 2206 idoneos
650 2144 795 2222 judicant.
812 2147 923 2206 Verum
937 2141 992 2204 hoc
1003 2143 1052 2222 jus
1065 2145 1245 2208 imminuunt

167 2227 286 2305 antiqui
304 2245 446 2298 annones,
469 2245 535 2288 cum
561 2235 661 2288 vetant
683 2225 838 2288 ordinibus
861 2225 970 2286 initiari
997 2243 1061 2301 eos,
1090 2229 1141 2306 qui
1160 2230 1246 2291 titulo

169 2315 291 2380 camut,
303 2309 354 2386 qui
369 2309 477 2390 bigami
489 2317 573 2384 aunt,
592 2309 644 2387 qui
659 2309 691 2368 iu
712 2307 817 2369 haeresi
838 2307 976 2382 inerunt,
991 2309 1043 2386 qui
1064 2318 1173 2370 certam
1187 2329 1246 2372 nou

167 2389 335 2471 attigerunt
347 2400 479 2468 atatem,
495 2392 545 2469 qui
561 2391 740 2470 baptismum
754 2391 784 2450 in
800 2389 975 2470 egritudine
988 2400 1178 2468 aeceperunt,
1193 2395 1244 2472 qui

167 2471 230 2532 sibi
240 2471 336 2533 virilia
347 2480 548 2553 amputarunt,
561 2474 611 2553 qui
624 2473 758 2554 graviora
769 2471 902 2551 quadam
914 2471 1036 2532 crimina
1048 2472 1242 2536 admiserunt.

169 2555 227 2616 llis
248 2553 391 2616 derebus
414 2555 506 2616 muita
524 2563 594 2616 aunt
619 2555 775 2618 constituta
795 2573 812 2616 a
834 2553 1008 2626 renonibus,
1032 2555 1084 2632 qui
1106 2555 1246 2618 dicuntur

168 2637 386 2715 apostolorum,
401 2657 418 2698 a
434 2657 517 2698 conc.
544 2637 668 2714 Elihcr,
694 2638 826 2711 Niosson,
853 2634 990 2716 cnthsg.
1013 2639 1069 2712 111,
1091 2637 1242 2717 Antiooh,

169 2717 325 2794 cudred,
342 2721 503 2798 octenisque
517 2720 663 2794 coucihis,
679 2737 745 2798 quae
762 2719 973 2796 antiquissimis
990 2718 1117 2779 ecclesiae
1131 2729 1245 2800 tempo*

166 2799 257 2861 rihus
278 2801 377 2862 habita
398 2811 478 2862 sunt.
501 2805 561 2865 Neu
580 2803 689 2862 leviora
711 2809 780 2862 sunt
803 2801 841 2860 de
864 2801 1044 2860 matrimonii
1063 2813 1244 2866 sacramento

167 2889 373 2944 monumenta.
397 2883 531 2946 Christus
545 2883 656 2944 nuliam
679 2882 793 2944 dixerat
812 2881 922 2962 legem,
944 2899 997 2961 per
1016 2901 1104 2960 quam
1118 2885 1243 2964 episcopi

166 2965 370 3026 ministerium
388 2985 475 3026 suum
489 2983 625 3028 exercere
645 2965 875 3044 prohiberentur
887 2964 918 3024 iu
935 2964 1130 3026 matrimoniis
1143 2966 1244 3030 Chris·

166 3047 319 3108 tianorum
330 3065 397 3109 cum
411 3047 597 3125 infidelibus,
611 3065 678 3108 cum
690 3047 851 3122 haereticis,
866 3064 933 3108 cum
944 3045 1144 3124 schismaticis,
1161 3049 1243 3112 item·

165 3146 232 3207 que
249 3129 280 3189 ia
298 3131 507 3206 matrimoniis,
529 3149 595 3208 que
617 3132 696 3190 inter
714 3128 817 3190 affines
831 3129 1015 3207 copulantur.
1031 3131 1167 3192 Attamen
1181 3130 1244 3193 haec

164 3211 357 3272 matrimonia
380 3211 446 3274 fieri
470 3221 549 3274 vetat
577 3211 705 3292 synodus
726 3210 902 3273 Eiiheritanr
928 3229 995 3272 tort.
1023 3213 1078 3288 16,
1106 3215 1242 3292 16,17,

166 3295 232 3366 61,
248 3295 305 3368 66,
331 3302 401 3356 tona
424 3297 440 3355 1
461 3291 527 3357 coli.
553 3295 660 3356 babhei
685 3289 739 3354 roi.
765 3293 841 3363 991,
861 3293 921 3353 999
946 3301 974 3354 ct
997 3311 1058 3376 req.
1074 3291 1121 3358 cri.
1151 3297 1240 3372 Van,

165 3383 261 3454 atque
270 3376 311 3436 ita
322 3376 451 3457 inhujus
460 3376 713 3438 administratione
722 3376 894 3436 saoruuenti
906 3375 1107 3455 cpiscoporum
1118 3386 1243 3456 potestas

166 3457 337 3518 cohibetur.
357 3460 468 3521 Similia
482 3467 640 3522 occurrunt
655 3458 687 3518 ia
700 3475 782 3518 conc.
797 3456 912 3518 Laudic.
929 3475 998 3518 coo.
1015 3461 1054 3518 10
1073 3467 1103 3518 et
1122 3462 1156 3522 51
1183 3469 1205 3520 t.
1224 3463 1238 3521 1

165 3539 226 3602 cit.
250 3536 304 3601 col.
329 3543 405 3603 1551
433 3549 462 3601 at
480 3543 575 3616 {5553
598 3539 735 3621 Carthag.
757 3541 798 3601 111
816 3557 885 3600 cun.
902 3541 942 3602 19
965 3547 987 3600 1.
1011 3542 1029 3600 9
1053 3539 1150 3621 ejusd
1175 3538 1241 3602 coli.

166 3618 228 3684 roi.
250 3624 346 3699 1101,
368 3623 504 3685 chalced.
532 3641 600 3684 cao.
618 3625 652 3682 11
676 3629 747 3683 torn.
771 3617 866 3683 ieci.
888 3623 977 3683 1687.
1001 3622 1080 3697 Quid
1098 3621 1243 3684 dicamde

166 3703 277 3766 ceteris
288 3705 418 3786 legibus,
437 3724 491 3784 per
505 3723 576 3783 quas
589 3712 697 3766 arctata
712 3711 838 3782 potestas
859 3705 1060 3784 episcoporum
1073 3706 1136 3764 est?
1150 3707 1242 3766 Trans

166 3805 255 3849 mare
268 3787 412 3866 proficisci
428 3786 623 3867 prohihentur
644 3785 785 3866 episcopi,
806 3804 865 3848 non
887 3787 1017 3848 consulto
1039 3785 1143 3864 primae
1165 3785 1242 3851 sedis

164 3870 319 3949 episcopo,
335 3869 392 3932 hoc
405 3877 448 3930 est
461 3868 662 3948 metropolita,
678 3887 758 3930 cono.
777 3867 914 3950 carthag.
931 3871 971 3929 111
987 3885 1054 3928 con.
1074 3869 1113 3928 98
1131 3875 1202 3928 tom.
1220 3869 1239 3928 9

162 3948 225 4014 eoi.
240 3953 318 4013 1165
325 3998 335 4029 ,
348 3969 530 4012 (economum
545 3953 721 4012 constituere
732 3951 889 4030 jubentur,
905 3950 968 4011 sine
979 3967 1037 4027 quo
1051 3965 1098 4009 res
1113 3949 1239 4012 ecclesia

163 4033 377 4096 administrare
390 4053 449 4096 non
457 4043 577 4115 possunt
587 4052 669 4096 conc.
686 4033 822 4096 chalced.
835 4051 903 4092 coo.
921 4033 961 4092 96
974 4039 1044 4091 tom.
1058 4028 1143 4093 itui.
1160 4033 1235 4094 1691
