3140 5168
795 433 1014 510 *tus-

365 583 438 646 adco
451 591 485 645 ut
501 584 601 645 multae
622 567 723 646 earum
744 549 843 662 plebes
865 591 961 645 essent
979 582 1102 657 desertae
1124 589 1154 643 et
1170 580 1275 644 alicubi
1294 599 1333 642 ne
1356 597 1441 644 uuus

365 666 485 745 quidem
496 667 634 728 diaconus
644 665 835 745 reperiretur.
848 667 923 728 llaic
932 665 1008 727 malo
1019 663 1182 728 remedium
1193 663 1337 724 adhihere
1348 681 1439 743 opor·

365 747 461 824 tehat,
474 755 503 808 et
517 766 587 810 vero
600 749 735 810 adhiberi
750 749 835 808 laoile
847 755 976 826 poterat,
990 755 1055 810 tum
1070 747 1094 808 si
1110 747 1141 808 in
1157 747 1216 808 suis
1229 746 1439 824 reciperentur

364 829 519 910 gradibus,
533 831 584 908 qui
599 849 615 890 a
628 829 781 892 donatistis
793 831 831 891 ad
845 830 1015 892 catholicam
1029 831 1172 890 unitatem
1192 827 1435 900 revertebantur,
1551 875 1552 910 ,

365 920 428 972 tum
452 912 476 972 si
498 912 652 974 ordinibus
673 913 868 985 donarentur,
891 914 942 991 qui
966 907 1044 992 apud
1067 911 1226 972 donatistas
1251 911 1282 972 io
1307 910 1434 972 infantia
1551 913 1552 918 ’

364 992 518 1072 baptizati,
536 995 657 1056 rationis
669 1011 725 1056 usu
740 994 855 1075 prediti
869 993 906 1054 ad
919 994 1091 1056 catholicam
1104 993 1254 1054 ecclesiam
1266 991 1433 1054 redieram.

365 1075 423 1136 Sed
447 1075 601 1137 obstabant
624 1076 740 1138 decreta
764 1075 842 1137 edita
868 1079 899 1137 in
925 1077 1122 1138 transmarino
1143 1074 1280 1150 coneilio,
1305 1093 1437 1154 quonam

364 1159 475 1218 mentio
489 1167 532 1218 est
552 1159 581 1218 in
592 1159 705 1238 synodo
719 1160 853 1222 iliricsua
867 1177 934 1220 eon.
959 1162 998 1221 dii
1019 1157 1098 1239 apud
1113 1155 1260 1220 Pithoeuan
1279 1154 1345 1218 cod.
1362 1174 1433 1218 eon.
1519 1160 1526 1189 ²

427 1241 511 1301 Aah
523 1238 594 1302 edit.
614 1241 714 1303 Pons.
732 1241 823 1302 1687.
847 1245 888 1304 lta
910 1259 947 1302 ue
960 1251 995 1302 ut
1015 1259 1048 1302 ea
1072 1241 1120 1300 lex
1140 1238 1318 1300 necessitatis
1338 1239 1437 1320 gratia

374 1329 527 1398 araretur,
553 1323 639 1384 missa
666 1323 772 1406 legatio
794 1331 838 1384 eat
861 1325 899 1384 ad
918 1341 1018 1400 cos,a
1042 1322 1151 1402 quibus
1167 1322 1215 1382 illa
1239 1321 1297 1382 lata
1319 1321 1434 1394 iuerat,

363 1403 448 1463 sicuti
463 1412 541 1484 patet
556 1422 592 1465 ex
606 1404 706 1466 eadem
721 1405 834 1486 synodo
848 1405 982 1468 Africana
996 1402 1052 1466 loo.
1065 1403 1117 1466 cit.
1127 1422 1201 1486 pop.
1219 1405 1288 1464 itt.
1303 1403 1390 1480 Quod
1408 1404 1435 1463 si

363 1484 467 1564 synodi
493 1487 681 1566 particulares
707 1489 908 1567 episcoporum
929 1495 1102 1568 potestatem
1127 1489 1159 1546 in
1180 1503 1214 1546 rc
1240 1493 1301 1546 tans
1328 1487 1434 1566 quari,

363 1574 482 1646 unaque
502 1570 642 1649 episeopis
658 1571 775 1650 propria
791 1577 904 1632 arctare
926 1577 1100 1649 potuerunt3
1116 1587 1153 1628 an
1170 1586 1230 1629 non
1244 1567 1324 1628 idem
1338 1567 1436 1628 multo

363 1650 456 1731 magis
467 1659 605 1728 praestare
618 1652 726 1732 poterit
739 1671 871 1713 summus
886 1651 1037 1728 Pontifex,
1052 1651 1136 1730 cujus
1149 1668 1208 1712 non
1223 1647 1353 1710 humano
1364 1649 1436 1729 jure

363 1731 488 1806 sancita,
504 1733 555 1794 scd
568 1753 584 1794 a
595 1733 712 1796 Christo
724 1735 786 1814 ipso
799 1735 931 1796 instituta
943 1741 1068 1813 potestas
1082 1735 1145 1794 cst?

404 1811 445 1894 (ἓ)
466 1812 496 1873 Si
510 1815 637 1894 antiquis
650 1817 831 1894 temporibus
845 1815 1051 1896 episcopalium
1062 1815 1231 1876 facultatum
1246 1811 1435 1875 delinienda-

362 1913 429 1955 rum
441 1894 545 1956 modus
558 1915 574 1956 a
586 1897 773 1976 patriarchis,
789 1897 996 1978 metropolitis,
1013 1897 1191 1977 synodisque
1203 1895 1437 1976 provincialibus

363 1984 441 2037 totus
451 1977 513 2036 iere
533 1979 694 2056 pendebat,
710 1998 769 2041 non
783 1981 891 2041 idcirco
904 1979 1056 2041 Pontificio
1067 1979 1144 2058 juri,
1159 1979 1239 2058 quod
1253 1997 1288 2040 ex
1302 1979 1436 2058 primatu

363 2057 528 2134 descendit,
542 2061 702 2140 quidquam
723 2062 886 2124 detractum
906 2062 999 2123 videri
1021 2070 1126 2141 potest.
1148 2065 1222 2123 Cum
1238 2063 1317 2122 enim
1334 2061 1440 2122 omnis
1552 2065 1553 2074 ’

363 2141 496 2217 illorum,
511 2160 577 2220 quae
593 2143 712 2204 tandem
734 2163 859 2225 cumque
873 2145 921 2204 illa
942 2151 1031 2220 esset,
1049 2145 1080 2204 in
1100 2143 1248 2223 episcopos
1266 2152 1295 2204 et
1316 2144 1434 2223 episoc-

362 2229 446 2300 patus
457 2221 622 2302 jurisdictio
636 2234 734 2286 umen
753 2245 789 2286 ex
810 2227 999 2288 ecclesiastico
1011 2227 1079 2305 jure
1097 2225 1285 2306 procederet3
1299 2227 1434 2304 proiecto

362 2303 507 2384 quidquid
530 2307 726 2369 ecclesiastice
744 2309 935 2370 institutionis
954 2317 1013 2385 est,
1031 2307 1092 2386 juri
1116 2307 1265 2370 ordinario
1280 2325 1312 2368 ac
1325 2307 1436 2367 divino

363 2386 506 2550 primqtqs
518 2389 674 2530 qstmhere
686 2389 762 2450 nihil
775 2392 882 2471 potuit.
896 2390 1020 2453 Consule
1035 2389 1172 2452 Ballerin.
1187 2387 1222 2452 de
1231 2395 1333 2474 potest.
1352 2387 1428 2451 ecel.

363 2487 430 2530 co.
496 2512 504 2528 .
544 2513 551 2530 .

396 2485 445 2632 id)
456 2551 597 2630 Equidem
608 2553 720 2630 nescio,
734 2555 785 2633 qui
797 2561 894 2616 teneat
911 2573 1011 2631 error,
1029 2561 1080 2616 aut
1095 2552 1269 2614 miserabilis
1283 2553 1437 2634 ipaoratio

362 2634 424 2694 reri
442 2651 507 2710 eos,
521 2635 572 2712 qui
586 2635 703 2715 propria
723 2645 753 2698 ct
773 2638 870 2698 nativa
892 2639 1094 2716 episcoporum
1108 2635 1191 2714 jura,
1206 2655 1223 2696 a
1236 2635 1365 2716 legitima
1385 2655 1436 2698 su·

362 2715 469 2794 periori
485 2723 625 2794 potestate
638 2717 700 2778 tolli
715 2737 748 2778 ae
764 2719 858 2779 minui
872 2737 955 2798 posse
967 2717 1146 2779 inficiantur.
1160 2717 1206 2779 db
1220 2718 1290 2797 ipsis
1303 2718 1437 2780 ecclesie

362 2796 546 2858 incunabulis
559 2798 787 2861 luculentissima
801 2809 870 2860 sunt
882 2809 1087 2877 monumenta,
1102 2815 1168 2879 que
1180 2801 1267 2882 longe
1278 2801 1360 2861 aliud
1382 2819 1437 2862 os-
1553 2843 1554 2864 i

362 2877 499 2940 tendunt.
518 2881 651 2960 Episcopi
671 2891 755 2942 crant
768 2881 941 2945 Timotheus
958 2891 986 2944 et
1001 2885 1099 2958 Titus,
1123 2882 1197 2942 alter
1215 2882 1339 2961 Ephesi,
1357 2883 1437 2944 alter
1553 2933 1554 2966 ,

362 2963 471 3036 Crete,
493 2961 531 3021 ad
550 2981 623 3042 quos
640 2965 787 3042 spostolus
806 2965 919 3026 litteras
936 2965 1035 3043 dedit,
1055 2973 1085 3026 et
1104 2964 1167 3024 hia
1189 2965 1303 3044 Spiritu
1326 2969 1436 3029 Sancto
1553 2969 1554 2998 ³

361 3043 446 3122 positi
462 3051 545 3138 erant
564 3063 667 3126 regere
681 3047 830 3142 ecclesiam
849 3048 903 3109 Dei
927 3047 1036 3110 inanis
1055 3046 1243 3143 dioecesibus,
1268 3055 1300 3107 ct
1312 3066 1435 3110 omnem

361 3135 812 3272 tttttttthittill
827 3129 1437 3290 ib‘illffidillliifflullffi
1553 3217 1554 3230 ἢ

362 3289 456 3367 ampla
470 3289 611 3370 episcopis
632 3311 665 3353 ca
680 3292 717 3354 de
729 3313 764 3354 re
775 3295 842 3354 data
863 3293 1010 3356 aChristo
1023 3303 1147 3374 potestas
1161 3294 1272 3371 iuss-at,
1288 3301 1319 3354 ct
1331 3302 1438 3358 hanon

363 3371 469 3433 Paulus
482 3379 576 3433 arctat
589 3381 619 3434 et
632 3377 806 3458 constringit
819 3375 895 3437 hanc
905 3385 1093 3455 potestaten,
1108 3375 1185 3437 dicta
1198 3376 1276 3456 lege,
1289 3384 1439 3458 utaequa

361 3453 485 3534 bigami,
502 3471 599 3533 neque
613 3457 754 3539 neophyti
768 3457 944 3519 ordinentur
958 3461 978 3520 1
991 3457 1033 3520 cd
1048 3459 1125 3520 ran.
1142 3477 1167 3520 c.
1185 3459 1247 3520 dc.
1265 3461 1302 3534 Ξ,
1322 3460 1360 3536 6,
1380 3463 1436 3523 Η.

360 3537 499 3598 Similiter
508 3537 577 3616 juro
588 3537 688 3600 divino
709 3541 872 3621 presbytcri
889 3542 1030 3623 episcopis
1046 3541 1201 3617 suberant,
1220 3549 1309 3620 atquc
1325 3541 1360 3602 hi
1380 3563 1439 3608 stro

361 3618 457 3680 lubitu
468 3627 603 3698 poterant
614 3621 752 3684 adversus
763 3623 827 3684 illos
841 3641 905 3684 eam
917 3641 1035 3688 seruarc
1048 3623 1221 3686 methodum
1230 3623 1436 3704 judiciorum,

361 3717 427 3778 quaa
452 3703 543 3782 magis
556 3705 706 3765 commoda
719 3713 750 3765 et
771 3714 935 3786 opportuna
956 3707 1120 3783 videretur,
1136 3705 1275 3786 quoniam
1291 3705 1357 3768 bec
1368 3727 1440 3772 mc·

360 3781 469 3844 tbodus
495 3785 533 3845 ab
554 3785 656 3846 eodem
675 3786 775 3849 divino
796 3788 864 3866 jure
883 3789 1038 3851 constituta
1058 3809 1118 3851 non
1141 3790 1252 3865 iuuat,
1277 3796 1309 3848 et
1329 3798 1439 3854 tamen

360 3865 467 3926 Paulus
481 3867 621 3946 episcopis
632 3869 769 3948 imperat,
782 3873 830 3932 Nc
840 3868 983 3932 aduersos
993 3891 1032 3954 pr
1101 3880 1198 3934 urum
1207 3872 1440 3936 accusationem

360 3947 522 4026 recipiant,
538 3949 599 4012 nasi
610 3948 664 4012 sub
679 3948 807 4028 desolor,
826 3960 879 4014 out
895 3949 990 4014 tribou
1012 3963 1078 4016 testa
1145 3953 1220 4016 iod
1234 3953 1310 4014 lim.
1326 3960 1437 4039 coph

359 4044 435 4088 aera.
455 4033 503 4091 au.
526 4033 611 4094 iditto
625 4041 719 4096 cetera
737 4036 857 4116 similia,
876 4051 944 4114 quac
961 4045 1061 4098 sunta
1086 4037 1175 4099 Paulo
1195 4036 1373 4117 constituta,
1403 4050 1437 4100 ct
