3142 5188
853 461 1077 536 -626-

431 617 531 682 induci
546 613 713 678 debuisses
739 612 871 710 moribus
899 621 987 693 atque
1012 629 1188 676 aconaensu
1211 611 1442 676 christianorum
1467 615 1495 676 in

429 693 1294 866 ltleeulltbltaledttdlillit
1317 697 1496 840 lltllb

430 873 460 926 et
474 863 637 926 communis
654 863 786 922 omnium
810 877 982 936 consensus,
1004 859 1175 938 quistatim
1201 861 1314 939 erupit,
1343 879 1408 920 cum
1433 863 1495 940 pri-

427 967 511 1008 mum
526 962 682 1024 erumpere
701 943 794 1004 libere
816 941 926 1022 potuit,
954 939 1034 1002 unde
1056 947 1139 1002 ortus
1162 951 1225 1018 cst,
1249 941 1306 1004 nisi
1332 960 1366 1002 ex
1391 943 1496 1004 intimo

428 1047 516 1092 sensu
540 1027 689 1108 religionis
726 1033 813 1104 atque
837 1043 873 1084 ex
897 1023 1037 1102 impressa
1061 1022 1188 1084 firmiter
1217 1024 1249 1084 in
1275 1019 1407 1084 omnium
1432 1027 1496 1086 ani·

427 1111 484 1174 mis
501 1109 665 1172 reverentia
684 1107 996 1188 ccdesiarumlltque
1016 1104 1076 1166 buc
1101 1123 1172 1165 sane
1190 1113 1300 1184 spectat
1324 1110 1355 1167 S.
1372 1109 1396 1168 G
1468 1127 1493 1166 r.

427 1194 562 1258 Noniano.
582 1198 659 1254 orot.
677 1191 717 1250 bo
733 1187 768 1250 de
786 1185 871 1250 laud.
895 1183 992 1248 Besil.
1015 1205 1086 1282 pop.
1114 1188 1174 1248 555
1196 1195 1267 1250 tout.
1287 1191 1302 1249 l
1322 1186 1371 1249 ed.
1485 1233 1492 1248 .

428 1277 509 1338 loeo
532 1273 582 1352 qui
610 1279 723 1347 narrat,
749 1273 780 1334 S.
797 1269 885 1332 basil.
911 1276 1073 1349 protexisse
1095 1269 1231 1346 viduam,
1256 1289 1323 1350 quae
1346 1269 1494 1332 adultere

426 1358 611 1436 confugerat,
637 1363 724 1432 atque
751 1353 809 1430 ait,
839 1369 907 1412 eum
933 1351 1104 1426 fecisseid,
1125 1351 1205 1430 quod
1231 1371 1290 1412 non
1312 1359 1428 1412 tautum
1454 1356 1491 1414 bl.

426 1439 564 1514 Basilius,
578 1435 631 1498 sed
645 1437 733 1496 etiam
749 1435 844 1514 quivis
858 1433 932 1494 alius
946 1431 1079 1494 sacerdos
1093 1433 1189 1494 iacere
1204 1433 1369 1510 debuisset,
1389 1434 1492 1495 scilicet

426 1531 459 1582 ut
477 1539 543 1582 eom
560 1517 721 1592 adsereret,
742 1517 895 1593 retineret,
920 1516 1005 1577 omni
1022 1533 1097 1576 curo
1119 1524 1263 1594 tueretur,
1291 1517 1346 1578 Dei
1369 1515 1493 1578 clemen-

425 1605 476 1665 tioe
494 1611 524 1662 et
542 1601 615 1682 legi,
632 1598 849 1678 quaesitoribus
869 1597 1012 1659 honorem
1036 1597 1137 1658 baberi
1156 1597 1253 1678 jubet,
1281 1617 1411 1659 meum
1425 1617 1492 1681 por-

425 1686 534 1768 rigeret
554 1692 609 1744 eto.
633 1686 676 1744 lta
698 1681 807 1742 scilicet
830 1681 982 1760 uniam,
1007 1687 1163 1760 antequam
1188 1681 1238 1742 illa
1265 1679 1426 1742 'l'bcodosii
1449 1683 1492 1742 ler

425 1767 573 1849 prodiret,
596 1763 819 1825 ecclesiasticum
841 1763 955 1843 asylum
981 1761 1126 1824 mlerebat
1152 1759 1194 1824 od
1215 1761 1276 1824 Dei
1294 1759 1405 1846 legem,
1430 1783 1493 1847 pue

427 1845 576 1910 altoribus
589 1844 728 1908 man
741 1841 843 1908 baberi
848 1843 943 1928 jobet.
956 1845 1051 1920 Quam
1064 1843 1247 1905 ecclesiastici
1265 1845 1339 1925 asyli
1353 1846 1492 1927 originem

425 1932 549 1992 minime
564 1937 742 2009 compertam
766 1935 854 2006 atque
876 1927 1053 2006 apploratam
1071 1925 1196 2000 babent,
1216 1927 1267 2006 qui
1284 1946 1352 1988 eam
1368 1946 1387 1987 a
1404 1929 1493 1989 enti-

426 2013 482 2074 bus
504 2011 618 2092 legibus
639 2009 829 2090 repetendam
853 2017 968 2089 putant,
994 2027 1061 2068 eum
1085 2027 1187 2069 revera
1210 2008 1310 2070 civiles
1333 2008 1388 2069 bae
1413 2010 1492 2071 dere

425 2096 505 2176 leges
520 2093 670 2170 omniurn,
693 2110 759 2172 qum
784 2098 898 2152 exstant
920 2097 950 2150 et
967 2107 1093 2168 quarum
1107 2090 1217 2152 mentio
1235 2089 1395 2166 habeatur,
1419 2093 1492 2154 auti-

425 2175 572 2256 quissimoe
586 2175 679 2235 multo
693 2181 776 2234 antea
794 2173 979 2235 ecclesiarum
992 2172 1107 2252 asylum
1120 2173 1310 2234 constitutum
1324 2173 1489 2235 ostendunt

426 2263 598 2338 Anonymus
615 2255 735 2336 quidem
756 2257 896 2334 scriptor,
920 2255 971 2334 quui
994 2273 1071 2314 anno
1095 2257 1175 2316 llos
1193 2255 1349 2316 Florentia
1363 2255 1491 2317 libellum

427 2339 521 2402 edidit
547 2357 613 2400 cum
638 2339 724 2399 titulo
743 2338 883 2400 Discorso
906 2353 997 2420 sopra
1018 2334 1122 2399 l'Aailo
1138 2333 1344 2414 salemum,
1367 2338 1448 2400 salsis
1463 2347 1493 2400 ct

426 2420 561 2484 absurdis
585 2419 773 2496 ratiunculis,
801 2437 905 2500 quasa
928 2419 1018 2481 Paulo
1044 2420 1146 2499 Sarpio
1162 2437 1348 2498 peneomnes
1367 2423 1491 2499 accepit,

427 2505 627 2566 demonstrare
649 2511 769 2564 conatus
787 2509 845 2578 cst,
864 2500 1091 2562 christianorum
1108 2501 1223 2582 asylum
1246 2519 1280 2562 ex
1305 2499 1421 2562 ethnica
1440 2522 1493 2564 su-

421 2587 596 2668 perstitione
611 2584 786 2662 procedere3
803 2583 877 2644 illud
892 2583 978 2645 initio
994 2584 1111 2644 nonnisi
1135 2601 1247 2645 meram
1270 2583 1441 2646 elericorum
1461 2595 1491 2646 ct

425 2669 627 2749 episcoporum
645 2666 880 2726 intercessionem
899 2665 1003 2744 luisse,
1022 2685 1087 2746 quaa
1107 2685 1166 2727 non
1186 2667 1275 2728 dabat
1289 2683 1370 2745 spem
1384 2677 1491 2729 certam

426 2749 568 2830 perfugii,
592 2747 644 2808 sed
669 2753 729 2808 tota
753 2756 816 2808 erat
836 2747 930 2826 posita
951 2749 983 2808 in
1006 2767 1092 2828 prece
1117 2757 1146 2810 et
1172 2749 1382 2820 obsecutione,
1405 2769 1491 2828 quam

442 2833 557 2911 rinccps
580 2830 716 2892 audiebat
743 2837 773 2890 et
794 2827 971 2910 despiciebat
989 2849 1043 2892 suo
1067 2831 1227 2910 arbitratu3
1253 2832 1382 2911 denique
1399 2839 1491 2893 totum

420 2852 478 2976 boc
494 2913 531 2976 de
544 2913 623 2992 asylo
637 2910 787 2992 negotium
806 2911 843 2972 ad
860 2911 967 2972 laicum
988 2914 1148 2992 principem
1169 2915 1336 2996 pertinere,
1356 2915 1490 2993 quoniam

421 2995 499 3058 illud
513 2995 549 3056 ab
567 2996 629 3072 ejus
644 2992 786 3054 beneficio
803 3001 832 3054 et
849 2997 1021 3056 auctoritate
1035 2996 1196 3076 proiectum
1213 3005 1269 3058 cst.
1286 2997 1370 3058 blitto
1383 3005 1491 3058 ceteros

424 3096 551 3154 errores,
563 3075 670 3155 quibus
680 3075 994 3154 bielibellusabundat‚
1006 3085 1114 3157 etquos
1123 3081 1291 3141 refutarunt
1301 3081 1346 3141 io.
1358 3077 1492 3158 Aloysius

424 3165 598 3224 Assemanus
612 3157 648 3220 de
663 3155 731 3222 eccl.
749 3177 879 3220 reveren.
900 3166 928 3220 et
940 3155 1018 3242 osyl.
1039 3160 1193 3224 animadv.
1214 3161 1247 3222 ia
1267 3160 1397 3222 ducere.
1416 3181 1489 3303 gap.

1446 3263 1491 3317 ⁰⁰,

425 3245 509 3304 litet
532 3259 610 3324 sep,
630 3260 663 3301 cc
688 3245 748 3304 lae.
776 3241 966 3302 Pistorozzius
986 3259 1074 3322 opere
1094 3243 1243 3322 peculiari.
1268 3245 1397 3304 Tantum

423 3325 543 3406 quodsi
566 3321 791 3384 christianorum
814 3323 927 3402 asylum
950 3323 1075 3385 ethnice
1098 3325 1314 3405 superstitionis
1343 3325 1491 3406 arguitur,

422 3414 576 3488 propterea
591 3403 669 3484 quod
685 3403 759 3465 illud
779 3403 867 3465 etiam
885 3405 1010 3467 etbnicis
1032 3406 1106 3483 luit,
1121 3407 1180 3486 jam
1198 3407 1256 3470 erit
1279 3408 1368 3468 etiam
1393 3426 1493 3488 super-
1564 3467 1565 3474 ,

424 3491 504 3552 stilio
525 3487 690 3549 christianis
710 3485 819 3546 babere
834 3487 942 3566 templa
966 3495 996 3548 ct
1020 3487 1132 3549 cultum
1150 3498 1305 3552 catenum
1329 3489 1490 3570 religionis,

424 3571 562 3652 quoniam
578 3570 665 3631 etiam
681 3567 791 3630 ethnici
804 3575 962 3650 utrumque
977 3570 1152 3632 habuerant.
1173 3575 1235 3634 imo
1247 3590 1319 3632 vero
1337 3572 1419 3650 quod
1432 3571 1492 3632 bec

423 3654 588 3716 reverentia
603 3649 718 3730 templis
737 3649 922 3712 ethnicorum
939 3661 969 3712 et
985 3653 1087 3714 statuis
1104 3653 1270 3735 principum
1289 3653 1491 3726 exhiberetur,

424 3737 518 3799 multo
538 3736 629 3815 magis
646 3751 710 3793 eam
732 3733 889 3794 immortali
908 3751 941 3794 ac
959 3736 1131 3814 praepotenti
1151 3741 1227 3809 Deo,
1250 3736 1372 3814 ejusque
1392 3737 1491 3798 domui

423 3839 440 3879 a
460 3818 625 3879 christianis
642 3813 839 3876 exhibendam
858 3816 1439 3902 esse‚ostendontliicolauslie1leap.
1456 3817 1492 3880 od
1563 3851 1564 3870 r

423 3919 504 3963 corsa.
523 3899 652 3982 Bulpor.
669 3916 736 3979 cop.
762 3899 801 3958 95
818 3893 873 3960 eol.
893 3899 952 3958 582
971 3907 1041 3960 tom.
1067 3903 1080 3961 l
1108 3897 1177 3962 coll.
1202 3899 1312 3976 llard.;
1329 3919 1414 3962 cone.
1433 3905 1493 3963 lla·

422 3984 526 4043 tiscon.
545 3986 571 4043 ll
586 4000 652 4043 con.
673 3982 691 4040 8
707 3975 762 4040 eol.
786 3981 846 4040 loa
869 3987 937 4041 tom.
962 3983 980 4041 5
998 3977 1063 4042 coll.
1082 3981 1186 4059 liard.,
1201 3991 1230 4043 et
1247 3981 1362 4045 Theod.
1386 3985 1492 4046 Junior

418 4065 453 4124 'iri
472 4063 578 4126 celebri
596 4063 709 4142 edicto,
728 4061 807 4142 quod
825 4070 916 4124 emtat
931 4071 996 4143 post
1010 4064 1083 4124 et
1107 4063 1171 4126 cod.
1191 4061 1299 4127 Tbeod.
1325 4063 1361 4126 dc
1374 4062 1426 4128 bis
1439 4069 1492 4148 qut
1562 4147 1563 4156 ἵ
