3100 5182
542 417 764 488 -iil—

152 561 183 660 ᾗ.
215 560 277 632 lv.
305 560 417 646 Quare
445 563 501 634 illa
527 565 634 636 missio
661 567 696 636 in
724 564 838 636 orbem
864 568 1071 657 uuiversum,
1104 595 1185 666 pro-

110 662 177 757 priu
214 675 250 731 et
280 661 450 756 peculiaris
488 661 550 734 fuit
584 661 826 756 apostolorum,
857 690 917 760 per
953 689 1035 760 quos
1063 665 1187 762 ubique

108 757 295 828 nuncianda
318 775 390 830 erat
409 756 534 830 Christi
555 759 667 854 religio
690 759 768 857 (l);
794 761 852 832 sed
876 786 914 831 es
937 761 1066 857 populis
1090 789 1183 834 nuu-

111 857 189 926 cietn
226 872 262 926 et
302 857 483 953 prefectu,
519 859 600 928 certi
627 873 705 930 sunt
746 861 916 930 constituti
960 857 1062 948 fines,
1100 855 1188 932 intri

111 976 190 1046 quoe
236 957 466 1050 unusquisque
511 955 682 1050 episcopus
715 955 978 1052 jurisdictionem
1024 951 1182 1028 excreuit.

109 1047 192 1120 Hinc
213 1051 405 1146 patriurchis
419 1050 537 1148 plures
556 1054 731 1149 provincie
751 1055 973 1143 uetustiores,
993 1055 1186 1149 primatibus

110 1171 172 1216 unu
217 1151 310 1220 nario
347 1165 404 1218 rut
447 1173 605 1244 regnum,
648 1165 754 1221 metro
797 1150 862 1222 litis
896 1161 966 1222 iuna
994 1154 1182 1248 provincia,

111 1245 268 1340 episcopis
294 1245 440 1317 dioeooeis
469 1271 535 1316 unu
563 1246 637 1316 dein
661 1263 722 1318 est.
786 1274 882 1320 orum
909 1248 1048 1343 quilibet
1075 1251 1184 1347 impe-

110 1341 195 1410 rium
216 1341 317 1411 habet
348 1345 384 1412 in
410 1341 504 1412 illum
529 1359 625 1415 terrae
645 1359 808 1434 tractum,
834 1347 886 1416 cui
906 1348 1097 1442 praepositus
1121 1363 1181 1416 est.

113 1433 179 1506 Sed
205 1463 244 1508 cx
269 1438 318 1509 his
352 1439 507 1510 omnibus
536 1465 641 1512 unum
669 1440 770 1511 debet
798 1441 885 1512 effici
920 1465 1057 1536 eorpus,
1091 1442 1186 1538 quale

112 1547 162 1602 ost
186 1535 316 1606 ecclesia
342 1537 521 1625 catholice3
554 1537 640 1608 effici
673 1553 784 1608 nutem
817 1539 952 1634 nequit,
980 1539 1042 1606 nisi
1070 1555 1186 1609 cuncte

111 1631 149 1698 in
189 1655 294 1702 nuum
327 1637 589 1732 conjungentem
624 1636 782 1732 conjungi
820 1659 895 1705 vero
927 1658 997 1705 non
1025 1651 1183 1728 possunt,

115 1728 181 1795 nisi
213 1733 315 1800 omnia
343 1757 450 1802 unum
485 1747 584 1830 caput
611 1747 646 1804 et
680 1757 785 1802 unum
817 1757 993 1804 commune
1030 1747 1184 1803 centrum

114 1820 265 1896 habeant.

150 2103 194 2186 (l)
213 2110 320 2188 Ampio
340 2111 390 2170 ille
408 2118 536 2190 potestas
554 2109 681 2192 (semper
695 2119 793 2172 temen
807 2111 932 2173 obnoxio
952 2115 1039 2173 Petro
1053 2113 1186 2173 omniurn

114 2187 198 2264 cupiti
215 2191 395 2272 etprincipi)
418 2211 484 2270 quae
506 2193 539 2252 in
554 2194 682 2254 ecclesie
700 2194 844 2274 regimine
872 2194 1008 2272 apostolis
1034 2193 1101 2254 deta
1126 2203 1185 2268 est,

113 2267 143 2326 in
161 2287 220 2330 uno
242 2275 330 2333 Petro
347 2273 494 2335 ordinario
511 2274 586 2348 fuit,
605 2274 730 2352 ideoque
747 2275 785 2334 ud
805 2274 867 2352 ejus
895 2292 1074 2335 successores
1093 2274 1187 2334 deletu

114 2357 171 2424 est,
185 2368 289 2413 rerum
305 2355 336 2413 in
356 2355 460 2417 ceteris
474 2355 612 2434 apostolis
625 2356 683 2415 suit
699 2355 946 2431 extraordinarie,
962 2355 1104 2433 nequead
1122 2373 1188 2416 suo·

113 2436 383 2513 wseorestrmsim
408 2436 460 2496 sed
486 2435 605 2496 illorum
629 2434 711 2496 obitu
733 2438 885 2514 expiravit.
914 2435 1059 2498 Audistur
1080 2437 1188 2498 Natalis

113 2509 277 2576 Alexander
291 2517 370 2578 Birt.
389 2514 618 2580 ceolredum.
638 2522 658 2580 t
675 2513 715 2578 od
734 2515 833 2580 secut.
851 2519 882 2590 l,
900 2517 928 2600 §.
949 2521 968 2578 i
989 2528 1059 2578 torn.
1081 2521 1098 2580 5
1116 2537 1186 2598 puy.

113 2591 161 2682 lili,
178 2593 249 2657 edit.
271 2599 368 2660 Vertet.
394 2600 492 2672 1776,
518 2595 600 2677 cujus
625 2599 688 2660 hoec
702 2599 792 2660 verbu
811 2607 895 2658 suut:
920 2600 1045 2660 Summo
1063 2606 1189 2680 potrum

113 2691 142 2730 to
165 2676 286 2739 miecio
308 2697 367 2740 uon
394 2678 492 2742 solum
506 2679 576 2742 tua
594 2689 636 2742 est
655 2683 757 2751 Petro,
780 2675 831 2744 sed
851 2675 972 2759 reliquis
992 2678 1081 2740 etium
1100 2697 1189 2759 epos·

112 2750 189 2834 utu,
219 2768 246 2819 et
276 2757 323 2821 tis
351 2757 469 2840 quidem
500 2769 534 2821 ut
569 2769 712 2844 tunquam
741 2755 975 2821 extraordinario
1009 2777 1129 2819 munere
1161 2767 1192 2818 et

113 2852 176 2896 tum
193 2839 237 2902 eis
255 2839 408 2902 interituro
428 2833 632 2924 fungerentur.
656 2838 737 2904 Unde
757 2857 856 2902 omues
876 2837 955 2902 illud
974 2835 1068 2902 Pauli
1085 2837 1188 2900 merito

113 2915 167 2978 sut
176 2919 332 2982 vindicare
344 2930 495 3004 poteraut:
508 2924 646 2984 instantia
661 2942 726 2984 meu
744 2921 929 3000 quotidiana,
946 2919 1110 2981 sollicitudo
1124 2937 1189 2978 om-

113 2999 195 3064 niurn
210 3003 410 3064 eeclesiarum.
428 3005 534 3064 Souoto
550 3023 617 3068 vero
634 3009 721 3066 Petro
743 3019 875 3066 wuoesso
893 3009 934 3064 ert
959 2999 1116 3064 auotoritas
1135 2997 1190 3060 itta

114 3100 251 3165 supremo
268 3093 421 3166 tamquam
438 3083 590 3147 ordinario
606 3085 733 3169 pastori,
761 3085 809 3145 cui
821 3091 957 3164 perpetuo
974 3079 1187 3152 succederetur,

212 3161 269 3225 lr'eo
292 3164 409 3226 taudem
433 3167 602 3228 auctoritate
626 3165 666 3228 od
690 3184 785 3227 unum
811 3173 953 3226 revooutu.
987 3161 1067 3224 Unde
1092 3165 1191 3223 Seurri

138 3245 197 3306 etri
206 3245 287 3308 eules
301 3247 526 3308 autonomastice
542 3246 699 3328 apostolico
714 3243 791 3306 dieto
805 3253 846 3306 est
864 3265 882 3306 u
895 3245 926 3305 S.
944 3245 1122 3326 Hieronymo
1137 3251 1187 3303 etc.

115 3325 155 3385 lte
176 3327 267 3388 etinm
296 3327 402 3387 docent
424 3329 648 3406 Thomussinus‚
681 3329 841 3400 Bellienus,
874 3329 978 3387 Petrus
1010 3325 1047 3385 de
1077 3327 1188 3398 liures,
1299 3379 1307 3394 ,

115 3408 297 3484 mundius,
327 3409 376 3468 elii
398 3427 435 3468 ue
457 3429 520 3470 com
542 3410 636 3482 iures,
665 3409 756 3486 idque
780 3426 833 3468 oon
856 3416 934 3467 rmst
959 3407 1022 3466 locu
1038 3414 1080 3464 trs
1107 3409 1190 3466 Purr-

129 3489 197 3502 ..
377 3427 666 3506 ur.
834 3405 908 3502 fl..
1025 3407 1035 3464 ¹

116 3489 1191 3650 tit:’dttlttttlll”tttttnStltttlstttfttmtlt

116 3651 343 3728 propositionem
365 3651 551 3728 hereticum,
574 3661 661 3731 atque
683 3651 896 3712 schismaticam
922 3649 1079 3710 declaravit
1103 3647 1190 3707 intel-

114 3727 215 3791 lectam
224 3728 261 3792 de
270 3730 475 3814 jurisdictione
488 3732 646 3816 apostolica
658 3731 826 3806 ordinario,
845 3750 912 3814 quur
928 3732 960 3793 iu
976 3727 1037 3791 solo
1051 3732 1091 3789 D.
1105 3731 1189 3822 Petro

114 3809 297 3875 subsistebat.
319 3816 442 3876 Consule
457 3815 646 3876 Bollerinium
664 3813 698 3875 de
716 3821 818 3895 potest.
835 3809 932 3875 eccles.
951 3829 1029 3872 eum.
1053 3805 1188 3901 Poutrfir.

115 3899 311 4036 ptr-‚Appii
344 3893 370 3976 S.
397 3899 417 3956 i
440 3914 510 3978 puy.
539 3899 579 3957 ro
607 3904 634 3959 et
657 3913 735 3978 erp,
765 3891 889 3956 editioris
915 3897 1057 3973 lupustre
1087 3886 1192 3948 Vrude-

127 3992 165 4034 rc.
267 4017 275 4034 .
