3122 5170
820 445 968 522 -698
993 491 1042 506 -

397 603 591 700 requiritur,
632 623 669 670 ae
708 613 866 695 preterea
910 577 1050 697 capituli
1077 623 1237 672 consensu
1274 623 1352 697 opus
1400 615 1464 686 est,
1555 617 1557 694 j

396 715 434 774 ut
456 715 542 772 reete
564 697 626 769 boc
655 695 836 768 subsidium
862 696 903 768 ab
935 702 1087 796 episeopo
1112 697 1276 770 indicatur
1298 697 1359 793 (ὅ).
1394 696 1463 770 Sed
1555 711 1557 720 '

308 793 312 802 ’
385 791 522 888 'nurum'¹
538 795 651 867 saltem
693 797 729 864 in
770 794 885 886 ltalia,
914 797 970 896 jus
994 799 1082 892 viget
1117 795 1159 866 ab
1199 797 1387 868 Innocentio
1414 794 1465 866 Xl

395 898 625 979 constitutum,
655 919 722 990 quo
747 895 905 965 sancitum
936 911 1003 984 est,
1034 912 1071 966 ut
1098 894 1198 966 semel
1226 911 1354 964 tantum
1384 895 1465 991 epis

395 1019 520 1092 oopus,
549 991 697 1063 videlieet
722 991 756 1062 in
783 994 891 1088 primo
921 995 1065 1089 ingressu
1094 1018 1172 1082 suo,
1201 991 1264 1064 boe
1285 991 1463 1062 subsidium

394 1097 500 1188 exigat
539 1107 574 1162 et
610 1113 685 1161 vero
720 1105 851 1160 tantum
887 1093 1040 1188 accipiat,
1077 1107 1236 1188 quantum
1273 1107 1370 1162 antea
1407 1116 1461 1186 pe

395 1215 497 1262 annos
534 1189 747 1287 quadraginta
779 1187 850 1258 dari
887 1192 1054 1262 consuerit
1085 1191 1152 1288 (4).
1188 1188 1300 1274 Quare
1337 1193 1362 1258 si
1400 1215 1461 1284 qua

395 1305 507 1386 postes
534 1291 638 1383 gravis
667 1289 829 1360 exoriatur
852 1311 965 1377 causa,
1000 1312 1076 1384 quae
1111 1285 1289 1360 subsidium
1319 1285 1461 1382 flagitet,

395 1387 478 1459 sedis
500 1386 695 1484 Apostolice
721 1387 813 1457 venia
835 1410 917 1483 opus
944 1403 994 1458 est
1013 1385 1081 1484 (5).

436 1557 479 1640 (l)
499 1556 668 1620 Subsidium
686 1556 757 1634 hoe,
775 1557 819 1618 uti
843 1557 930 1620 etiarn
948 1557 1193 1634 cathedraticum,
1213 1575 1250 1618 ex
1273 1557 1338 1638 lege
1360 1555 1464 1618 ditem

395 1659 464 1702 sana
484 1640 633 1720 presedit,
652 1647 681 1700 et
701 1639 767 1700 ideo
781 1641 929 1720 regulares
943 1660 977 1702 ae
990 1642 1094 1710 ueteri,
1115 1643 1165 1720 qui
1181 1640 1308 1718 exempti
1323 1648 1411 1714 sunt,
1428 1640 1464 1699 il·

396 1724 454 1784 lius
467 1721 596 1784 solvendi
607 1739 697 1782 onere
710 1739 769 1782 non
781 1729 933 1800 tenentur,
949 1724 993 1782 uti
1004 1723 1133 1784 ostendit
1146 1722 1258 1786 Girald.
1273 1739 1373 1803 expes.
1390 1723 1460 1783 Jur.

396 1809 487 1868 Pont.
501 1823 571 1886 por.
591 1808 601 1864 l
621 1802 642 1864 l.
659 1801 831 1865 ddeeretul.
846 1813 913 1866 sect.
932 1807 991 1867 585
1003 1823 1075 1887 puy.
1088 1805 1161 1866 597.

436 1885 477 1968 (2)
499 1891 586 1949 Cone.
609 1889 741 1948 Lateran.
762 1889 801 1948 lll
823 1905 892 1946 eno.
915 1890 935 1948 l
957 1894 1028 1948 tom.
1053 1889 1157 1970 iper.
1177 1887 1196 1946 2
1216 1881 1271 1946 eol.
1293 1885 1370 1948 tols
1394 1883 1458 1946 eoll.

396 1969 503 2045 ilerd„
520 1987 586 2049 enp.
604 1971 642 2028 lo
656 1966 691 2029 de
707 1963 793 2051 Offio.
803 1965 901 2050 judie.
916 1967 1014 2030 ordin.

435 2051 477 2130 (ὅ)
500 2052 572 2131 Cep.
588 2052 606 2110 6
622 2047 658 2111 de
673 2053 756 2112 cene.
771 2057 867 2111 eruet.
882 2052 1006 2113 Consule
1020 2049 1131 2114 Girald.
1148 2047 1203 2112 loe.
1223 2051 1274 2112 eit.

434 2133 477 2214 (l)
498 2134 598 2193 lnnoe.
623 2135 663 2193 xl
685 2139 778 2193 eonet.
801 2135 840 2192 ts
862 2129 888 2213 S.
908 2135 947 2194 l0
967 2129 1078 2196 bellur.
1095 2141 1165 2194 tom.
1183 2136 1202 2195 8
1221 2152 1294 2216 paq.
1311 2135 1362 2194 ol.
1385 2133 1459 2194 Vide

394 2217 531 2277 eumdem
546 2215 696 2276 Giraldum
707 2211 761 2274 loe.
774 2233 847 2275 neon
856 2215 905 2276 eit.

434 2297 476 2380 (tt)
497 2299 603 2360 Confer
616 2296 759 2359 Gaudent.
775 2294 798 2356 l.
817 2301 829 2358 l
847 2294 883 2358 de
900 2295 963 2359 Vis.
981 2295 1104 2358 Proelot.
1122 2293 1223 2360 eccles.
1239 2297 1272 2360 d.
1286 2300 1305 2358 6
1319 2318 1352 2359 n.
1368 2301 1419 2360 18.

442 2453 473 2553 §.
501 2451 546 2522 V.
574 2452 722 2522 Pertinet
757 2477 895 2620 auoque
941 2451 983 2522 ad
1027 2454 1212 2566 episeopum
1254 2455 1454 2549 procuratio,

395 2576 469 2650 quae
501 2553 529 2621 ei
569 2550 724 2619 tribuitur
789 2552 990 2622 imentorum
1025 2575 1181 2640 nomine,
1220 2578 1297 2622 eum
1340 2551 1456 2624 direne-

393 2653 454 2720 sim
491 2649 596 2718 visitat
634 2646 706 2743 (l)
740 2647 870 2717 Debent
903 2651 992 2719 enim
1031 2651 1172 2746 episeopi
1202 2649 1335 2744 singulis
1370 2656 1455 2722 annis

394 2747 445 2820 vel
470 2772 528 2846 per
556 2748 718 2842 seipsos,
759 2743 811 2816 rel
846 2743 992 2842 legitime
1034 2747 1181 2844 impediti
1214 2773 1274 2844 per
1308 2751 1455 2820 doarium
1555 2763 1556 2820 ἱ

393 2845 596 2942 generalem,
627 2843 765 2918 aliumve
800 2845 904 2914 virum
938 2843 1093 2916 idoneum
1127 2845 1290 2917 dioeeesim
1316 2850 1452 2938 visitare,

268 3001 271 3018 .
393 2959 567 3040 totumque
598 2945 765 3038 negotium
798 2939 911 3013 saltem
946 2945 1032 3014 intra
1068 2943 1238 3014 biennium
1273 2943 1451 3034 absolvere,

392 3068 467 3114 eum
506 3045 551 3112 ita
585 3040 650 3112 late
681 3055 773 3140 patet
805 3038 969 3130 dimensis,
1008 3055 1047 3112 ut
1089 3067 1156 3113 uno
1188 3067 1276 3113 anno
1314 3046 1453 3115 universa

390 3141 519 3210 lustrari
552 3163 620 3210 non
649 3142 761 3236 possit.
797 3137 873 3225 Quo
903 3141 938 3209 in
968 3165 1104 3210 munere
1125 3139 1308 3210 curandum
1336 3157 1384 3213 est
1405 3141 1453 3211 di-

390 3237 547 3336 ligenter,
586 3253 625 3306 ut
660 3236 784 3335 ubique
824 3235 995 3310 christiana
1040 3235 1151 3334 religio
1185 3240 1313 3334 integra
1349 3239 1453 3312 obser-
1554 3275 1555 3296 κ

391 3351 506 3424 vetur,
530 3337 688 3432 pravique
718 3333 936 3406 emendentur
973 3360 1078 3408 mores
1113 3350 1147 3409 et
1181 3335 1346 3434 quidquid
1383 3336 1451 3410 mali

391 3436 534 3534 irrepsit,
566 3448 728 3504 avertatur
754 3433 821 3530 (2).

430 3604 474 3686 (l)
497 3608 570 3688 Cep.
586 3607 604 3665 6
620 3613 648 3666 et
660 3605 699 3666 25
710 3602 746 3666 de
759 3607 844 3666 Ceus.
859 3614 955 3668 exact.

431 3689 473 3769 (2)
494 3691 582 3750 Cone.
599 3687 682 3749 Trid.
694 3705 764 3748 sess.
781 3687 821 3747 il
835 3707 903 3772 cap.
917 3691 934 3749 5
946 3687 982 3750 de
993 3687 1118 3771 reform.

437 3831 469 3932 §.
497 3827 556 3899 vl.
599 3828 686 3901 Cum
727 3845 837 3900 autem
878 3855 1013 3928 aequum
1051 3833 1092 3903 sit
1131 3833 1344 3904 visitationem
1384 3831 1450 3903 fieri

388 3925 571 4028 sumptibus
608 3953 741 4018 eorum,
781 3931 838 4026 qui
871 3931 1060 4022 visitantur,
1094 3927 1228 4001 inducta
1252 3947 1301 4002 est
1333 3957 1449 4029 procu·

388 4031 491 4118 ratio,
527 4051 602 4122 quae
636 4025 883 4125 comprehendit
917 4027 1112 4126 hospitium,
1147 4028 1320 4121 alimenta,
1350 4045 1448 4102 oetera
