3122 5178
842 480 1037 551 ...76-

410 638 462 702 sod
485 637 569 716 plura
595 631 709 694 (1111111
735 631 914 707 reserantur,
939 631 1053 710 jamdiu
1078 629 1270 691 observarunt
1293 631 1348 690 riri
1374 631 1467 704 docti,

408 717 570 802 presertim
591 715 734 777 Antonius
755 713 950 796 Augustinus,
966 711 1088 774 Romani
1112 721 1300 773 correctores.
1323 713 1379 774 Sed
1401 731 1470 774 usus

409 799 466 864 lori
486 809 515 862 et
535 797 699 860 scholarum
722 794 807 874 iecit,
829 803 862 855 11
883 813 961 855 1111
980 796 1017 856 ab
1037 794 1173 855 omnibus
1196 814 1230 855 eo
1254 795 1371 854 nomine
1395 797 1470 857 Gra-

408 883 481 943 tiani
494 880 623 943 collectio
635 877 807 958 appelletur.
823 877 899 940 Vide
914 878 1074 938 Antonium
1090 877 1286 958 Augrrsfinnm
1302 874 1338 936 de
1352 875 1467 938 111111.

345 997 348 1004 =
411 963 549 1026 Gratiam
572 959 652 1023 11111
677 957 750 1021 dial.
776 963 809 1036 1,
827 968 858 1021 et
871 965 953 1022 notas
965 961 997 1021 in
1020 959 1156 1022 eumdem
1177 959 1272 1019 locum
1291 955 1336 1019 lit.
1357 962 1385 1020 B
1395 978 1468 1041 pop.

411 1049 450 1108 17
466 1055 535 1108 tom.
552 1045 585 1124 5,
599 1040 669 1104 odit.
685 1043 759 1105 Luc·
775 1061 827 1103 nn.
844 1043 935 1103 1767.

459 1215 491 1318 1.
519 1213 673 1288 Lxxtv.
712 1213 874 1284 Dividitur
915 1229 1024 1285 autem
1061 1215 1207 1284 universa
1248 1210 1391 1284 collectio
1435 1214 1471 1283 in

413 1331 520 1411 partes
547 1329 630 1400 tres,
662 1338 799 1410 quorum
824 1313 928 1410 prima
950 1311 992 1384 de
1011 1314 1155 1409 personis
1181 1313 1358 1407 praesertim
1382 1312 1469 1404 egit,

414 1415 558 1483 continet
594 1412 828 1484 distinctiones
860 1409 953 1496 101,
989 1426 1024 1480 et
1063 1408 1122 1479 sub
1154 1409 1298 1506 qnalibet
1335 1405 1473 1478 distinc-

413 1513 502 1581 tione
530 1507 640 1606 plnres
670 1533 836 1598 concitos,
866 1509 924 1604 qni
953 1509 997 1578 ita
1019 1507 1198 1602 allegentur
1223 1533 1272 1578 ex.
1307 1531 1356 1601 gr.
1386 1531 1468 1577 onai.

411 1632 529 1680 111111
549 1606 631 1680 dot.
659 1606 699 1696 l,
720 1605 781 1678 hoc
801 1620 850 1675 est
872 1631 949 1678 cort.
979 1609 1034 1702 qui
1060 1605 1174 1704 incipit
1191 1630 1306 1678 omnen
1321 1605 1403 1676 dist.
1428 1603 1443 1672 1
1456 1656 1471 1690 ,

412 1705 463 1784 vel
481 1730 540 1801 per
563 1728 737 1774 numerum
758 1706 909 1792 canonis,
928 1728 982 1773 ex.
1010 1730 1059 1798 gr.
1085 1729 1165 1775 oon.
1192 1703 1312 1774 odoi.
1336 1700 1369 1770 1.
1393 1700 1473 1770 Pars

413 1802 513 1874 altera
536 1799 659 1899 judicia
690 1801 895 1896 persequitur
928 1825 1029 1896 eaque
1063 1799 1161 1871 diviso
1196 1816 1244 1872 est
1280 1803 1315 1870 in
1342 1824 1470 1886 musas,

414 1921 489 1998 qnae
518 1913 595 1969 sunt
619 1923 756 1968 numero
785 1897 853 1986 56,
881 1896 941 1966 sub
965 1924 1160 1996 unaquaque
1186 1924 1278 1970 causa
1299 1913 1375 1967 sunt
1393 1896 1473 1993 plu-

414 2023 464 2068 res
525 1999 707 2068 notiones
744 2009 778 2066 et
818 1993 878 2064 sub
908 1997 1137 2092 quaestionibus
1170 1997 1278 2094 plures
1311 2020 1469 2066 cotiones.

415 2096 454 2166 ln
518 2109 584 2164 tera
621 2091 681 2164 hac
719 2109 811 2190 parte
842 2091 1016 2164 laudantur
1054 2121 1245 2183 numme,
1283 2119 1398 2165 111111
1439 2109 1474 2161 11

414 2197 644 2288 questiones,
688 2205 843 2286 praeterea
886 2218 1059 2282 numerus,
1101 2193 1151 2264 rel
1195 2194 1301 2290 priora
1344 2193 1474 2260 canonis

414 2290 532 2362 rerba:
562 2315 616 2360 oc.
640 2314 698 2385 pr.
725 2313 806 2360 coa.
838 2287 986 2362 11111.
1018 2291 1255 2385 81111111,
1289 2287 1337 2360 rel
1360 2313 1474 2360 conon

413 2413 526 2460 roomo.
554 2410 651 2458 cous.
680 2383 720 2453 11
748 2397 870 2480 quoeot.
898 2387 933 2456 5.
959 2387 1069 2457 Exstat
1091 2391 1125 2458 in
1146 2389 1205 2459 hoc
1223 2387 1342 2457 decreti
1359 2403 1471 2482 perte²

417 2487 479 2558 hoc
499 2499 547 2554 est
572 2489 612 2555 in
634 2507 731 2554 coos.
754 2482 800 2550 55
823 2497 945 2578 quaeri.
968 2485 1009 2573 5,
1033 2501 1186 2556 tractatus
1207 2487 1248 2557 do
1267 2489 1475 2582 poenitentia

414 2587 449 2653 in
475 2597 600 2678 septem
627 2577 848 2651 distinctiones
885 2580 1037 2652 tributus.
1079 2583 1162 2654 Cum
1194 2581 1379 2652 indicantur
1417 2607 1475 2650 ca-

417 2705 518 2754 nones
545 2682 602 2778 qui
633 2680 668 2748 in
695 2678 756 2750 hoc
784 2693 921 2750 tractatu
952 2680 1158 2771 reseruntur,
1192 2705 1235 2751 ne
1267 2705 1341 2751 cum
1375 2703 1477 2749 cano-¹

417 2780 513 2850 nibus
547 2781 661 2874 primae
697 2779 795 2873 partis
824 2775 1065 2849 confundentur
1098 2778 1227 2876 (eodem
1260 2779 1347 2848 enirn
1376 2776 1474 2848 modo

416 2875 614 2974 procedunt)
653 2874 784 2944 additur
824 2877 866 2948 do
906 2881 1116 2972 peonitentia
1155 2895 1188 2949 et
1220 2901 1312 2946 causa
1348 2899 1476 2970 nequa-

416 2999 516 3072 quam
543 2977 681 3062 citatur,
715 2999 764 3042 ex.
795 2998 850 3068 gr.
882 2998 961 3044 con.
990 2999 1094 3068 quom
1111 2979 1259 3074 paeatitet
1282 2975 1363 3044 dot.
1395 2975 1476 3044 lde

412 3077 597 3168 poeniteat.
632 3070 782 3166 Denique
814 3070 865 3141 od
887 3096 942 3142 roo
969 3073 1112 3167 pertinet
1138 3074 1233 3142 tertia
1257 3097 1349 3168 pare,
1372 3095 1476 3166 eoque

417 3167 644 3266 complectitur
679 3181 851 3236 tractatum
890 3169 932 3239 do
963 3176 1211 3244 coateecrotiorto
1244 3168 1402 3238 tributum
1433 3175 1477 3240 iot

417 3273 575 3364 quinque
600 3266 855 3352 distinctiones,
886 3291 1023 3363 quarum
1052 3293 1189 3340 conones
1216 3265 1388 3337 laudantur
1413 3265 1477 3336 hoo

419 3363 517 3436 modo
533 3389 614 3436 cort.
635 3365 903 3436 tabernaculum
923 3365 989 3436 dis.
1012 3367 1026 3434 1
1050 3363 1430 3452 1111111111.,111111.
1455 3363 1471 3432 1

416 3465 458 3534 do
480 3487 627 3535 consecr.
652 3463 733 3535 11111.
763 3461 796 3530 1.
821 3459 962 3532 Additur
983 3463 1025 3534 olo
1048 3473 1299 3536 consecratione
1306 3517 1318 3550 ,
1342 3477 1379 3532 nt
1402 3485 1477 3532 nos-

418 3576 530 3650 catur,
556 3583 711 3630 canonem
739 3557 780 3627 ad
803 3575 928 3656 portem
957 3563 1084 3631 tertiam
1117 3564 1292 3659 pertinere.

465 3655 495 3758 §.
542 3655 679 3727 LXXV.
714 3655 786 3726 Dici
818 3657 868 3726 rix
904 3673 1030 3754 potest,
1075 3662 1203 3757 quentis
1240 3657 1400 3757 plausibus
1442 3675 1478 3728 et

417 3773 539 3854 quanta
579 3753 749 3826 hominurn
790 3753 1021 3850 approbatione
1050 3757 1195 3828 Gratiani
1225 3757 1370 3829 collectio
1401 3753 1478 3825 sue-

420 3859 463 3926 rit
496 3870 648 3952 1111111,
683 3851 763 3922 odeo
797 3867 835 3921 ut
865 3855 900 3921 in
932 3851 1044 3924 scholis
1071 3855 1199 3952 publice
1229 3855 1408 3950 legeretur,
1442 3871 1478 3921 et

420 3957 455 4024 in
483 3953 552 4026 soro
575 3969 742 4050 tamquam
771 3974 843 4046 pers
870 3956 1050 4023 communis
1073 3957 1156 4049 juris
1189 3952 1372 4024 haberetur.
1400 3951 1478 4020 llin-

419 4077 482 4146 gno
516 4077 591 4125 sane
628 4065 662 4123 et
695 4047 811 4122 illustri
840 4045 936 4120 laude
967 4053 1083 4124 merito
1115 4051 1290 4124 celebratus
1315 4065 1362 4121 est
1390 4047 1478 4118 Gra-
