3142 5188
651 863 969 957 WWW
998 865 1110 955 Vb·

599 1093 636 1160 lte
656 1091 776 1174 deliquiis
796 1099 821 1156 et
842 1089 1000 1156 terentina
1017 1088 1169 1154 Sanctarum.

351 1445 371 1494 i.
384 1441 686 1498 namnetorum.
880 1449 886 1510 ι
922 1444 955 1496 11.
966 1443 1096 1496 nm
1107 1441 1278 1512 {reliquarum
1287 1443 1424 1496 muna.

844 1586 874 1688 §-
903 1587 931 1660 1.

402 1735 513 1809 Satan
541 1760 592 1808 res
621 1751 699 1808 sunt
732 1737 830 1808 etiam
866 1735 1025 1834 Reliquiae
1054 1732 1271 1828 Sanctorum,
1303 1731 1453 1834 quibus·

352 1837 511 1910 bonorem
550 1850 585 1906 et
621 1837 834 1908 reverentiam
870 1833 984 1906 baberi
1009 1833 1108 1933 jubet
1141 1833 1293 1923 eeclesia,
1335 1858 1426 1932 quu-

352 1937 441 2006 niam
474 1931 605 2006 illorum
633 1957 696 2030 ope
731 1960 768 2005 aa
798 1933 947 2032 precibus
976 1931 1080 2004 multa
1118 1929 1269 2004 homines
1301 1957 1321 2000 a
1354 1932 1425 2002 Deo

352 2032 510 2104 beneficia
539 2047 796 2128 nonaequuntnr.
830 2029 941 2119 Quare
974 2031 1101 2103 bonnm
1136 2046 1235 2129 atque
1266 2028 1350 2100 utile
1375 2045 1428 2100 est

353 2156 407 2202 eos
448 2127 637 2226 suppliciter
675 2131 843 2222 invocare,
889 2145 988 2230 atque
1028 2129 1072 2202 ob
1103 2129 1262 2201 beneficia
1315 2130 1428 2225 impe-

354 2227 470 2300 tranda
496 2253 515 2298 a
544 2227 613 2300 Deo
644 2252 705 2324 per
737 2231 807 2328 ejus
832 2225 939 2301 filium
968 2225 1135 2300 Christum
1164 2227 1345 2299 Dominum
1380 2223 1422 2294 ad

355 2351 469 2399 eorum
507 2329 688 2417 orationes,
737 2352 834 2424 opem
889 2327 1109 2425 auxiliumque
1151 2325 1346 2422 onningen,
1387 2339 1427 2394 et

355 2423 544 2496 honoranda
581 2440 659 2496 sunt
699 2441 911 2498 monumenta
946 2425 1099 2515 illorum,
1132 2449 1215 2522 quos
1257 2425 1292 2494 in
1330 2419 1426 2494 unalis

354 2547 432 2594 cum
456 2521 579 2593 Christi
602 2547 739 2616 regnare
762 2525 879 2594 seimus
907 2523 973 2621 (1).

395 2668 438 2751 (1)
459 2673 546 2734 Gonu.
569 2669 653 2733 Trid.
670 2685 743 2734 aaut.
763 2673 802 2736 at
816 2671 851 2734 r'n
868 2669 948 2736 deor.
968 2672 1005 2735 de
1017 2675 1088 2736 lau.
1101 2691 1200 2735 uetar.
1217 2682 1247 2736 at
1263 2669 1350 2758 rattq.
1368 2673 1425 2736 SS.

356 2752 591 2835 attuna'muyr'u.

402 2880 432 2982 §.
471 2881 517 2954 ll.
557 2882 727 2955 Sacrarum
759 2883 970 2983 reliquiarum
998 2887 1162 2956 veneratio
1187 2884 1230 2954 ab
1254 2885 1333 2981 ipsis
1366 2911 1426 2956 ee·

353 2981 457 3054 clasiae
490 2980 675 3078 primordiis
699 2998 748 3053 aet
781 2983 957 3080 repetenda
983 2983 1051 3080 (1).
1081 2981 1176 3080 Saepe
1200 2984 1291 3054 enim
1320 3007 1425 3055 sacrae

354 3080 499 3176 reliquia
526 3105 620 3152 eausa
647 3096 743 3152 erant
775 3079 919 3154 ecelesiae
943 3080 1133 3153 dedicanda
1160 3081 1240 3178 (2),
1264 3105 1351 3179 saepe
1370 3081 1426 3152 al-

353 3180 434 3248 turia
464 3203 561 3274 super
588 3176 783 3250 Sanctorum
809 3203 946 3278 corpora
975 3179 1183 3276 erigebantur
1207 3178 1292 3278 (ὅ),
1319 3197 1356 3252 et
1388 3181 1429 3250 iis

352 3273 607 3445 idmfmebantur
633 3275 782 3374 reliquiae
818 3277 920 3349 thecis
949 3277 1081 3350 incluse
1119 3277 1192 3374 (4),
1223 3303 1345 3376 easque
1379 3279 1427 3351 fi·
1460 3373 1468 3384 ¹

380 3399 445 3446 ees
476 3372 517 3443 ad
538 3399 592 3464 os,
628 3373 758 3467 oculos,
788 3393 976 3474 ceterosque
1004 3401 1115 3447 sensus
1144 3373 1368 3448 admovebant
1394 3391 1428 3448 et

357 3465 583 3546 osculabaritur
620 3471 688 3569 (5).
723 3471 790 3544 Sed
818 3475 999 3572 praesertim
1031 3477 1251 3572 antiquissima
1282 3489 1317 3548 et
1357 3473 1427 3544 nbi-

358 3595 423 3667 que
459 3585 588 3666 recepta
623 3569 824 3644 consuetudo
866 3571 948 3663 sert,
992 3589 1031 3643 ut
1058 3589 1241 3673 martyrum
1275 3572 1426 3670 reliquiar

356 3670 393 3738 in
423 3667 628 3739 eeclesiarum
657 3673 897 3742 consecratione
926 3670 1142 3742 adhibeantur
1181 3671 1248 3768 (6).
1284 3671 1426 3743 Eosdem

358 3791 449 3837 nunc
470 3769 588 3838 retinet
606 3765 737 3838 eeclesia
766 3770 978 3841 venerationis
1001 3771 1098 3882 justae
1120 3773 1219 3858 ritus3
1244 3770 1305 3842 red
1326 3767 1425 3840 nullae

357 3862 502 4031 colendae
540 3879 617 4035 suat
648 3865 942 4064 3¹⁰'‘(³7)¹⁸¹⁵q¹¹iae’
976 3869 1040 3940 nisi
1079 3893 1098 3937 a
1128 3866 1204 3942 sede
1241 3867 1423 3968 apostolica

360 3983 462 4058 appro
485 3979 549 4037 atae
611 3979 697 4036 erint
774 4018 783 4036 .
