<?xml version="1.0" encoding="UTF-8"?>
<!DOCTYPE html PUBLIC "-//W3C//DTD XHTML 1.0 Transitional//EN"
    "http://www.w3.org/TR/xhtml1/DTD/xhtml1-transitional.dtd">
<html xmlns="http://www.w3.org/1999/xhtml" xml:lang="en" lang="en">
 <head>
  <title>
</title>
<meta http-equiv="Content-Type" content="text/html;charset=utf-8" />
  <meta name='ocr-system' content='tesseract 3.04.00' />
  <meta name='ocr-capabilities' content='ocr_page ocr_carea ocr_par ocr_line ocrx_word'/>
</head>
<body>
  <div class='ocr_page' id='page_1' title='image "./institutionumca00devogoog_0649.png"; bbox 0 0 3142 5188; ppageno 0'>
   <div class='ocr_carea' id='block_1_1' title="bbox 357 427 1559 674">
    <p class='ocr_par' dir='ltr' id='par_1_1' title="bbox 357 427 1559 674">
     <span class='ocr_line' id='line_1_1' title="bbox 785 427 1559 504; baseline 0.005 -4"><span class='ocrx_word' id='word_1_1' title='bbox 785 469 834 484; x_wconf 90' lang='lat'><em>-</em></span> <span class='ocrx_word' id='word_1_2' title='bbox 860 427 932 500; x_wconf 70' lang='lat'><strong>648</strong></span> <span class='ocrx_word' id='word_1_3' title='bbox 957 470 1006 484; x_wconf 89' lang='lat'><em>-</em></span> <span class='ocrx_word' id='word_1_4' title='bbox 1558 489 1559 504; x_wconf 65' lang='grc'>.</span> 
     </span>
     <span class='ocr_line' id='line_1_2' title="bbox 357 521 1559 674; baseline -0.001 -33"><span class='ocrx_word' id='word_1_5' title='bbox 357 577 398 642; x_wconf 80' lang='lat' dir='ltr'><strong>orl</strong></span> <span class='ocrx_word' id='word_1_6' title='bbox 411 577 485 642; x_wconf 84' lang='lat' dir='ltr'><strong>eolo.</strong></span> <span class='ocrx_word' id='word_1_7' title='bbox 503 597 573 674; x_wconf 84' lang='lat' dir='ltr'><strong>opp.</strong></span> <span class='ocrx_word' id='word_1_8' title='bbox 593 580 627 641; x_wconf 87' lang='lat' dir='ltr'><strong>S.</strong></span> <span class='ocrx_word' id='word_1_9' title='bbox 644 574 774 640; x_wconf 77' lang='lat' dir='ltr'><strong>Paulini</strong></span> <span class='ocrx_word' id='word_1_10' title='bbox 787 573 844 640; x_wconf 85' lang='lat' dir='ltr'><strong>eol.</strong></span> <span class='ocrx_word' id='word_1_11' title='bbox 868 579 927 640; x_wconf 84' lang='grc'><strong>858</strong></span> <span class='ocrx_word' id='word_1_12' title='bbox 945 584 975 638; x_wconf 86' lang='lat' dir='ltr'><strong>et</strong></span> <span class='ocrx_word' id='word_1_13' title='bbox 994 595 1056 660; x_wconf 80' lang='lat' dir='ltr'><strong>sep.</strong></span> <span class='ocrx_word' id='word_1_14' title='bbox 1071 573 1118 638; x_wconf 78' lang='lat' dir='ltr'><strong>ed.</strong></span> <span class='ocrx_word' id='word_1_15' title='bbox 1140 576 1244 638; x_wconf 73' lang='lat' dir='ltr'><strong>Verus.</strong></span> <span class='ocrx_word' id='word_1_16' title='bbox 1266 575 1360 650; x_wconf 76' lang='grc'><strong>1756,</strong></span> <span class='ocrx_word' id='word_1_17' title='bbox 1377 578 1428 656; x_wconf 84' lang='lat' dir='ltr'><strong>qni</strong></span> <span class='ocrx_word' id='word_1_18' title='bbox 1558 521 1559 530; x_wconf 19' lang='lat' dir='ltr'><strong>i</strong></span> 
     </span>
    </p>
   </div>
   <div class='ocr_carea' id='block_1_2' title="bbox 326 658 1428 824">
    <p class='ocr_par' dir='ltr' id='par_1_2' title="bbox 326 658 1428 824">
     <span class='ocr_line' id='line_1_3' title="bbox 356 658 1428 740; baseline -0.003 -17"><span class='ocrx_word' id='word_1_19' title='bbox 356 663 436 740; x_wconf 86' lang='lat' dir='ltr'><strong>illos,</strong></span> <span class='ocrx_word' id='word_1_20' title='bbox 447 679 520 740; x_wconf 89' lang='lat' dir='ltr'><strong>quos</strong></span> <span class='ocrx_word' id='word_1_21' title='bbox 532 661 672 731; x_wconf 84' lang='lat' dir='ltr'><strong>indieavi,</strong></span> <span class='ocrx_word' id='word_1_22' title='bbox 693 659 808 722; x_wconf 75' lang='lat' dir='ltr'><strong>Paulini</strong></span> <span class='ocrx_word' id='word_1_23' title='bbox 826 660 904 722; x_wconf 86' lang='lat' dir='ltr'><strong>loeas</strong></span> <span class='ocrx_word' id='word_1_24' title='bbox 921 659 1065 734; x_wconf 83' lang='lat' dir='ltr'><strong>illustrat,</strong></span> <span class='ocrx_word' id='word_1_25' title='bbox 1083 677 1117 718; x_wconf 83' lang='lat' dir='ltr'><strong>ae</strong></span> <span class='ocrx_word' id='word_1_26' title='bbox 1134 658 1173 718; x_wconf 85' lang='lat' dir='ltr'><strong>de</strong></span> <span class='ocrx_word' id='word_1_27' title='bbox 1190 659 1320 737; x_wconf 74' lang='lat' dir='ltr'><strong>antiquis</strong></span> <span class='ocrx_word' id='word_1_28' title='bbox 1333 659 1428 720; x_wconf 84' lang='lat' dir='ltr'><strong>abris-</strong></span> 
     </span>
     <span class='ocr_line' id='line_1_4' title="bbox 326 739 1328 824; baseline -0.004 -18"><span class='ocrx_word' id='word_1_29' title='bbox 326 777 341 810; x_wconf 86' lang='grc'><strong>·,</strong></span> <span class='ocrx_word' id='word_1_30' title='bbox 356 745 503 806; x_wconf 90' lang='lat' dir='ltr'><strong>tianorum</strong></span> <span class='ocrx_word' id='word_1_31' title='bbox 518 743 549 804; x_wconf 93' lang='lat' dir='ltr'><strong>in</strong></span> <span class='ocrx_word' id='word_1_32' title='bbox 563 742 683 804; x_wconf 82' lang='lat' dir='ltr'><strong>eeclesia</strong></span> <span class='ocrx_word' id='word_1_33' title='bbox 694 742 853 824; x_wconf 74' lang='lat' dir='ltr'><strong>sepulturis</strong></span> <span class='ocrx_word' id='word_1_34' title='bbox 867 743 983 824; x_wconf 82' lang='lat' dir='ltr'><strong>eopiosa</strong></span> <span class='ocrx_word' id='word_1_35' title='bbox 996 749 1025 804; x_wconf 87' lang='lat' dir='ltr'><strong>et</strong></span> <span class='ocrx_word' id='word_1_36' title='bbox 1038 748 1172 804; x_wconf 87' lang='lat' dir='ltr'><strong>aeaurate</strong></span> <span class='ocrx_word' id='word_1_37' title='bbox 1183 739 1328 821; x_wconf 83' lang='lat' dir='ltr'><strong>disputat.</strong></span> 
     </span>
    </p>
   </div>
   <div class='ocr_carea' id='block_1_3' title="bbox 353 869 1427 1856">
    <p class='ocr_par' dir='ltr' id='par_1_3' title="bbox 353 869 1427 1856">
     <span class='ocr_line' id='line_1_5' title="bbox 403 869 1424 974; baseline 0.001 -32"><span class='ocrx_word' id='word_1_38' title='bbox 403 871 433 974; x_wconf 79' lang='lat'><strong>§.</strong></span> <span class='ocrx_word' id='word_1_39' title='bbox 473 871 533 945; x_wconf 93' lang='lat' dir='ltr'><strong>lIl.</strong></span> <span class='ocrx_word' id='word_1_40' title='bbox 569 871 667 946; x_wconf 86' lang='lat' dir='ltr'><strong>Nunc</strong></span> <span class='ocrx_word' id='word_1_41' title='bbox 694 899 895 970; x_wconf 88' lang='lat' dir='ltr'><strong>quamquam</strong></span> <span class='ocrx_word' id='word_1_42' title='bbox 921 870 1102 944; x_wconf 80' lang='lat' dir='ltr'><strong>christianis</strong></span> <span class='ocrx_word' id='word_1_43' title='bbox 1128 869 1283 944; x_wconf 85' lang='lat' dir='ltr'><strong>omnibus</strong></span> <span class='ocrx_word' id='word_1_44' title='bbox 1314 873 1350 942; x_wconf 92' lang='lat' dir='ltr'><strong>in</strong></span> <span class='ocrx_word' id='word_1_45' title='bbox 1375 896 1424 943; x_wconf 84' lang='lat' dir='ltr'><strong>ea-</strong></span> 
     </span>
     <span class='ocr_line' id='line_1_6' title="bbox 355 967 1424 1070; baseline -0.002 -26"><span class='ocrx_word' id='word_1_46' title='bbox 355 969 450 1044; x_wconf 85' lang='lat' dir='ltr'><strong>olesia</strong></span> <span class='ocrx_word' id='word_1_47' title='bbox 478 969 646 1068; x_wconf 76' lang='lat' dir='ltr'><strong>sepultura</strong></span> <span class='ocrx_word' id='word_1_48' title='bbox 695 973 924 1070; x_wconf 87' lang='lat' dir='ltr'><strong>permittatur,</strong></span> <span class='ocrx_word' id='word_1_49' title='bbox 965 986 1074 1042; x_wconf 87' lang='lat' dir='ltr'><strong>tamen</strong></span> <span class='ocrx_word' id='word_1_50' title='bbox 1115 971 1152 1040; x_wconf 91' lang='lat' dir='ltr'><strong>in</strong></span> <span class='ocrx_word' id='word_1_51' title='bbox 1199 967 1313 1040; x_wconf 84' lang='lat' dir='ltr'><strong>multis</strong></span> <span class='ocrx_word' id='word_1_52' title='bbox 1349 967 1424 1042; x_wconf 82' lang='lat' dir='ltr'><strong>locis</strong></span> 
     </span>
     <span class='ocr_line' id='line_1_7' title="bbox 355 1067 1423 1167; baseline -0.005 -25"><span class='ocrx_word' id='word_1_53' title='bbox 355 1073 539 1142; x_wconf 75' lang='lat' dir='ltr'><strong>noemetens</strong></span> <span class='ocrx_word' id='word_1_54' title='bbox 566 1085 665 1159; x_wconf 83' lang='lat' dir='ltr'><strong>sunt,</strong></span> <span class='ocrx_word' id='word_1_55' title='bbox 692 1071 731 1140; x_wconf 91' lang='lat' dir='ltr'><strong>in</strong></span> <span class='ocrx_word' id='word_1_56' title='bbox 762 1069 881 1167; x_wconf 86' lang='lat' dir='ltr'><strong>quibus</strong></span> <span class='ocrx_word' id='word_1_57' title='bbox 915 1086 1124 1142; x_wconf 86' lang='lat' dir='ltr'><strong>mortuorum</strong></span> <span class='ocrx_word' id='word_1_58' title='bbox 1159 1091 1298 1164; x_wconf 86' lang='lat' dir='ltr'><strong>eorpora</strong></span> <span class='ocrx_word' id='word_1_59' title='bbox 1327 1067 1423 1138; x_wconf 87' lang='lat' dir='ltr'><strong>humo</strong></span> 
     </span>
     <span class='ocr_line' id='line_1_8' title="bbox 353 1163 1419 1264; baseline -0.003 -25"><span class='ocrx_word' id='word_1_60' title='bbox 353 1185 510 1264; x_wconf 80' lang='lat' dir='ltr'><strong>teguntur</strong></span> <span class='ocrx_word' id='word_1_61' title='bbox 550 1166 616 1264; x_wconf 86' lang='grc'>(1).</span> <span class='ocrx_word' id='word_1_62' title='bbox 652 1165 740 1238; x_wconf 87' lang='lat' dir='ltr'><strong>Sunt</strong></span> <span class='ocrx_word' id='word_1_63' title='bbox 774 1181 884 1240; x_wconf 85' lang='lat' dir='ltr'><strong>autam</strong></span> <span class='ocrx_word' id='word_1_64' title='bbox 919 1169 1104 1238; x_wconf 81' lang='lat' dir='ltr'><strong>eoenaeteria</strong></span> <span class='ocrx_word' id='word_1_65' title='bbox 1145 1165 1216 1238; x_wconf 85' lang='lat' dir='ltr'><strong>loon</strong></span> <span class='ocrx_word' id='word_1_66' title='bbox 1256 1163 1419 1260; x_wconf 77' lang='lat' dir='ltr'><strong>religiosa,</strong></span> 
     </span>
     <span class='ocr_line' id='line_1_9' title="bbox 353 1263 1424 1363; baseline -0.006 -25"><span class='ocrx_word' id='word_1_67' title='bbox 353 1267 491 1338; x_wconf 84' lang='lat' dir='ltr'><strong>solemni</strong></span> <span class='ocrx_word' id='word_1_68' title='bbox 523 1267 629 1363; x_wconf 84' lang='lat' dir='ltr'><strong>episeo</strong></span> <span class='ocrx_word' id='word_1_69' title='bbox 654 1267 664 1335; x_wconf 94' lang='lat' dir='ltr'><strong>i</strong></span> <span class='ocrx_word' id='word_1_70' title='bbox 691 1265 918 1338; x_wconf 87' lang='lat' dir='ltr'><strong>benedictione</strong></span> <span class='ocrx_word' id='word_1_71' title='bbox 951 1265 1026 1362; x_wconf 62' lang='lat' dir='ltr'><strong>(i),</strong></span> <span class='ocrx_word' id='word_1_72' title='bbox 1060 1263 1234 1336; x_wconf 79' lang='lat' dir='ltr'><strong>humandis</strong></span> <span class='ocrx_word' id='word_1_73' title='bbox 1277 1263 1424 1334; x_wconf 82' lang='lat' dir='ltr'><strong>fidelium</strong></span> 
     </span>
     <span class='ocr_line' id='line_1_10' title="bbox 354 1361 1425 1462; baseline -0.006 -26"><span class='ocrx_word' id='word_1_74' title='bbox 354 1363 561 1436; x_wconf 81' lang='lat' dir='ltr'><strong>cadaveribus</strong></span> <span class='ocrx_word' id='word_1_75' title='bbox 597 1362 747 1454; x_wconf 80' lang='lat' dir='ltr'><strong>edicta,</strong></span> <span class='ocrx_word' id='word_1_76' title='bbox 785 1387 888 1462; x_wconf 87' lang='lat' dir='ltr'><strong>eaque</strong></span> <span class='ocrx_word' id='word_1_77' title='bbox 924 1387 1027 1462; x_wconf 89' lang='lat' dir='ltr'><strong>prope</strong></span> <span class='ocrx_word' id='word_1_78' title='bbox 1065 1365 1148 1460; x_wconf 87' lang='lat' dir='ltr'><strong>ipsas</strong></span> <span class='ocrx_word' id='word_1_79' title='bbox 1190 1361 1339 1434; x_wconf 76' lang='lat' dir='ltr'><strong>eeclesias</strong></span> <span class='ocrx_word' id='word_1_80' title='bbox 1369 1363 1425 1431; x_wconf 83' lang='lat' dir='ltr'><strong>sita</strong></span> 
     </span>
     <span class='ocr_line' id='line_1_11' title="bbox 356 1457 1425 1534; baseline -0.004 0"><span class='ocrx_word' id='word_1_81' title='bbox 356 1487 425 1534; x_wconf 86' lang='lat' dir='ltr'><strong>esse</strong></span> <span class='ocrx_word' id='word_1_82' title='bbox 459 1461 577 1534; x_wconf 83' lang='lat' dir='ltr'><strong>solent.</strong></span> <span class='ocrx_word' id='word_1_83' title='bbox 623 1459 689 1532; x_wconf 90' lang='lat' dir='ltr'><strong>Ubi</strong></span> <span class='ocrx_word' id='word_1_84' title='bbox 723 1459 814 1534; x_wconf 85' lang='lat' dir='ltr'><strong>nulla</strong></span> <span class='ocrx_word' id='word_1_85' title='bbox 863 1477 941 1534; x_wconf 90' lang='lat' dir='ltr'><strong>sunt</strong></span> <span class='ocrx_word' id='word_1_86' title='bbox 985 1463 1170 1534; x_wconf 78' lang='lat' dir='ltr'><strong>coemeteria</strong></span> <span class='ocrx_word' id='word_1_87' title='bbox 1213 1459 1256 1532; x_wconf 83' lang='lat' dir='ltr'><strong>ab</strong></span> <span class='ocrx_word' id='word_1_88' title='bbox 1289 1457 1425 1530; x_wconf 76' lang='lat' dir='ltr'><strong>eeclesiis</strong></span> 
     </span>
     <span class='ocr_line' id='line_1_12' title="bbox 355 1555 1425 1656; baseline -0.005 -24"><span class='ocrx_word' id='word_1_89' title='bbox 355 1560 530 1650; x_wconf 79' lang='lat' dir='ltr'><strong>distinata,</strong></span> <span class='ocrx_word' id='word_1_90' title='bbox 582 1557 746 1632; x_wconf 75' lang='lat' dir='ltr'><strong>christiani</strong></span> <span class='ocrx_word' id='word_1_91' title='bbox 807 1561 844 1630; x_wconf 96' lang='lat' dir='ltr'><strong>in</strong></span> <span class='ocrx_word' id='word_1_92' title='bbox 889 1562 966 1656; x_wconf 89' lang='lat' dir='ltr'><strong>ipsis</strong></span> <span class='ocrx_word' id='word_1_93' title='bbox 1006 1558 1145 1632; x_wconf 84' lang='lat' dir='ltr'><strong>ecelesiis</strong></span> <span class='ocrx_word' id='word_1_94' title='bbox 1198 1555 1425 1656; x_wconf 79' lang='lat' dir='ltr'><strong>sepeliuntur,</strong></span> 
     </span>
     <span class='ocr_line' id='line_1_13' title="bbox 355 1655 1427 1756; baseline -0.004 -26"><span class='ocrx_word' id='word_1_95' title='bbox 355 1658 446 1730; x_wconf 83' lang='lat' dir='ltr'><strong>naias</strong></span> <span class='ocrx_word' id='word_1_96' title='bbox 481 1675 590 1729; x_wconf 85' lang='lat' dir='ltr'><strong>autem</strong></span> <span class='ocrx_word' id='word_1_97' title='bbox 630 1673 678 1730; x_wconf 87' lang='lat' dir='ltr'><strong>est</strong></span> <span class='ocrx_word' id='word_1_98' title='bbox 709 1683 823 1730; x_wconf 91' lang='lat' dir='ltr'><strong>eorum</strong></span> <span class='ocrx_word' id='word_1_99' title='bbox 863 1657 1006 1756; x_wconf 84' lang='lat' dir='ltr'><strong>aliquem</strong></span> <span class='ocrx_word' id='word_1_100' title='bbox 1039 1659 1074 1728; x_wconf 93' lang='lat' dir='ltr'><strong>in</strong></span> <span class='ocrx_word' id='word_1_101' title='bbox 1098 1656 1171 1729; x_wconf 88' lang='lat' dir='ltr'><strong>loeo</strong></span> <span class='ocrx_word' id='word_1_102' title='bbox 1213 1655 1355 1754; x_wconf 75' lang='lat' dir='ltr'><strong>profano</strong></span> <span class='ocrx_word' id='word_1_103' title='bbox 1383 1680 1427 1726; x_wconf 84' lang='lat' dir='ltr'><strong>se</strong></span> 
     </span>
     <span class='ocr_line' id='line_1_14' title="bbox 358 1755 769 1856; baseline 0.002 -29"><span class='ocrx_word' id='word_1_104' title='bbox 358 1757 527 1854; x_wconf 89' lang='lat' dir='ltr'><strong>pulturam</strong></span> <span class='ocrx_word' id='word_1_105' title='bbox 550 1755 670 1828; x_wconf 86' lang='lat' dir='ltr'><strong>habere</strong></span> <span class='ocrx_word' id='word_1_106' title='bbox 698 1757 769 1856; x_wconf 83' lang='grc'>(5).</span> 
     </span>
    </p>
   </div>
   <div class='ocr_carea' id='block_1_4' title="bbox 353 1919 1430 2330">
    <p class='ocr_par' dir='ltr' id='par_1_4' title="bbox 353 1919 1430 2250">
     <span class='ocr_line' id='line_1_15' title="bbox 396 1919 1428 2003; baseline -0.005 -19"><span class='ocrx_word' id='word_1_107' title='bbox 396 1919 438 2003; x_wconf 93' lang='grc' dir='ltr'><strong>(Ι)</strong></span> <span class='ocrx_word' id='word_1_108' title='bbox 464 1945 479 1976; x_wconf 84' lang='grc' dir='ltr'>ι</span> <span class='ocrx_word' id='word_1_109' title='bbox 492 1920 547 1982; x_wconf 89' lang='lat' dir='ltr'><strong>Ubi</strong></span> <span class='ocrx_word' id='word_1_110' title='bbox 558 1923 637 2002; x_wconf 76' lang='lat' dir='ltr'><strong>uiget</strong></span> <span class='ocrx_word' id='word_1_111' title='bbox 650 1921 769 2002; x_wconf 86' lang='lat' dir='ltr'><strong>antiqua</strong></span> <span class='ocrx_word' id='word_1_112' title='bbox 780 1920 971 1998; x_wconf 87' lang='lat' dir='ltr'><strong>eonsuetudo,</strong></span> <span class='ocrx_word' id='word_1_113' title='bbox 984 1921 1081 2000; x_wconf 88' lang='lat' dir='ltr'><strong>inquit</strong></span> <span class='ocrx_word' id='word_1_114' title='bbox 1094 1919 1200 1982; x_wconf 76' lang='lat' dir='ltr'><strong>rituale</strong></span> <span class='ocrx_word' id='word_1_115' title='bbox 1212 1921 1299 1982; x_wconf 84' lang='lat' dir='ltr'><strong>Rom.</strong></span> <span class='ocrx_word' id='word_1_116' title='bbox 1314 1919 1428 1981; x_wconf 87' lang='lat' dir='ltr'><strong>editum</strong></span> 
     </span>
     <span class='ocr_line' id='line_1_16' title="bbox 353 2001 1429 2086; baseline -0.002 -22"><span class='ocrx_word' id='word_1_117' title='bbox 353 2004 436 2082; x_wconf 85' lang='lat' dir='ltr'><strong>jussu</strong></span> <span class='ocrx_word' id='word_1_118' title='bbox 461 2003 542 2064; x_wconf 90' lang='lat' dir='ltr'><strong>Pauli</strong></span> <span class='ocrx_word' id='word_1_119' title='bbox 567 2005 593 2066; x_wconf 82' lang='lat' dir='ltr'>V</span> <span class='ocrx_word' id='word_1_120' title='bbox 619 2003 664 2064; x_wconf 83' lang='lat' dir='ltr'><strong>tit.</strong></span> <span class='ocrx_word' id='word_1_121' title='bbox 689 2002 725 2065; x_wconf 80' lang='lat' dir='ltr'><strong>da</strong></span> <span class='ocrx_word' id='word_1_122' title='bbox 748 2003 907 2086; x_wconf 80' lang='lat' dir='ltr'><strong>Exequia&#39;a,</strong></span> <span class='ocrx_word' id='word_1_123' title='bbox 934 2001 1093 2084; x_wconf 84' lang='lat' dir='ltr'><strong>sepeliendi</strong></span> <span class='ocrx_word' id='word_1_124' title='bbox 1117 2009 1249 2063; x_wconf 88' lang='lat' dir='ltr'><strong>mortuos</strong></span> <span class='ocrx_word' id='word_1_125' title='bbox 1272 2002 1304 2062; x_wconf 92' lang='lat' dir='ltr'><strong>in</strong></span> <span class='ocrx_word' id='word_1_126' title='bbox 1328 2019 1429 2063; x_wconf 76' lang='lat' dir='ltr'><strong>omme</strong></span> 
     </span>
     <span class='ocr_line' id='line_1_17' title="bbox 356 2083 1430 2165; baseline 0 -19"><span class='ocrx_word' id='word_1_127' title='bbox 356 2085 448 2162; x_wconf 80' lang='lat' dir='ltr'><strong>tario,</strong></span> <span class='ocrx_word' id='word_1_128' title='bbox 473 2086 635 2146; x_wconf 86' lang='lat' dir='ltr'><strong>retineatur</strong></span> <span class='ocrx_word' id='word_1_129' title='bbox 650 2091 680 2146; x_wconf 88' lang='lat' dir='ltr'><strong>et</strong></span> <span class='ocrx_word' id='word_1_130' title='bbox 696 2085 749 2146; x_wconf 91' lang='lat' dir='ltr'><strong>ubi</strong></span> <span class='ocrx_word' id='word_1_131' title='bbox 768 2085 832 2146; x_wconf 87' lang='lat' dir='ltr'><strong>fieri</strong></span> <span class='ocrx_word' id='word_1_132' title='bbox 855 2094 960 2165; x_wconf 81' lang='lat' dir='ltr'><strong>potest,</strong></span> <span class='ocrx_word' id='word_1_133' title='bbox 989 2086 1172 2146; x_wconf 82' lang='lat' dir='ltr'><strong>restituatur.</strong></span> <span class='ocrx_word' id='word_1_134' title='bbox 1193 2109 1207 2139; x_wconf 76' lang='lat' dir='ltr'><strong>n</strong></span> <span class='ocrx_word' id='word_1_135' title='bbox 1240 2083 1319 2146; x_wconf 78' lang='lat' dir='ltr'><strong>Vide</strong></span> <span class='ocrx_word' id='word_1_136' title='bbox 1342 2085 1430 2146; x_wconf 76' lang='lat' dir='ltr'><strong>earm</strong></span> 
     </span>
     <span class='ocr_line' id='line_1_18' title="bbox 363 2165 871 2250; baseline 0 -22"><span class='ocrx_word' id='word_1_137' title='bbox 363 2185 445 2228; x_wconf 87' lang='lat' dir='ltr'><strong>eone.</strong></span> <span class='ocrx_word' id='word_1_138' title='bbox 461 2165 578 2230; x_wconf 86' lang='lat' dir='ltr'><strong>llediol.</strong></span> <span class='ocrx_word' id='word_1_139' title='bbox 593 2169 605 2228; x_wconf 94' lang='lat' dir='ltr'><strong>l</strong></span> <span class='ocrx_word' id='word_1_140' title='bbox 619 2185 688 2248; x_wconf 83' lang='lat' dir='ltr'><strong>por.</strong></span> <span class='ocrx_word' id='word_1_141' title='bbox 705 2169 803 2250; x_wconf 69' lang='lat' dir='ltr'><strong>icnp.</strong></span> <span class='ocrx_word' id='word_1_142' title='bbox 821 2169 871 2228; x_wconf 82' lang='grc'><strong>61.</strong></span> 
     </span>
    </p>

    <p class='ocr_par' dir='ltr' id='par_1_5' title="bbox 397 2247 1428 2330">
     <span class='ocr_line' id='line_1_19' title="bbox 397 2247 1428 2330; baseline 0 -22"><span class='ocrx_word' id='word_1_143' title='bbox 397 2247 439 2330; x_wconf 76' lang='lat' dir='ltr'><strong>(i)</strong></span> <span class='ocrx_word' id='word_1_144' title='bbox 461 2247 628 2310; x_wconf 78' lang='lat' dir='ltr'><strong>Benedictio</strong></span> <span class='ocrx_word' id='word_1_145' title='bbox 644 2250 802 2310; x_wconf 86' lang='lat' dir='ltr'><strong>eoemetarii</strong></span> <span class='ocrx_word' id='word_1_146' title='bbox 816 2249 876 2328; x_wconf 85' lang='lat' dir='ltr'><strong>jam</strong></span> <span class='ocrx_word' id='word_1_147' title='bbox 895 2247 1012 2330; x_wconf 75' lang='lat' dir='ltr'><strong>vigebat</strong></span> <span class='ocrx_word' id='word_1_148' title='bbox 1033 2255 1119 2310; x_wconf 77' lang='lat' dir='ltr'><strong>nanae</strong></span> <span class='ocrx_word' id='word_1_149' title='bbox 1143 2251 1173 2310; x_wconf 89' lang='lat' dir='ltr'><strong>S.</strong></span> <span class='ocrx_word' id='word_1_150' title='bbox 1191 2250 1281 2328; x_wconf 66' lang='grc' dir='ltr'>(ἕως.</span> <span class='ocrx_word' id='word_1_151' title='bbox 1299 2251 1428 2323; x_wconf 69' lang='lat' dir='ltr'><strong>turon„</strong></span> 
     </span>
    </p>
   </div>
   <div class='ocr_carea' id='block_1_5' title="bbox 355 2327 1431 2492">
    <p class='ocr_par' dir='ltr' id='par_1_6' title="bbox 355 2327 1431 2492">
     <span class='ocr_line' id='line_1_20' title="bbox 355 2327 1430 2413; baseline -0.001 -23"><span class='ocrx_word' id='word_1_152' title='bbox 355 2329 399 2390; x_wconf 88' lang='lat' dir='ltr'><strong>uti</strong></span> <span class='ocrx_word' id='word_1_153' title='bbox 421 2337 500 2409; x_wconf 88' lang='lat' dir='ltr'><strong>patet</strong></span> <span class='ocrx_word' id='word_1_154' title='bbox 518 2349 555 2392; x_wconf 80' lang='lat' dir='ltr'><strong>ex</strong></span> <span class='ocrx_word' id='word_1_155' title='bbox 579 2327 628 2392; x_wconf 86' lang='lat' dir='ltr'><strong>lib.</strong></span> <span class='ocrx_word' id='word_1_156' title='bbox 650 2327 687 2392; x_wconf 82' lang='lat' dir='ltr'><strong>de</strong></span> <span class='ocrx_word' id='word_1_157' title='bbox 704 2327 787 2392; x_wconf 82' lang='lat' dir='ltr'><strong>Glor.</strong></span> <span class='ocrx_word' id='word_1_158' title='bbox 809 2327 940 2413; x_wconf 75' lang='lat' dir='ltr'><strong>consess.</strong></span> <span class='ocrx_word' id='word_1_159' title='bbox 958 2350 984 2392; x_wconf 88' lang='lat' dir='ltr'><strong>e.</strong></span> <span class='ocrx_word' id='word_1_160' title='bbox 1006 2333 1063 2392; x_wconf 78' lang='lat' dir='ltr'><strong>tua</strong></span> <span class='ocrx_word' id='word_1_161' title='bbox 1086 2327 1142 2392; x_wconf 85' lang='lat' dir='ltr'><strong>eol.</strong></span> <span class='ocrx_word' id='word_1_162' title='bbox 1164 2332 1223 2392; x_wconf 82' lang='grc'><strong>966</strong></span> <span class='ocrx_word' id='word_1_163' title='bbox 1239 2327 1288 2390; x_wconf 82' lang='lat' dir='ltr'><strong>erl.</strong></span> <span class='ocrx_word' id='word_1_164' title='bbox 1311 2329 1361 2390; x_wconf 81' lang='lat' dir='ltr'><strong>cit.</strong></span> <span class='ocrx_word' id='word_1_165' title='bbox 1377 2333 1430 2390; x_wconf 83' lang='lat' dir='ltr'><strong>lie-</strong></span> 
     </span>
     <span class='ocr_line' id='line_1_21' title="bbox 356 2410 1431 2492; baseline -0.004 -18"><span class='ocrx_word' id='word_1_166' title='bbox 356 2411 530 2474; x_wconf 84' lang='lat' dir='ltr'><strong>nedietionis</strong></span> <span class='ocrx_word' id='word_1_167' title='bbox 541 2411 616 2473; x_wconf 87' lang='lat' dir='ltr'><strong>ritus</strong></span> <span class='ocrx_word' id='word_1_168' title='bbox 630 2413 790 2492; x_wconf 83' lang='lat' dir='ltr'><strong>deaariptos</strong></span> <span class='ocrx_word' id='word_1_169' title='bbox 800 2431 837 2474; x_wconf 83' lang='lat' dir='ltr'><strong>ex</strong></span> <span class='ocrx_word' id='word_1_170' title='bbox 850 2413 977 2492; x_wconf 86' lang='lat' dir='ltr'><strong>antiquis</strong></span> <span class='ocrx_word' id='word_1_171' title='bbox 989 2411 1074 2474; x_wconf 86' lang='lat' dir='ltr'><strong>libris</strong></span> <span class='ocrx_word' id='word_1_172' title='bbox 1084 2412 1240 2475; x_wconf 84' lang='lat' dir='ltr'><strong>ritualibus</strong></span> <span class='ocrx_word' id='word_1_173' title='bbox 1254 2410 1342 2471; x_wconf 87' lang='lat' dir='ltr'><strong>babet</strong></span> <span class='ocrx_word' id='word_1_174' title='bbox 1354 2413 1431 2472; x_wconf 67' lang='lat' dir='ltr'><strong>lar</strong></span> 
     </span>
    </p>
   </div>
   <div class='ocr_carea' id='block_1_6' title="bbox 356 2489 1429 2658">
    <p class='ocr_par' dir='ltr' id='par_1_7' title="bbox 356 2489 1429 2658">
     <span class='ocr_line' id='line_1_22' title="bbox 356 2489 1429 2637; baseline -0.001 -82"><span class='ocrx_word' id='word_1_175' title='bbox 356 2495 454 2556; x_wconf 87' lang='lat' dir='ltr'><strong>tanius</strong></span> <span class='ocrx_word' id='word_1_176' title='bbox 467 2491 503 2556; x_wconf 82' lang='lat' dir='ltr'><strong>rie</strong></span> <span class='ocrx_word' id='word_1_177' title='bbox 517 2503 612 2637; x_wconf 54' lang='lat' dir='ltr'><strong>anag.</strong></span> <span class='ocrx_word' id='word_1_178' title='bbox 633 2491 701 2556; x_wconf 79' lang='lat' dir='ltr'><strong>arel.</strong></span> <span class='ocrx_word' id='word_1_179' title='bbox 720 2495 775 2555; x_wconf 86' lang='lat' dir='ltr'><strong>rit.</strong></span> <span class='ocrx_word' id='word_1_180' title='bbox 794 2492 818 2556; x_wconf 81' lang='lat' dir='ltr'><strong>i.</strong></span> <span class='ocrx_word' id='word_1_181' title='bbox 835 2497 854 2555; x_wconf 71' lang='lat' dir='ltr'><strong>i</strong></span> <span class='ocrx_word' id='word_1_182' title='bbox 870 2513 897 2556; x_wconf 80' lang='lat' dir='ltr'><strong>e.</strong></span> <span class='ocrx_word' id='word_1_183' title='bbox 917 2497 958 2557; x_wconf 79' lang='lat'><strong>20</strong></span> <span class='ocrx_word' id='word_1_184' title='bbox 981 2503 1002 2556; x_wconf 90' lang='lat' dir='ltr'><strong>t.</strong></span> <span class='ocrx_word' id='word_1_185' title='bbox 1024 2497 1044 2556; x_wconf 73' lang='lat'><strong>2</strong></span> <span class='ocrx_word' id='word_1_186' title='bbox 1061 2513 1096 2578; x_wconf 85' lang='lat' dir='ltr'><strong>p.</strong></span> <span class='ocrx_word' id='word_1_187' title='bbox 1116 2496 1177 2557; x_wconf 73' lang='lat'><strong>294</strong></span> <span class='ocrx_word' id='word_1_188' title='bbox 1193 2501 1297 2576; x_wconf 72' lang='lat' dir='ltr'><strong>aseq.</strong></span> <span class='ocrx_word' id='word_1_189' title='bbox 1311 2489 1359 2554; x_wconf 81' lang='lat' dir='ltr'><strong>ad.</strong></span> <span class='ocrx_word' id='word_1_190' title='bbox 1374 2493 1429 2554; x_wconf 82' lang='lat' dir='ltr'><strong>eit.</strong></span> 
     </span>
     <span class='ocr_line' id='line_1_23' title="bbox 398 2573 1063 2658; baseline 0.002 -21"><span class='ocrx_word' id='word_1_191' title='bbox 398 2575 440 2657; x_wconf 81' lang='lat'><strong>(5)</strong></span> <span class='ocrx_word' id='word_1_192' title='bbox 462 2578 568 2658; x_wconf 80' lang='lat' dir='ltr'><strong>cop.5</strong></span> <span class='ocrx_word' id='word_1_193' title='bbox 603 2573 782 2658; x_wconf 80' lang='lat' dir='ltr'><strong>eSapultur.</strong></span> <span class='ocrx_word' id='word_1_194' title='bbox 797 2575 899 2657; x_wconf 88' lang='lat' dir='ltr'><strong>ibique</strong></span> <span class='ocrx_word' id='word_1_195' title='bbox 909 2576 1063 2642; x_wconf 77' lang='lat' dir='ltr'><strong>Gamales.</strong></span> 
     </span>
    </p>
   </div>
   <div class='ocr_carea' id='block_1_7' title="bbox 356 2729 1438 4105">
    <p class='ocr_par' dir='ltr' id='par_1_8' title="bbox 356 2729 1438 4105">
     <span class='ocr_line' id='line_1_24' title="bbox 403 2729 1430 2832; baseline 0.001 -32"><span class='ocrx_word' id='word_1_196' title='bbox 403 2729 434 2832; x_wconf 78' lang='lat'><strong>§.</strong></span> <span class='ocrx_word' id='word_1_197' title='bbox 470 2729 528 2801; x_wconf 83' lang='lat' dir='ltr'><strong>lv.</strong></span> <span class='ocrx_word' id='word_1_198' title='bbox 562 2729 731 2827; x_wconf 84' lang='lat' dir='ltr'><strong>integrum</strong></span> <span class='ocrx_word' id='word_1_199' title='bbox 762 2733 882 2828; x_wconf 84' lang='lat' dir='ltr'><strong>cuique</strong></span> <span class='ocrx_word' id='word_1_200' title='bbox 918 2747 967 2804; x_wconf 80' lang='lat' dir='ltr'><strong>eat</strong></span> <span class='ocrx_word' id='word_1_201' title='bbox 1000 2731 1060 2803; x_wconf 87' lang='lat' dir='ltr'><strong>sibi</strong></span> <span class='ocrx_word' id='word_1_202' title='bbox 1087 2730 1252 2804; x_wconf 79' lang='lat' dir='ltr'><strong>ecelesiam</strong></span> <span class='ocrx_word' id='word_1_203' title='bbox 1292 2729 1430 2824; x_wconf 77' lang='lat' dir='ltr'><strong>eligere,</strong></span> 
     </span>
     <span class='ocr_line' id='line_1_25' title="bbox 356 2827 1432 3014; baseline -0.002 -16"><span class='ocrx_word' id='word_1_204' title='bbox 356 2827 1298 3014; x_wconf 52' lang='lat' dir='ltr'><strong>lili“inbibit-llllinitititil&#39;</strong></span> <span class='ocrx_word' id='word_1_205' title='bbox 1314 2853 1432 2997; x_wconf 65' lang='grc' dir='ltr'><strong>..Ἦῖ</strong></span> 
     </span>
     <span class='ocr_line' id='line_1_26' title="bbox 358 2953 1431 3124; baseline 0.001 -29"><span class='ocrx_word' id='word_1_206' title='bbox 358 3023 462 3096; x_wconf 85' lang='lat' dir='ltr'><strong>drales</strong></span> <span class='ocrx_word' id='word_1_207' title='bbox 479 2954 494 3026; x_wconf 64' lang='lat' dir='ltr'>J</span> <span class='ocrx_word' id='word_1_208' title='bbox 510 3052 547 3096; x_wconf 89' lang='lat' dir='ltr'><strong>ao</strong></span> <span class='ocrx_word' id='word_1_209' title='bbox 586 2981 805 3124; x_wconf 78' lang='lat' dir='ltr'><strong>parocbialea,</strong></span> <span class='ocrx_word' id='word_1_210' title='bbox 843 2953 988 3124; x_wconf 66' lang='lat' dir='ltr'><strong>ipuaequge</strong></span> <span class='ocrx_word' id='word_1_211' title='bbox 1038 3023 1123 3097; x_wconf 89' lang='lat' dir='ltr'><strong>illud</strong></span> <span class='ocrx_word' id='word_1_212' title='bbox 1174 3021 1431 3111; x_wconf 81' lang='lat' dir='ltr'><strong>consuetudine,</strong></span> 
     </span>
     <span class='ocr_line' id='line_1_27' title="bbox 358 3123 1432 3222; baseline 0.001 -29"><span class='ocrx_word' id='word_1_213' title='bbox 358 3139 415 3193; x_wconf 89' lang='lat' dir='ltr'><strong>ant</strong></span> <span class='ocrx_word' id='word_1_214' title='bbox 446 3123 613 3220; x_wconf 82' lang='lat' dir='ltr'><strong>privilegio</strong></span> <span class='ocrx_word' id='word_1_215' title='bbox 650 3124 777 3222; x_wconf 85' lang='lat' dir='ltr'><strong>adeptae</strong></span> <span class='ocrx_word' id='word_1_216' title='bbox 814 3139 892 3195; x_wconf 84' lang='lat' dir='ltr'><strong>sunt</strong></span> <span class='ocrx_word' id='word_1_217' title='bbox 936 3125 1003 3222; x_wconf 86' lang='grc'>(1).</span> <span class='ocrx_word' id='word_1_218' title='bbox 1045 3123 1155 3212; x_wconf 86' lang='lat' dir='ltr'><strong>Quare</strong></span> <span class='ocrx_word' id='word_1_219' title='bbox 1192 3126 1291 3194; x_wconf 81' lang='lat' dir='ltr'><strong>etiam</strong></span> <span class='ocrx_word' id='word_1_220' title='bbox 1325 3146 1432 3210; x_wconf 72' lang='lat' dir='ltr'><strong>uxor,</strong></span> 
     </span>
     <span class='ocr_line' id='line_1_28' title="bbox 356 3221 1436 3320; baseline -0.002 -29"><span class='ocrx_word' id='word_1_221' title='bbox 356 3223 458 3292; x_wconf 85' lang='lat' dir='ltr'><strong>invito</strong></span> <span class='ocrx_word' id='word_1_222' title='bbox 494 3225 634 3312; x_wconf 86' lang='lat' dir='ltr'><strong>marito,</strong></span> <span class='ocrx_word' id='word_1_223' title='bbox 671 3239 705 3293; x_wconf 85' lang='lat' dir='ltr'><strong>et</strong></span> <span class='ocrx_word' id='word_1_224' title='bbox 738 3221 824 3292; x_wconf 86' lang='lat' dir='ltr'><strong>filius</strong></span> <span class='ocrx_word' id='word_1_225' title='bbox 853 3221 975 3318; x_wconf 77' lang='lat' dir='ltr'><strong>pubes,</strong></span> <span class='ocrx_word' id='word_1_226' title='bbox 1013 3245 1213 3320; x_wconf 86' lang='lat' dir='ltr'><strong>quamquam</strong></span> <span class='ocrx_word' id='word_1_227' title='bbox 1240 3224 1281 3290; x_wconf 89' lang='lat' dir='ltr'><strong>sit</strong></span> <span class='ocrx_word' id='word_1_228' title='bbox 1312 3223 1348 3290; x_wconf 92' lang='lat' dir='ltr'><strong>in</strong></span> <span class='ocrx_word' id='word_1_229' title='bbox 1371 3245 1436 3314; x_wconf 82' lang='lat' dir='ltr'><strong>pa-</strong></span> 
     </span>
     <span class='ocr_line' id='line_1_29' title="bbox 358 3315 1432 3418; baseline -0.002 -29"><span class='ocrx_word' id='word_1_230' title='bbox 358 3321 417 3390; x_wconf 83' lang='lat' dir='ltr'><strong>tris</strong></span> <span class='ocrx_word' id='word_1_231' title='bbox 469 3335 623 3409; x_wconf 82' lang='lat' dir='ltr'><strong>otestate,</strong></span> <span class='ocrx_word' id='word_1_232' title='bbox 652 3319 789 3392; x_wconf 87' lang='lat' dir='ltr'><strong>liberam</strong></span> <span class='ocrx_word' id='word_1_233' title='bbox 817 3321 992 3417; x_wconf 81' lang='lat' dir='ltr'><strong>sepultnrae</strong></span> <span class='ocrx_word' id='word_1_234' title='bbox 1019 3323 1187 3418; x_wconf 89' lang='lat' dir='ltr'><strong>optionem</strong></span> <span class='ocrx_word' id='word_1_235' title='bbox 1215 3315 1341 3389; x_wconf 89' lang='lat' dir='ltr'><strong>habent</strong></span> <span class='ocrx_word' id='word_1_236' title='bbox 1363 3317 1432 3414; x_wconf 57' lang='grc' dir='ltr'>(ἲ).</span> 
     </span>
     <span class='ocr_line' id='line_1_30' title="bbox 360 3345 1436 3515; baseline -0.004 -25"><span class='ocrx_word' id='word_1_237' title='bbox 360 3415 426 3490; x_wconf 89' lang='lat' dir='ltr'><strong>Sed</strong></span> <span class='ocrx_word' id='word_1_238' title='bbox 444 3345 514 3490; x_wconf 79' lang='lat' dir='ltr'><strong>blio</strong></span> <span class='ocrx_word' id='word_1_239' title='bbox 539 3417 724 3514; x_wconf 73' lang='lat' dir='ltr'><strong>impuberi,</strong></span> <span class='ocrx_word' id='word_1_240' title='bbox 748 3418 791 3490; x_wconf 91' lang='lat' dir='ltr'><strong>ob</strong></span> <span class='ocrx_word' id='word_1_241' title='bbox 810 3419 953 3515; x_wconf 87' lang='lat' dir='ltr'><strong>inopiam</strong></span> <span class='ocrx_word' id='word_1_242' title='bbox 975 3417 1117 3508; x_wconf 75' lang='lat' dir='ltr'><strong>consilii,</strong></span> <span class='ocrx_word' id='word_1_243' title='bbox 1144 3433 1238 3515; x_wconf 86' lang='lat' dir='ltr'><strong>pater</strong></span> <span class='ocrx_word' id='word_1_244' title='bbox 1263 3415 1356 3512; x_wconf 80' lang='lat' dir='ltr'><strong>eligit</strong></span> <span class='ocrx_word' id='word_1_245' title='bbox 1379 3440 1436 3486; x_wconf 86' lang='lat' dir='ltr'><strong>se-</strong></span> 
     </span>
     <span class='ocr_line' id='line_1_31' title="bbox 358 3513 1437 3614; baseline -0.003 -26"><span class='ocrx_word' id='word_1_246' title='bbox 358 3515 545 3612; x_wconf 77' lang='lat' dir='ltr'><strong>pulturam,</strong></span> <span class='ocrx_word' id='word_1_247' title='bbox 579 3517 606 3586; x_wconf 88' lang='lat' dir='ltr'><strong>si</strong></span> <span class='ocrx_word' id='word_1_248' title='bbox 638 3515 673 3588; x_wconf 88' lang='lat' dir='ltr'><strong>id</strong></span> <span class='ocrx_word' id='word_1_249' title='bbox 708 3516 771 3588; x_wconf 86' lang='lat' dir='ltr'><strong>loci</strong></span> <span class='ocrx_word' id='word_1_250' title='bbox 806 3515 1009 3590; x_wconf 85' lang='lat' dir='ltr'><strong>consuetudo</strong></span> <span class='ocrx_word' id='word_1_251' title='bbox 1046 3517 1189 3614; x_wconf 85' lang='lat' dir='ltr'><strong>patiatur</strong></span> <span class='ocrx_word' id='word_1_252' title='bbox 1225 3513 1303 3610; x_wconf 80' lang='grc'>(5);</span> <span class='ocrx_word' id='word_1_253' title='bbox 1342 3539 1437 3585; x_wconf 82' lang='lat' dir='ltr'><strong>senus</strong></span> 
     </span>
     <span class='ocr_line' id='line_1_32' title="bbox 358 3611 1437 3712; baseline -0.001 -28"><span class='ocrx_word' id='word_1_254' title='bbox 358 3616 447 3684; x_wconf 90' lang='lat' dir='ltr'><strong>enim</strong></span> <span class='ocrx_word' id='word_1_255' title='bbox 473 3629 530 3685; x_wconf 85' lang='lat' dir='ltr'><strong>aut</strong></span> <span class='ocrx_word' id='word_1_256' title='bbox 556 3615 592 3684; x_wconf 92' lang='lat' dir='ltr'><strong>in</strong></span> <span class='ocrx_word' id='word_1_257' title='bbox 621 3613 768 3712; x_wconf 83' lang='lat' dir='ltr'><strong>sepulcro</strong></span> <span class='ocrx_word' id='word_1_258' title='bbox 801 3616 981 3706; x_wconf 77' lang='lat' dir='ltr'><strong>maenum,</strong></span> <span class='ocrx_word' id='word_1_259' title='bbox 1015 3617 1133 3685; x_wconf 90' lang='lat' dir='ltr'><strong>autin</strong></span> <span class='ocrx_word' id='word_1_260' title='bbox 1164 3611 1343 3710; x_wconf 83' lang='lat' dir='ltr'><strong>parochiali</strong></span> <span class='ocrx_word' id='word_1_261' title='bbox 1375 3637 1437 3683; x_wconf 84' lang='lat' dir='ltr'><strong>eo·</strong></span> 
     </span>
     <span class='ocr_line' id='line_1_33' title="bbox 358 3642 1437 3810; baseline -0.003 -28"><span class='ocrx_word' id='word_1_262' title='bbox 358 3711 452 3782; x_wconf 88' lang='lat' dir='ltr'><strong>nlesia</strong></span> <span class='ocrx_word' id='word_1_263' title='bbox 481 3711 633 3784; x_wconf 82' lang='lat' dir='ltr'><strong>conditur</strong></span> <span class='ocrx_word' id='word_1_264' title='bbox 666 3713 732 3809; x_wconf 77' lang='grc'>(4).</span> <span class='ocrx_word' id='word_1_265' title='bbox 768 3642 924 3783; x_wconf 71' lang='lat' dir='ltr'><strong>Similiter</strong></span> <span class='ocrx_word' id='word_1_266' title='bbox 960 3739 1069 3810; x_wconf 88' lang='lat' dir='ltr'><strong>neque</strong></span> <span class='ocrx_word' id='word_1_267' title='bbox 1107 3711 1331 3806; x_wconf 81' lang='lat' dir='ltr'><strong>regularibus,</strong></span> <span class='ocrx_word' id='word_1_268' title='bbox 1372 3713 1437 3807; x_wconf 87' lang='lat' dir='ltr'><strong>qni</strong></span> 
     </span>
     <span class='ocr_line' id='line_1_34' title="bbox 357 3809 1438 3909; baseline -0.002 -29"><span class='ocrx_word' id='word_1_269' title='bbox 357 3835 416 3881; x_wconf 90' lang='lat' dir='ltr'><strong>suo</strong></span> <span class='ocrx_word' id='word_1_270' title='bbox 446 3826 557 3882; x_wconf 82' lang='lat' dir='ltr'><strong>carent</strong></span> <span class='ocrx_word' id='word_1_271' title='bbox 586 3811 736 3900; x_wconf 80' lang='lat' dir='ltr'><strong>arbitrio,</strong></span> <span class='ocrx_word' id='word_1_272' title='bbox 768 3809 828 3880; x_wconf 89' lang='lat' dir='ltr'><strong>sibi</strong></span> <span class='ocrx_word' id='word_1_273' title='bbox 860 3809 978 3907; x_wconf 81' lang='lat' dir='ltr'><strong>eligere</strong></span> <span class='ocrx_word' id='word_1_274' title='bbox 1006 3809 1208 3909; x_wconf 84' lang='lat' dir='ltr'><strong>sepulturam</strong></span> <span class='ocrx_word' id='word_1_275' title='bbox 1236 3809 1337 3896; x_wconf 79' lang='lat' dir='ltr'><strong>lieet3</strong></span> <span class='ocrx_word' id='word_1_276' title='bbox 1370 3809 1438 3878; x_wconf 86' lang='lat' dir='ltr'><strong>nisi</strong></span> 
     </span>
     <span class='ocr_line' id='line_1_35' title="bbox 359 3905 1438 4004; baseline -0.001 -26"><span class='ocrx_word' id='word_1_277' title='bbox 359 3907 513 4004; x_wconf 85' lang='lat' dir='ltr'><strong>procula</strong></span> <span class='ocrx_word' id='word_1_278' title='bbox 539 3911 602 3979; x_wconf 86' lang='lat' dir='ltr'><strong>suis</strong></span> <span class='ocrx_word' id='word_1_279' title='bbox 630 3910 830 3980; x_wconf 87' lang='lat' dir='ltr'><strong>monasteriis</strong></span> <span class='ocrx_word' id='word_1_280' title='bbox 858 3905 1036 4001; x_wconf 84' lang='lat' dir='ltr'><strong>decedant,</strong></span> <span class='ocrx_word' id='word_1_281' title='bbox 1063 3912 1108 3980; x_wconf 86' lang='lat' dir='ltr'><strong>ita</strong></span> <span class='ocrx_word' id='word_1_282' title='bbox 1136 3923 1174 3980; x_wconf 91' lang='lat' dir='ltr'><strong>ut</strong></span> <span class='ocrx_word' id='word_1_283' title='bbox 1203 3907 1245 3978; x_wconf 85' lang='lat' dir='ltr'><strong>ed</strong></span> <span class='ocrx_word' id='word_1_284' title='bbox 1271 3933 1309 3980; x_wconf 84' lang='lat' dir='ltr'><strong>ea</strong></span> <span class='ocrx_word' id='word_1_285' title='bbox 1328 3923 1438 3978; x_wconf 88' lang='lat' dir='ltr'><strong>trans·</strong></span> 
     </span>
     <span class='ocr_line' id='line_1_36' title="bbox 362 4003 896 4105; baseline 0.011 -31"><span class='ocrx_word' id='word_1_286' title='bbox 362 4003 439 4078; x_wconf 86' lang='lat' dir='ltr'><strong>ferri</strong></span> <span class='ocrx_word' id='word_1_287' title='bbox 464 4005 635 4080; x_wconf 84' lang='lat' dir='ltr'><strong>commode</strong></span> <span class='ocrx_word' id='word_1_288' title='bbox 652 4022 818 4105; x_wconf 85' lang='lat' dir='ltr'><strong>nequeunt</strong></span> <span class='ocrx_word' id='word_1_289' title='bbox 830 4005 896 4104; x_wconf 81' lang='lat'>(5).</span> 
     </span>
    </p>
   </div>
   <div class='ocr_carea' id='block_1_8' title="bbox 0 0 1583 5188">
    <p class='ocr_par' dir='ltr' id='par_1_9' title="bbox 0 0 1583 5188">
     <span class='ocr_line' id='line_1_37' title="bbox 0 0 1583 5188; baseline 0 0"><span class='ocrx_word' id='word_1_290' title='bbox 0 0 1583 5188; x_wconf 95' lang='lat' dir='ltr'><strong> </strong></span> 
     </span>
    </p>
   </div>
  </div>
 </body>
</html>
