3164 5174
392 579 466 640 alter
478 575 578 638 dotem
590 574 721 652 dederit,
736 593 838 636 omncs
847 574 897 654 jus
910 582 1080 655 patronatus
1093 583 1320 655 consequantur.
1335 576 1474 652 Quidam

393 669 489 720 tamen
509 665 594 736 sunt,
613 659 664 738 qui
685 656 770 720 fundi
794 657 951 719 donatione
975 657 1048 718 iffud
1070 657 1182 736 acquiri
1204 666 1329 738 afflant,
1350 659 1474 737 ajcntoe

392 741 611 815 fundationem,
636 758 724 817 quam
748 757 873 800 canones
898 747 1078 816 memorant,
1107 758 1170 800 esse
1196 739 1472 812 constructionem,

391 842 450 884 non
468 823 554 883 fundi
571 821 759 882 donationem
781 829 811 882 et
831 823 958 900 aliquam
980 840 1044 883 esse
1065 821 1113 882 vix
1131 840 1231 902 posse,
1249 823 1349 900 quiin
1366 823 1473 885 ulieaao

390 903 483 966 fundo
501 904 650 965 ecelesiam
667 903 805 964 edificet.
828 906 900 980 Quae
921 905 1065 965 sententia
1088 913 1132 964 cat
1156 905 1300 964 Francisci
1322 903 1360 964 de
1380 909 1474 985 Roye

391 985 432 1048 cd
445 987 492 1050 tit.
506 984 542 1048 de
556 988 633 1046 dure
646 994 767 1066 petron.
788 1005 856 1068 cop.
878 987 932 1062 13,
948 989 1015 1050 Van
1031 989 1127 1064 Fauen
1141 986 1201 1048 Ias
1214 984 1312 1048 ecda-r.
1326 986 1470 1050 enicem.

389 1089 459 1150 pur.
483 1068 565 1129 etit.
587 1069 627 1128 25
650 1069 750 1148 coqui
772 1086 859 1130 oum.
881 1071 939 1129 fiet
958 1086 1035 1151 seq„
1056 1076 1086 1128 et
1105 1067 1231 1128 aliorum
1250 1069 1469 1147 quorumdam.

390 1155 451 1232 Ego
476 1149 559 1211 facile
585 1147 623 1210 do
648 1157 678 1208 et
698 1150 842 1226 oonmdo,
863 1149 1015 1211 interdum
1035 1153 1281 1210 constructionem
1304 1169 1372 1210 cnm
1393 1153 1473 1213 fun-

389 1221 506 1293 datione
530 1229 683 1308 confundi,
707 1239 926 1310 atqueomues,
946 1241 980 1292 ut
994 1233 1171 1311 plurimum,
1196 1233 1227 1292 in
1251 1252 1321 1309 suo,
1344 1251 1403 1294 non
1432 1235 1472 1296 in

389 1315 484 1376 aberro
500 1314 593 1375 fundo
611 1313 762 1375 occimiano
779 1313 936 1376 edificare.
954 1314 1013 1376 Sed
1030 1314 1137 1392 siquis
1154 1314 1185 1374 in
1200 1315 1295 1376 alieno
1319 1315 1469 1394 edificet,

388 1415 442 1458 cur
454 1415 514 1458 non
529 1397 682 1474 acquirere
698 1395 787 1457 debet
802 1397 852 1476 jus
868 1405 1054 1476 patronatus,
1075 1397 1126 1474 qui
1144 1396 1272 1458 fundum
1286 1398 1383 1474 dedit,
1397 1399 1472 1460 sine

387 1497 446 1558 quo
461 1478 580 1542 ecclesia
604 1477 742 1539 edificari
768 1497 827 1540 non
855 1481 971 1558 potest?
994 1481 1097 1558 Neque
1119 1486 1234 1540 certum
1253 1489 1299 1540 eat
1318 1480 1396 1558 quod
1413 1499 1472 1542 ca-

388 1562 573 1702 ιιοῐιιεε,ἀιιιιίΙ
591 1559 629 1701 de
642 1559 823 1656 'fundatione
845 1561 1008 1704 loquuntur
1029 1579 1131 1703 ochg
1152 1560 1190 1620 ad
1214 1563 1469 1704 ‹stonflstrue‘tionem

387 1659 961 1806 {fitttttttcttttttuta
975 1661 1097 1786 iiiii,
1110 1661 1342 1787 ,fiiffl
1355 1663 1380 1704 ¹⁸
1393 1663 1454 1724 ⁹⁶¹

428 1853 470 1938 (ἓ)
496 1859 561 1918 Non
581 1873 699 1916 omnem
716 1862 815 1914 tamen
836 1853 1031 1934 dotationem,
1055 1865 1105 1917 aut
1127 1858 1372 1918 constructionem
1391 1859 1471 1920 satis

387 1955 449 1998 esse
471 1938 509 1998 ad
532 1937 743 2015 acquirendum
761 1937 811 2015 jus
834 1945 1019 2016 patronatus,
1044 1939 1196 2018 perspicue
1225 1941 1307 2000 docet
1329 1940 1470 2018 synodus

388 2019 561 2081 Tridentina
573 2019 655 2080 citat.
666 2037 737 2080 aeta.
751 2021 791 2080 25
803 2037 871 2100 cap.
884 2021 903 2080 9
916 2039 985 2081 cum
998 2021 1117 2096 statuit,
1133 2031 1167 2082 ut
1182 2047 1197 2076 ι
1212 2025 1379 2083 Patronatus
1389 2023 1471 2098 qui-

387 2119 536 2180 cumque.
556 2146 564 2162 .
583 2145 591 2161 .
610 2101 744 2180 acquisiti
758 2120 775 2162 a
789 2101 983 2184 quadraginta
1004 2105 1090 2164 annis
1106 2105 1196 2180 citra,
1222 2113 1251 2163 ct
1273 2104 1467 2165 infuturum

387 2182 575 2263 acquirendi,
591 2202 642 2246 seu
659 2203 695 2246 ex
717 2191 875 2265 augmento
896 2185 989 2260 dotis,
1011 2203 1064 2246 scu
1079 2204 1115 2246 ex
1132 2205 1207 2248 nova
1224 2185 1466 2262 constructione,

388 2266 434 2326 vef
457 2265 513 2326 alia
539 2266 628 2326 simili
652 2284 759 2341 causa,
786 2266 874 2326 ctiam
904 2268 1076 2328 auctoritate
1100 2269 1179 2330 cedis
1204 2267 1396 2347 spostolicae,
1423 2269 1470 2330 ab

388 2347 493 2408 iisdem
517 2346 689 2424 ordinariis,
715 2347 759 2408 uti
784 2347 940 2428 delegatis,
968 2356 1001 2408 ut
1025 2367 1129 2428 supra,
1154 2349 1204 2428 qui
1229 2350 1339 2410 nullius
1362 2349 1392 2409 in
1414 2349 1470 2412 bis

387 2428 574 2490 facultatibus
609 2437 659 2490 aut
695 2427 856 2510 privilegiis
887 2429 1101 2509 impediantur,
1143 2431 1302 2512 diligenter
1338 2449 1470 2513 coguos-

389 2519 508 2588 untur3
525 2519 554 2573 et
570 2530 643 2590 quos
662 2529 723 2572 non
743 2511 909 2590 repererint
926 2511 964 2572 ob
982 2513 1109 2572 maxime
1128 2515 1295 2576 evidentem
1314 2513 1469 2591 ecdcsiae,

387 2593 433 2654 val
466 2591 612 2670 beneficii,
642 2610 694 2654 scu
723 2593 874 2674 dignitatis
903 2595 1104 2656 necessitatem
1132 2596 1265 2677 legitime
1290 2597 1470 2658 constitutos

389 2693 466 2752 csse,
479 2677 511 2736 in
524 2683 620 2737 totum
634 2683 804 2736 revocante
823 2677 867 2737 fta
880 2675 905 2736 si
919 2677 986 2755 quie
1002 2677 1130 2738 ccdeaiae
1141 2697 1201 2739 non
1212 2679 1282 2739 satia
1294 2679 1400 2740 dotatae
1413 2679 1470 2740 in-

388 2765 570 2819 crementum
587 2757 665 2820 dotia
678 2757 828 2834 attribuit,
853 2758 930 2820 bene
954 2761 979 2820 is
1003 2757 1125 2839 quidem
1146 2760 1184 2822 de
1198 2761 1319 2824 ecdasia
1337 2761 1470 2826 meritus

388 2839 531 2916 babetur,
547 2841 599 2902 sed
612 2847 753 2920 patronus
766 2858 826 2902 non
840 2839 979 2902 efficitur.

430 2968 471 3051 (ὅ)
491 2973 534 3032 tta
547 2968 622 3029 iliud
640 2971 748 3032 Glosse
764 2977 932 3053 petrocum
953 2969 1076 3056 faciunt
1097 2970 1164 3050 doc,
1187 2970 1364 3054 edificatio,
1388 2971 1471 3055 sua-

389 3049 460 3128 das,
478 3051 703 3132 intelligendum
721 3069 784 3113 csse
799 3053 928 3116 ostendit
944 3057 965 3116 f
1023 3073 1097 3118 anus
1115 3054 1149 3116 io
1165 3073 1231 3138 cap.
1257 3056 1406 3132 Quoniam
1427 3055 1471 3120 de

388 3139 464 3196 lure
472 3141 594 3215 ρατνοιι.
607 3153 693 3196 oum.
706 3135 757 3194 ta.
772 3138 909 3198 Getarum
922 3135 975 3196 ilfu
1008 3146 1052 3198 est
1061 3137 1366 3216 animadvertendum,
1380 3141 1469 3217 quod

388 3216 438 3296 qui
452 3223 566 3278 tantum
581 3215 730 3278 ccdcaiam
744 3216 870 3278 acdificat
883 3237 943 3280 non
962 3221 1086 3298 acquirit
1096 3219 1145 3298 jus
1159 3228 1341 3300 patronatus,
1356 3221 1413 3280 nisi
1430 3241 1472 3284 ea

389 3316 472 3358 suam
492 3317 608 3378 quoque
625 3297 723 3360 dotem
739 3298 855 3360 habeat.
871 3303 974 3379 Neque
993 3303 1072 3362 euim
1087 3303 1150 3362 sine
1166 3301 1234 3362 dote
1250 3302 1367 3364 ecclesia
1387 3301 1473 3365 cedi-

389 3379 502 3440 ficanda
519 3389 580 3458 est3
603 3382 736 3459 quinimo
755 3383 990 3444 constituendam
1010 3401 1072 3445 esse
1094 3384 1210 3460 dotem,
1231 3393 1383 3463 autequam
1407 3385 1472 3449 iffa

389 3460 566 3538 edificetur,
585 3463 676 3523 tradit
694 3467 848 3544 Faqnanus
867 3461 921 3526 foc.
941 3465 990 3526 cit.
1009 3485 1094 3526 oum.
1117 3468 1166 3527 bb.
1187 3469 1285 3542 Quare
1301 3483 1364 3526 cum
1383 3473 1471 3530 sacri

389 3561 513 3605 canones
526 3544 695 3606 fundatores
705 3545 753 3624 jus
767 3555 937 3625 patronatus
952 3547 1059 3608 habere
1073 3555 1221 3624 statuunt,
1233 3567 1283 3610 ecs
1294 3547 1476 3630 intelligunt

388 3625 573 3702 fundatores,
594 3627 645 3704 qui
665 3629 824 3690 necessaria
847 3647 972 3708 quasque
992 3629 1153 3706 dederunt,
1173 3631 1198 3690 si
1215 3630 1314 3708 plures
1334 3631 1366 3691 bi
1381 3633 1473 3712 sint,

389 3727 490 3771 omnes
502 3708 536 3769 iu
548 3705 677 3770 sodidum
686 3709 735 3788 jus
746 3719 916 3790 patronatus
924 3712 1116 3788 obtinebunt3
1132 3713 1157 3773 si
1169 3731 1246 3772 unus
1258 3721 1360 3776 cuncta
1375 3733 1476 3793 proes·

388 3792 463 3868 titit,
483 3792 507 3852 is
524 3809 600 3852 unus
614 3799 753 3870 patronus
768 3793 935 3856 habebitur.
954 3799 990 3856 Et
1007 3813 1182 3875 quamquam
1194 3795 1371 3874 conjunctim
1387 3797 1475 3858 adi-

389 3873 501 3935 ficandu
516 3883 546 3935 et
564 3873 689 3934 dotanda
708 3882 745 3935 sit
762 3877 895 3953 ecclesia,
915 3884 1012 3938 tamen
1033 3877 1156 3950 dotatio,
1176 3895 1242 3954 que
1256 3877 1394 3956 deinceps
1410 3877 1472 3942 frat

389 3972 454 4097 coqu
473 3957 599 4102 eqiscopi
618 3973 777 4102 mansu}
802 3959 879 4018 valet
898 3959 986 4102 ehtguu
1007 3959 1045 4020 ad
1065 3959 1275 4037 acquirendum
1293 3959 1343 4036 jus
1360 3969 1471 4039 patro—

388 4054 424 4098 na
439 4055 485 4100 us.
523 4057 653 4122 aqnanus
713 4060 764 4101 .ca
779 4085 786 4100 .
803 4059 889 4102 oum.
949 4085 957 4102 .
