3142 5188
764 391 990 464 -olt-

340 557 375 614 et
403 555 549 613 aeterum
574 534 856 612 formidolosorum
891 554 1079 636 temporum
1107 538 1209 628 ratio,
1242 551 1277 610 et
1312 551 1415 635 petu-

339 641 438 712 lantia
475 638 699 728 ethnicorum,
739 639 796 736 qui
830 637 900 708 illas
946 635 1038 708 laeile
1077 634 1226 708 deridere
1258 651 1294 706 et
1327 660 1416 708 eon-

339 755 486 809 temnere
529 752 693 835 poterant.
746 734 881 808 Acoedit
912 751 946 806 et
972 733 1034 807 alia
1068 736 1173 825 ratio,
1215 732 1308 834 quod
1348 731 1417 806 ille

339 839 494 930 imagines
537 835 680 932 aliquam
714 833 798 908 forte
848 831 1063 906 offensionem
1108 830 1223 904 afferre
1261 846 1417 928 poterant
1550 888 1553 903 .

341 933 496 1023 ethnicis,
531 937 589 1030 qui
625 931 744 1004 Christi
785 931 975 1028 religionem
1017 929 1311 1030 amplectebantur.
1347 926 1417 1000 sed

339 1056 446 1104 eversa
480 1029 683 1122 idololatria,
715 1029 845 1129 lateque
880 1029 996 1102 diffissa
1032 1045 1066 1101 et
1099 1031 1276 1102 constituta
1308 1027 1416 1099 cbris-

341 1131 429 1202 tiana
460 1129 636 1225 religione,
675 1153 773 1202 sacras
796 1131 974 1224 imagines,
1007 1143 1064 1200 aut
1089 1131 1216 1228 pictura
1256 1140 1315 1198 aut
1345 1141 1415 1198 sta-

342 1229 406 1300 tuis
421 1251 598 1324 expresse,
617 1226 764 1300 adhiberi
781 1243 955 1324 ooeperunt
976 1225 1044 1324 (ἢ).

385 1368 428 1450 (l)
449 1367 569 1431 Nullum
590 1365 710 1447 quidem
737 1373 792 1442 est,
821 1365 902 1446 quod
923 1385 977 1450 ego
1004 1366 1105 1444 smum,
1131 1365 1287 1444 antiquum
1310 1379 1418 1425 monn·

343 1457 488 1526 mentum,
501 1449 581 1510 unde
602 1449 698 1531 eolligi
712 1449 812 1529 possit,
829 1448 925 1510 tribus
935 1447 1083 1529 prioribus
1097 1447 1211 1508 saeculis
1235 1447 1269 1506 in
1289 1446 1419 1507 scalenis

342 1529 489 1592 adhibitas
510 1531 599 1592 luisse
618 1550 712 1594 sacras
732 1531 885 1613 imagines,
911 1532 955 1591 uti
969 1549 1049 1592 nuno
1069 1529 1261 1590 adhibentur.
1280 1529 1344 1590 lloe
1356 1535 1419 1590 tan-

344 1621 410 1674 tum
422 1622 535 1674 eertum
558 1621 613 1690 est,
637 1615 672 1675 iis
694 1614 782 1674 etiam
804 1611 985 1692 temporibus
1000 1631 1059 1674 non
1072 1613 1159 1692 plane
1172 1612 1310 1692 ignotum
1331 1610 1421 1671 fnisse

345 1696 515 1757 earumdem
529 1695 689 1776 imaginum
699 1713 796 1756 usum.
809 1699 884 1758 Nam
897 1694 1021 1775 pastoris
1035 1695 1095 1756 suis
1108 1693 1241 1756 humeris
1254 1709 1343 1754 oron
1353 1709 1421 1774 ges-

344 1779 444 1854 tantis,
474 1777 530 1838 hoe
549 1785 592 1838 est
614 1777 722 1840 Christi
746 1778 904 1860 imaginem
925 1778 956 1838 in
978 1777 1066 1838 oalioe
1090 1784 1253 1838 exstantem
1272 1782 1420 1836 memorat

346 1859 470 1922 Tertull.
495 1857 530 1919 de
545 1856 670 1941 pudicit.
696 1877 762 1942 cop.
778 1861 878 1943 lpog.
898 1861 957 1922 tos
980 1859 1083 1922 Poris.
1110 1859 1200 1934 1675,
1225 1864 1255 1917 et
1276 1857 1423 1919 Lucienus

345 1937 619 2022 diat.1³ttloparer.
641 1943 748 2004 tom.5
783 1961 833 2024 og.
856 1943 915 2004 59⁷
936 1937 1007 2003 etit.
1031 1943 1129 2004 Amr.
1151 1940 1241 2016 1715,
1258 1939 1331 2000 satis
1344 1939 1422 2000 clare

346 2022 457 2084 indieat
478 2023 635 2104 imaginem
651 2027 683 2086 S.
699 1961 793 2101 Pauii,
810 2043 898 2103 quam
918 2024 981 2104 ipse
1000 2023 1115 2084 viderat
1129 2031 1159 2084 et
1173 2039 1262 2101 quana
1285 2021 1423 2102 petulan-

345 2112 393 2166 ter
413 2103 527 2166 irridet.
543 2105 627 2166 Adde
647 2104 726 2185 quod
749 2105 786 2167 de
808 2107 932 2168 muliere
949 2104 1171 2186 syrophoenissa
1185 2103 1288 2164 scribit
1310 2103 1420 2164 Euseb.

347 2184 418 2248 bist.
431 2183 481 2247 tto.
495 2187 514 2247 7
528 2205 593 2268 cop.
613 2189 649 2248 18
660 2205 733 2270 pop.
750 2189 810 2250 511
820 2185 867 2248 ed.
882 2188 945 2265 eit,
971 2205 1036 2248 eam
1058 2205 1094 2250 er
1120 2186 1272 2266 sanguinis
1292 2183 1376 2246 llum
1404 2204 1424 2247 a

347 2267 462 2331 Christo
487 2269 612 2330 Domino
634 2279 763 2330 sanatam
791 2271 823 2330 in
846 2269 909 2350 ejus
927 2267 1069 2330 honorem
1083 2287 1189 2330 ereans
1209 2275 1332 2328 statuam
1347 2283 1419 2328 ere-

347 2350 434 2426 xisse,
448 2368 514 2430 quaa
527 2350 642 2412 Eusebii
653 2359 737 2413 etate
749 2351 846 2412 adhue
858 2355 995 2415 cesareae
1009 2351 1136 2432 Philippi
1150 2349 1306 2411 visebatur.
1320 2350 1422 2423 Quam

349 2440 474 2494 statuam
495 2451 562 2493 eurn
578 2433 688 2494 ethnici
710 2434 826 2496 Juliano
836 2441 965 2514 apostata
987 2434 1059 2514 imp.
1086 2432 1302 2513 oonlregissent,
1318 2430 1422 2491 abris—

348 2513 420 2576 tiani
446 2515 509 2594 ejus
533 2515 626 2576 frusta
651 2515 830 2597 eollegerunt
856 2517 942 2576 etin
965 2515 1084 2577 eeclesia
1107 2515 1298 2588 oolloearnnt,
1327 2511 1422 2574 sieuti

352 2605 452 2658 narrat
478 2600 591 2658 Sozorn.
619 2593 688 2659 bist.
704 2593 726 2660 l.
740 2601 758 2659 5
772 2617 797 2660 o.
815 2599 849 2660 2¹
863 2615 934 2682 pag.
951 2599 1011 2659 212
1022 2597 1071 2661 eit.
1088 2595 1134 2659 ed.
1146 2597 1231 2658 nude
1241 2597 1330 2655 etiarn
1342 2595 1428 2656 anti-

351 2695 408 2757 qua
421 2680 508 2755 vitra,
534 2677 700 2758 exquibus,
723 2680 871 2760 prioribus
891 2697 1008 2759 quoque
1030 2681 1142 2742 seculis
1155 2696 1303 2740 sacrarum
1315 2677 1429 2760 imagi-

350 2778 422 2822 num
436 2779 507 2822 usus
527 2761 706 2838 ostenditur,
731 2763 784 2824 sed
802 2761 882 2842 quod
902 2761 961 2823 illoe
980 2763 1012 2823 in
1034 2761 1160 2824 eeclesiis
1174 2759 1308 2822 adhiberi
1323 2777 1427 2838 ooepe-

350 2849 441 2920 runt,
463 2843 565 2903 mirari
590 2861 651 2904 non
677 2845 784 2922 poterit
807 2845 937 2924 quisquis
961 2861 1064 2906 eorum
1083 2853 1249 2924 temporum
1272 2843 1424 2905 rationem

353 2923 450 2985 animo
467 2923 707 3004 comprehensam
718 2933 747 2986 et
762 2927 938 3006 exploratam
957 2925 1074 2988 babeat.

390 3003 432 3088 (1)
453 3007 610 3068 Innumero
633 3006 695 3068 lere
719 3017 788 3070 sunt
814 3016 1003 3070 monumenta
1030 3012 1081 3086 IV,
1107 3007 1136 3071 V
1158 3015 1189 3071 et
1210 3011 1251 3072 Vl
1265 3006 1362 3070 saemli
1383 3024 1429 3069 ex

353 3087 460 3166 quibus
474 3097 596 3165 eonstat,
613 3107 647 3150 ea
667 3097 839 3170 tempestate
865 3109 959 3151 saaras
983 3091 1126 3172 imagines
1148 3091 1179 3153 in
1198 3089 1336 3152 omnibus
1357 3087 1434 3151 tere

352 3169 479 3230 eeclesiis
498 3169 632 3232 adhiberi
645 3173 837 3234 oonsuerisse.
853 3173 979 3255 seligam
993 3171 1139 3252 quedam,
1164 3173 1216 3234 sed
1230 3171 1432 3233 disertissima

354 3251 561 3313 Patrumlooa.
579 3255 654 3334 Aug.
669 3251 848 3318 elemosena.
864 3253 1048 3337 Evangelist.
1071 3251 1122 3318 tto.
1141 3259 1154 3318 1
1175 3273 1241 3338 oop.
1261 3257 1301 3316 to
1312 3261 1387 3316 tona.
1408 3257 1430 3316 5

350 3351 420 3416 por.
437 3331 522 3395 bool.
539 3337 558 3394 8
578 3334 648 3396 edit.
669 3336 733 3415 eit,
746 3345 888 3398 memorat
911 3338 1069 3418 imaginem
1090 3337 1198 3400 Christi
1223 3337 1331 3416 pictam
1352 3353 1432 3396 oum

353 3419 440 3476 Petro
454 3421 483 3475 et
507 3417 612 3494 Paulo;
634 3425 699 3480 turn
720 3419 915 3499 apostolorum
937 3422 1017 3482 Petri
1031 3428 1060 3482 et
1082 3421 1163 3481 Pauli
1177 3417 1288 3500 effigies
1308 3415 1432 3479 ibidem

353 3497 498 3559 eoloribus
512 3517 660 3579 expressas
680 3502 812 3562 reserant
830 3501 934 3564 Ambr.
960 3511 991 3562 et
1010 3503 1106 3579 Hier„
1124 3521 1198 3583 quos
1210 3499 1309 3562 laudat
1322 3499 1433 3562 selva-

354 3579 420 3660 gius
440 3580 536 3665 antip.
548 3578 650 3644 ebriat.
666 3579 688 3642 l.
701 3584 755 3646 ne.
773 3580 827 3664 l§.
845 3586 875 3644 1.
902 3583 1044 3646 Similiter
1062 3587 1120 3648 Gre
1142 3629 1149 3645 .
1172 3587 1258 3665 uyss.
1272 3599 1435 3645 saeramm

354 3663 516 3743 imaginum
527 3681 612 3726 usum
625 3665 815 3727 vehementer
833 3663 933 3727 laudat
954 3665 988 3727 in
1012 3669 1097 3728 Orat.
1112 3605 1189 3729 ies.
1207 3663 1351 3727 meato.
1364 3672 1392 3725 t.
1410 3667 1429 3728 1

351 3761 386 3826 p.
403 3746 478 3808 1011
497 3743 542 3807 ed.
559 3747 661 3808 Poris.
677 3751 775 3826 1615,·
787 3755 817 3810 et
829 3747 889 3810 buo
905 3748 991 3809 etiam
1004 3749 1158 3812 reserenda
1172 3756 1242 3810 sunt
1254 3746 1432 3809 munionis

354 3827 462 3888 Asterii
475 3829 604 3891 Amasene
616 3830 649 3890 in
675 3833 767 3892 Ponto
787 3831 913 3911 episcopi
929 3833 1043 3915 Poneg.
1057 3829 1092 3892 de
1113 3833 1145 3892 S.
1161 3825 1309 3912 Eupbem.
1339 3827 1432 3912 opud

357 3907 499 3969 Rulnort.
521 3929 591 3994 pag.
615 3913 675 3974 teo
697 3933 782 3976 natm.
809 3911 908 3974 ledit.
927 3915 1026 3976 Anast.
1050 3915 1147 3990 1715,·
1163 3913 1276 3974 Paulini
1291 3907 1433 3972 ootol.9

354 3995 384 4048 st
408 3991 448 4052 10
470 3989 560 4054 Folia.
585 4011 656 4076 pop.
679 3995 903 4059 terseratis
930 4002 959 4057 et
982 4014 1057 4080 sep,
1077 4003 1106 4058 et
1123 4013 1195 4080 pop.
1213 3996 1273 4058 915
1287 4011 1365 4056 vers.
1383 3995 1428 4056 11
