3106 5170
499 414 645 487 -425
672 458 721 471 -

84 529 210 660 capillos.
237 533 423 634 attondere.
467 561 644 660 Episcopus
686 561 878 638 ooniirruato
916 563 1043 666 alapam
1089 569 1153 638 im·

85 661 180 755 pingit
202 657 280 756 (5),
308 675 346 731 ut
374 658 475 732 discat
501 686 534 732 se
558 676 709 757 paratum
732 687 799 732 esse
829 679 982 759 oportere
1007 665 1049 734 ad
1079 690 1153 736 orn-

86 761 131 828 nia
150 756 283 828 adversa
308 783 371 856 pro
391 757 512 830 Christi
537 761 670 830 nomine
685 761 806 830 invicto
830 765 939 833 animo
961 762 1151 853 toleranda⁷

85 859 170 1022 slippe
195 881 318 1024 paoenp)
326 857 617 1054 ipapoptitup5)(4);
634 857 778 954 denique
794 860 863 958 ejus
878 859 966 931 frons
990 861 1152 961 bombyce

88 980 199 1048 orgen
215 980 254 1024 er
278 981 294 1024 a
319 981 416 1050 sergi
433 981 475 1026 ur
554 1008 562 1026 .

98 1149 165 1293 ”gii
182 1151 303 1293 tentorii.
328 1154 414 1213 Rom.
442 1149 497 1214 ior.
522 1150 587 1212 ind.
613 1151 640 1232 S.
670 1154 724 1229 26,
750 1155 781 1214 S.
809 1156 874 1214 Cur.
893 1156 961 1215 Bor.
982 1155 1016 1216 io
1034 1157 1152 1218 Vcoor.

92 1274 100 1291 Λ
153 1251 181 1294 w
196 1277 204 1293 1

127 1313 165 1394 (2)
185 1319 324 1397 Proprias
355 1315 584 1379 confirmationis
615 1318 745 1396 patrinos
775 1314 912 1376 adhibuit
944 1317 1061 1380 erriesia
1088 1337 1154 1380 ourn

94 1415 211 1460 seorsum
232 1419 251 1460 a
267 1400 412 1482 baptismo
428 1399 493 1462 dari
506 1399 594 1480 ooepit
607 1398 663 1460 hou
680 1407 909 1475 oruamentum
930 1407 1019 1478 atquo
1038 1400 1109 1462 hino
1119 1401 1156 1462 ab

93 1479 297 1558 antiquioribus
323 1481 455 1562 patribus
481 1482 535 1544 soli
562 1481 775 1561 baptizatorum
804 1479 913 1559 patrini
941 1490 1153 1544 momorantur.

96 1561 190 1624 utrem
209 1565 273 1626 iore
294 1565 332 1626 de
355 1565 489 1644 utrisque
506 1572 576 1624 sunt
590 1565 747 1626 oonstituta
769 1569 799 1623 et
818 1561 869 1640 qui
891 1563 921 1622 in
942 1563 1087 1644 baptismo
1104 1581 1157 1644 ps-

95 1643 156 1704 trini
180 1664 244 1707 osse
266 1653 429 1728 noqueunt,
455 1646 547 1710 iidem
570 1647 658 1710 otiam
676 1647 707 1707 in
728 1643 949 1708 oonfirruatione
971 1645 1028 1708 hoo
1049 1664 1157 1708 munus

96 1743 185 1804 gerere
196 1727 405 1808 prohibentur.

132 1807 169 1889 (ὅ)
187 1811 281 1891 Hujus
293 1811 383 1892 alapas
392 1809 472 1874 nulla
486 1811 597 1874 mentio
608 1819 652 1873 est
665 1812 697 1872 in
710 1809 935 1872 sacramentario
949 1813 980 1873 S.
997 1811 1086 1890 areg.
1101 1811 1156 1886 ii„

98 1897 143 1948 aut
153 1891 178 1952 ir
190 1893 238 1970 iis,
253 1895 304 1974 qui
319 1897 361 1957 lx
376 1903 405 1955 et
418 1897 446 1956 X
460 1895 566 1956 saeoulo
579 1894 617 1956 da
629 1893 735 1954 ritibus
749 1893 939 1974 seripserunt.
952 1893 1070 1954 Primus
1083 1891 1158 1952 sorta

99 1989 153 2032 run
165 1977 336 2037 memoravit
350 1975 509 2038 Dur-andus
525 1976 735 2038 Mimatansise
756 1975 863 2054 isoop.:
882 1973 944 2053 ejus
960 1993 1031 2036 vero
1047 1981 1158 2054 myste-

98 2053 265 2138 riaexplioat
282 2059 706 2122 summonitores.
743 2075 758 2118 a
775 2059 911 2119 Sacram.
931 2055 1068 2139 confimo.
1082 2075 1155 2139 pap.

100 2137 177 2199 iuri.
191 2137 261 2200 eccl.
274 2137 396 2204 Mertai.
413 2148 485 2204 tom.
501 2144 516 2204 i
530 2161 553 2224 p
597 2185 604 2202 .
620 2143 682 2203 452
693 2137 741 2202 od.
756 2139 879 2202 Patauii
892 2141 983 2202 itti.

143 2219 170 2297 i)
189 2223 386 2285 Qtoehirmus
398 2227 547 2286 Romanus
590 2243 616 2284 o.
630 2224 679 2285 rit.
696 2221 723 2306 S.
737 2225 788 2284 26.

145 2302 171 2384 t)
191 2305 270 2366 Oiirn
294 2305 562 2368 confirmandorum
584 2307 695 2367 frontes
719 2303 882 2382 oradellis,
901 2321 952 2365 seu
974 2302 1055 2365 vittis
1073 2303 1160 2364 lineis

101 2383 292 2465 cingebantur,
321 2407 392 2467 quas
414 2407 508 2468 usquo
538 2389 575 2450 ad
602 2389 740 2449 soeoulum
766 2389 821 2449 ΧΙΙ
843 2385 994 2468 gestabant
1019 2403 1072 2464 por
1097 2385 1159 2446 dies

102 2465 202 2543 piures,
219 2469 382 2532 Amalarios
404 2467 440 2532 rie
457 2469 562 2531 Diria.
584 2466 667 2568 offic.
688 2467 739 2531 tit.
765 2471 865 2552 ioap.
892 2469 961 2530 iio
984 2464 1064 2528 Birt.
1091 2469 1156 2527 PP.

104 2554 164 2608 torn.
179 2553 214 2610 ii
226 2570 300 2635 paq.
317 2555 376 2614 966
386 2551 432 2614 od.
449 2551 548 2636 Laod.
563 2552 678 2616 Darnda
688 2553 718 2612 in
728 2551 877 2612 nonnuliis
887 2548 1157 2622 ecclesiisobtinnit‚

103 2637 131 2689 ut
142 2630 220 2694 linea
234 2635 315 2696 vitta
330 2643 444 2697 tanturn
458 2654 511 2714 por
525 2635 657 2697 triduum
668 2643 852 2716 gererentur.
