3134 5184
556 477 749 552 -ol-

135 622 223 689 mucul.
241 622 361 702 tmen,
381 633 452 688 tom.
469 628 489 688 8
504 623 559 688 col.
578 629 633 690 ull
656 647 741 692 noct.
761 631 795 706 5,
818 647 942 692 canones
961 631 1071 710 aliqum
1083 635 1186 696 rccitm

136 729 165 770 es
178 706 293 770 coneilio
308 705 468 790 Africano,
488 709 559 771 alios
575 729 644 772 vero
663 730 700 772 cc
718 707 840 774 concilio
862 709 1103 796 Gortluqiacm
1120 737 1186 796 que

135 791 321 852 Africanorum
348 809 491 852 canonum
505 792 657 872 inscriptio
671 801 701 854 et
714 794 861 856 distinctio
876 795 1030 858 lladrianaa
1040 797 1186 860 collectio·

38 917 40 922 .
137 874 298 951 oispropria
312 879 367 932 est.

38 989 40 1016 l
169 951 206 1034 (ὅ)
226 957 300 1015 ilinc
315 955 400 1016 salsus
417 953 551 1032 epistolas
570 956 673 1018 Isidori
696 957 879 1035 llercatoris,
907 975 972 1036 quc
999 967 1095 1037 postea
1117 979 1187 1042 pro-

137 1033 251 1112 dierunt,
268 1037 358 1114 aliqui
373 1035 544 1114 rejiciendas
567 1046 722 1117 putarunt,
747 1041 815 1118 quin
837 1040 945 1101 inloto
968 1039 1077 1104 codicia
1098 1061 1187 1104 eono-

136 1117 833 1284 litill'dtttllt‘ttltitt’
852 1123 1131 1266 llii⁶‘0ilil¹³“
1147 1127 1187 1186 ⁴⁹

138 1281 204 1357 rau,
222 1244 291 1341 ui.
306 1283 361 1358 uu,
378 1281 479 1344 raro.
506 1285 597 1344 luis.
617 1289 681 1362 Quo
703 1285 821 1345 nomine
838 1284 953 1346 consuo
968 1225 1187 1350 camumpli-

137 1362 217 1443 elligi
229 1363 404 1424 Hadrianum
418 1365 629 1442 collectionem,
646 1365 833 1427 manifestum
851 1375 895 1426 est
909 1385 943 1428 ex
959 1365 1114 1429 llincrnarc
1128 1373 1186 1432 lle-

138 1445 332 1526 meusi‚epial.
355 1444 848 1524 odm.1rinenar.taodonen.‚
872 1467 944 1530 paq.
973 1451 1031 1509 tlt
1057 1457 1126 1510 lom.
1155 1453 1185 1528 2,

138 1524 179 1586 ed.
191 1525 337 1588 Simonidi
348 1528 449 1588 Poris.
464 1531 555 1603 luto,
572 1530 624 1608 qni
636 1528 809 1590 isidorianas
822 1529 979 1590 decretales
991 1531 1141 1608 repudiat,
1156 1551 1189 1594 ac

139 1615 245 1667 lanmm
259 1609 422 1670 retinendos
434 1610 583 1672 contendit
598 1629 739 1686 mounes,
763 1629 837 1693 quos
854 1608 1023 1692 Apostolicc
1041 1611 1122 1674 cedes
1125 1655 1186 1674 .....

141 1698 168 1750 ct
177 1689 267 1750 cauo
276 1687 415 1751 catholico
424 1689 554 1768 ecclesia,
568 1711 693 1755 canorus
704 1689 1022 1776 appello15qoc'qoem.
1036 1693 1067 1754 ic
1081 1696 1190 1756 nostris

141 1789 289 1848 coorcnus,
310 1791 381 1856 quoa
404 1771 440 1834 nd
463 1775 486 1834 l
541 1771 631 1836 lolicc
657 1773 724 1836 sede
743 1773 871 1856 ocojorca
897 1775 994 1836 nostri
1014 1786 1190 1857 occeperunt

139 1851 299 1934 sequendus,
320 1853 415 1916 locum
449 1855 485 1916 ha
525 1863 568 1916 nt.
593 1859 633 1916 Ex
653 1875 711 1936 quo
727 1865 807 1917 recte
826 1873 952 1934 vereque
978 1857 1087 1938 colligit
1111 1861 1189 1920 Cou-

137 1936 248 1997 stanu'us
266 1933 321 1996 loc.
348 1937 416 2013 eit,
434 1935 499 2018 §.8
526 1957 610 1998 num.
634 1941 689 1999 lul
712 1957 783 2020 ρας.
803 1941 879 2010 ΗΟ,
896 1938 975 2016 quod
997 1939 1047 2018 qui
1068 1959 1084 2000 a
1104 1939 1188 2002 nobis

135 2015 285 2078 llamnnus
303 2017 394 2079 codex
415 2027 548 2094 vocatur,
570 2019 608 2080 ab
629 2021 784 2081 llincmaro
802 2039 837 2081 ex
855 2037 910 2080 usu
933 2027 962 2080 et
979 2021 1188 2083 consuetudine

134 2101 278 2176 sermonis,
294 2099 374 2180 apud
389 2103 533 2162 Romanos
549 2108 579 2162 et
597 2102 693 2166 Gallos
710 2103 836 2182 recepti,
855 2099 952 2164 codex
969 2120 1118 2164 cononum
1136 2121 1187 2165 vo-

137 2191 208 2242 tallls
217 2191 268 2243 esi.

173 2370 200 2470 ᾗ.
218 2371 322 2445 Lxll.
357 2370 569 2444 Celebrantur
593 2375 690 2445 etiam
715 2373 920 2446 collectiones
938 2375 1096 2452 Africanae
1117 2377 1184 2476 (l),

132 2468 304 2569 Hispanicae
346 2471 421 2568 (ἓ),
464 2471 639 2544 Gallicanae
681 2472 755 2570 (5),
796 2497 871 2569 quaa
908 2472 1016 2570 plures
1050 2501 1187 2549 numero

132 2587 216 2658 sunt,
242 2597 321 2642 cnm
348 2570 415 2640 sere
445 2572 478 2640 in
515 2595 710 2667 unaquaque
741 2574 873 2642 natione
903 2597 970 2643 non
1002 2572 1185 2662 defuerint,
1260 2641 1263 2652 ,

133 2671 180 2762 qui
202 2667 242 2740 de
265 2665 458 2764 colligendis
480 2669 656 2740 canonibus
684 2668 911 2739 laboraverint.
944 2673 1052 2767 Atque
1079 2673 1112 2740 in
1139 2671 1188 2742 luis

132 2765 368 2838 collectionibus
398 2767 447 2836 vel
480 2769 624 2862 integra,
663 2767 713 2837 vel
753 2767 820 2836 sere
860 2768 984 2862 integra
1025 2765 1189 2838 ecclesias-

129 2865 183 2958 lica
219 2879 436 2937 monumenta
478 2863 725 2954 describuntur,
770 2863 879 2934 habitu
918 2867 1024 2962 potina
1065 2867 1187 2940 ratione

131 2976 329 3060 temporum,
365 2987 464 3060 quum
500 2987 610 3032 rerum
657 2977 691 3032 et
718 2965 939 3034 materiarum.
980 2960 1066 3033 Sunt
1101 2967 1188 3036 enim

130 3059 328 3132 collectiones
366 3062 456 3150 aliae,
492 3085 567 3156 quae
605 3059 746 3130 breviter
789 3087 827 3132 ac
866 3062 1052 3132 summatim
1087 3087 1189 3134 cano·

129 3183 178 3228 nea
201 3159 373 3250 indicant,
391 3175 447 3230 aut
470 3173 573 3230 certos
595 3160 630 3228 in
656 3157 767 3230 titulos
795 3158 946 3229 tribuunt
977 3163 1061 3254 ipsos
1090 3185 1189 3232 cano-

130 3281 178 3326 nes
203 3275 236 3328 et
252 3282 329 3328 rem
349 3258 536 3328 canonicum
561 3259 755 3328 universnm.
776 3256 954 3346 luterem,
978 3259 1035 3354 qui
1058 3273 1188 3328 tuntum

131 3379 283 3426 cononum
321 3380 482 3424 summam
516 3352 699 3444 dederunt,
738 3357 883 3451 primum
918 3353 1026 3426 locum
1062 3355 1189 3426 obtinet

129 3450 312 3548 Fulgentius
344 3451 526 3526 Ferrundus
556 3450 816 3546 carthaginensis
843 3451 983 3524 ecclesiae
1009 3453 1186 3543 diaconus,

131 3551 440 3748 qui(4cc)ollecticncm
478 3576 568 3622 suam
603 3551 852 3624 crematurum
882 3577 1061 3624 moenum
1095 3561 1189 3624 rocc-

132 3665 170 3716 nt
237 3705 246 3721 .

165 3821 203 3905 (l)
225 3823 436 3886 Africanorum
455 3840 598 3884 mnonnm
612 3821 810 3884 collectionem
832 3841 899 3884 cum
917 3823 1003 3884 titulo
1023 3819 1119 3884 Codex
1138 3839 1189 3882 co·

130 3923 231 3966 wacon
255 3900 389 3966 ecclesio
402 3901 566 3987 Africanos,
585 3923 678 3986 grece
703 3912 733 3965 et
749 3905 838 3965 latine
854 3905 947 3966 edidit
964 3901 1190 3980 Christoplrcrus

129 3990 275 4062 rosolus,
309 4003 433 4062 eamque
459 3995 556 4066 postea
574 3987 783 4066 discripserunt
808 3985 869 4065 ejus
894 3985 970 4046 lilius
993 3983 1134 4046 liodricus
1162 3993 1191 4046 et

128 4071 297 4134 Guilelmus
313 4069 433 4134 Voellus
447 4067 481 4130 iu
495 4065 637 4132 Bibliotlt.
653 4071 724 4130 lor.
746 4085 870 4146 conon,
894 4073 964 4128 ton.
992 4069 1006 4128 l
1023 4083 1095 4150 pay.
1117 4067 1187 4128 321.
