3140 5168
535 463 757 536 -aoo-

107 611 243 672 advertat
262 611 403 688 formam,
422 632 489 694 qum
508 611 668 674 secundam
686 612 814 676 Eduardi
833 616 873 676 vt
892 613 999 676 rituale
1016 614 1076 695 jam
1095 633 1189 676 usur·
1212 679 1217 690 ,

107 704 208 774 patur.
224 697 299 757 Nom
313 695 468 760 eachristi
483 694 600 758 Domini
616 695 791 760 institutioni
807 703 837 756 et
854 698 1016 774 apostoliam
1030 695 1188 758 traditioni
1226 713 1244 778 ,,·
1353 742 1392 780 ..1,
1406 701 1429 780 ,'
1463 739 1507 788 'r-

108 776 293 852 adversatur,
304 787 476 858 apertasque
489 777 613 839 haercses
627 777 839 858 complectitur.
853 779 928 840 Hinc
938 779 1043 842 merito
1054 784 1182 842 Romana
1245 779 1280 840 ’..’·

108 859 230 919 ecclesia
241 869 404 922 ceterarum
416 869 511 922 mater
522 869 551 922 et
562 861 699 940 magistra
713 851 845 936 sancivit,
859 868 903 938 ut,
919 861 1033 940 quoties
1047 861 1184 922 minister
1206 863 1213 882 ⁸
1236 885 1240 896 ’
1429 873 1435 916 ί
1527 877 1530 884 ·

108 941 391 1024 aliquisdnglusad
409 943 585 1006 catholicam
600 941 878 1018 ecdssiamredeot,
895 942 918 1004 si
938 943 1044 1024 dignus
1061 947 1114 1020 sit,
1131 943 1207 1022 qui¹
1245 957 1274 976 ‘·

107 1023 139 1082 in
158 1023 269 1084 olerum
287 1035 454 1105 cooptetur,
472 1033 619 1103 tamquam
638 1043 737 1086 merus
753 1024 843 1086 inicus
863 1042 963 1107 omnes
976 1025 1094 1088 ordines
1117 1045 1182 1088 sus·
1207 1039 1226 1084 .'
1347 1065 1357 1090 ,ι
1401 1063 1405 1068 -

110 1107 327 1184 ciperedebeot
341 1107 625 1170 secundumrituolis
640 1111 725 1170 Rom.
741 1107 831 1188 leges.
942 1147 946 1160 ·
1216 1105 1233 1130 ”
1341 1103 1344 1114 ’
1404 1125 1408 1136 ·
1443 1127 1449 1136 ·

153 1190 198 1271 (5)
218 1189 291 1252 lod
305 1193 373 1252 Cor.
388 1191 510 1253 Xtt'a.
526 1191 576 1266 tt,
590 1192 649 1250 etl
658 1187 698 1250 od
715 1190 792 1251 Tim.
805 1191 843 1251 11
851 1208 881 1250 o.
897 1191 947 1251 tu.
1066 1247 1070 1256 .

448 1727 695 1857 sectio
724 1771 843 1856 νιι.

538 1968 574 2031 Dc
595 1967 756 2033 Matrimonia.

113 2273 153 2325 Gi.
166 2272 346 2326 Matrimonium
364 2273 509 2344 novaelegis
531 2289 610 2326 mara-
688 2273 737 2325 CV.
758 2273 895 2326 Consansus
917 2273 943 2324 in
965 2273 1119 2326 matrimonio
1140 2290 1187 2326 ne·

178 2351 296 2390 mantum.
720 2340 838 2391 omanus
855 2349 880 2390 at
894 2340 1017 2418 quomodo
1034 2339 1179 2391 declaretur.

112 2406 165 2458 Gli.
178 2405 237 2472 Ejus
249 2405 369 2458 definitio.
688 2405 748 2458 cvt.
771 2405 953 2458 Matrimonium
984 2405 1119 2474 domomum
1145 2421 1183 2458 ra·

112 2472 176 2522 ciii.
188 2471 298 2522 Materia.
314 2473 457 2524 Contractus
473 2471 610 2524 christianis
721 2481 783 2532 tum,
797 2482 999 2523 consummatum.

179 2537 395 2589 unusatidcmao
408 2548 596 2589 sacramentum.
687 2536 759 2589 cvtt.
772 2536 877 2600 Verum,
903 2547 1090 2606 praesumptum,
1114 2546 1182 2604 puta·

112 2603 429 2656 citramontana
440 2603 596 2656 Matrimonii.
720 2602 805 2654 tirum.

686 2667 770 2720 cviii.
782 2667 964 2720 Matrimonium
975 2667 1138 2720 conscientia.

587 2808 617 2909 ς.
646 2807 704 2881 cr.

161 2959 395 3032 Memnonio!
424 2961 521 3030 etiam
549 2981 644 3030 norae
671 2956 750 3054 legis
774 2973 1010 3030 sacramentum
1037 2971 1086 3027 est
1111 2957 1179 3055 (1).

114 3057 197 3130 Cum
241 3059 328 3130 enim
367 3057 556 3130 christianus
604 3056 703 3128 homo
743 3055 926 3128 christiauae
964 3053 1092 3127 mulieri
1125 3059 1186 3127 rite

83 3173 147 3226 -et
169 3172 258 3229 recte
295 3155 409 3248 nubit,
437 3173 615 3253 utrumque
645 3155 753 3224 divino
777 3157 898 3226 virtute
937 3153 1051 3226 donari
1083 3153 1186 3225 voluit

113 3253 262 3326 Christus
289 3255 467 3345 Dominus,
493 3253 533 3323 ad
585 3268 752 3350 erpetuam
781 3255 878 3323 unius
903 3253 978 3324 ritae
1000 3254 1184 3324 societatem
1219 3267 1222 3274 '

114 3351 337 3444 retinendum,
365 3369 463 3450 atque
493 3351 533 3421 ad
598 3354 643 3422 ios
665 3349 878 3422 instituendos
902 3353 1084 3448 sapienter,
1107 3349 1186 3421 edu·

114 3455 240 3524 catione
287 3451 499 3548 doctrinaque
537 3449 719 3521 christiam.
748 3447 847 3520 Recte
885 3447 926 3518 ab
958 3447 1103 3547 apostolo
1131 3447 1185 3544 (2)

115 3551 359 3622 matrimonium
389 3549 508 3620 dicitur
538 3547 735 3621 honorabile
759 3547 999 3637 connubium
1031 3547 1184 3644 quoniam

115 3651 149 3718 in
178 3648 348 3746 baptizatis
375 3651 502 3743 signum
540 3663 588 3716 est
623 3647 859 3745 conjunctionis
888 3643 1008 3715 Christi
1037 3669 1111 3715 cum
1136 3667 1186 3713 eo·

115 3747 228 3836 clcsia,
250 3758 403 3845 proptor
422 3771 533 3842 quom
559 3743 735 3817 Dominae
757 3745 904 3818 Patrem
935 3769 1042 3816 aarum
1068 3741 1185 3812 Deum

112 3847 279 3941 reliquit,
310 3858 342 3915 et
361 3851 453 3916 vonit
484 3843 535 3916 ad
553 3853 688 3932 terrm,
709 3849 801 3915 m‘out
824 3845 866 3916 da
891 3839 1186 3914 tunicatorum

113 3957 189 4016 eat:
213 3945 388 4038 relinquet
412 3941 510 4014 ltomo
530 3953 676 4039 patrem
695 3967 804 4013 suum
830 3953 863 4012 et
883 3953 1034 4013 neutram
1062 3948 1096 4008 ot
1119 3936 1190 4006 od·

113 4040 258 4115 lacerabit
295 4047 403 4115 umori
439 4065 525 4116 auae.
564 4039 764 4111 Matrimonii
807 4039 939 4110 nomine
991 4033 1184 4130 intelligitur
1281 4087 1283 4092 ,
