3100 5182
114 599 212 676 hanhu,
236 601 316 680 quoa
340 600 442 661 maltis
462 599 539 662 datis
565 603 762 662 monumentis
781 603 910 664 ostendit
934 607 1079 684 Tamagna
1096 605 1158 666 ori-

113 683 175 762 piae,
200 703 214 743 e
235 683 423 765 prerogotiva
460 679 508 744 de'
533 679 685 744 cardinali
712 687 820 766 par.l
851 705 918 768 cop.
933 687 963 746 5.
991 689 1087 764 acque
1112 685 1159 746 bi-

114 764 208 840 tpldcm
223 783 257 825 co
273 765 453 826 vocabantur
479 763 599 825 nomine
623 767 805 844 presertim,
830 768 908 846 qnod
929 767 1038 830 addicti
1062 777 1158 828 caecat

115 845 221 923 cardrici,
246 847 303 907 hoc
322 857 367 908 eat
389 847 523 926 episcopo
545 852 575 907 et
602 847 728 908 ccclesiae
752 847 926 922 cathedrali,
948 868 1014 930 qua
1040 849 1159 928 proprie

45 927 46 934 ’
114 927 183 988 cardo
196 927 356 990 dicebatur.
377 927 549 990 Vincentius
567 925 802 1014 archipresbyter
825 930 958 994 cardinia
984 933 1111 992 occurrit
1126 931 1157 991 ia

114 1017 204 1070 arbuto
229 1011 328 1072 codice
352 1011 478 1072 motata
510 1011 648 1072 Lucensis
680 1031 729 1072 an.
760 1014 835 1089 aot,
863 1014 941 1094 apud
966 1015 1158 1074 lduratorium

115 1093 229 1175 atiani.
252 1091 332 1154 ared.
360 1092 418 1156 cesi
436 1101 506 1154 tom.
525 1095 555 1153 li.
582 1089 637 1154 eal.
662 1095 735 1170 tot,
762 1095 839 1176 apud
867 1099 935 1159 Cam
958 1097 1019 1156 ium
1040 1095 1157 1158 Hister.

115 1171 190 1235 aaa.
209 1171 344 1236 Placent.
371 1193 442 1258 pop.
457 1175 532 1252 tao,
559 1171 694 1238 Andreas
715 1175 861 1239 diaconus
878 1115 1009 1240 cordata
1023 1179 1055 1238 S.
1081 1175 1157 1238 Pla-

115 1255 213 1318 acatiao
232 1255 367 1319 ccclcaioe.
391 1257 475 1318 blitto
497 1264 603 1333 cetera,
623 1275 661 1318 nc
679 1259 733 1320 aim
757 1259 921 1340 prolixitate
939 1259 1096 1320 molestior.
1116 1263 1159 1321 Ex

115 1338 201 1412 pibus
221 1339 409 1420 intelligitur,
435 1338 567 1399 ecclesias
594 1357 695 1401 amnes
721 1359 789 1402 suos
815 1341 951 1402 habuisse
979 1341 1155 1415 cardinalari,

115 1437 161 1495 qna
178 1421 288 1482 nominc
307 1419 649 1500 comprehendebantur,
663 1423 713 1500 qni
734 1423 853 1502 propius
878 1423 1011 1502 episcopo
1025 1422 1159 1484 adhaere-

116 1499 186 1576 bant,
207 1512 342 1582 meatque
363 1503 473 1562 addicti
498 1503 626 1564 ecclesiae
648 1503 824 1578 cathedrali,
847 1523 881 1564 aa
902 1505 1064 1582 principem
1083 1507 1160 1564 later

116 1591 212 1644 maros
231 1585 344 1646 olorinas
369 1586 466 1646 locum
489 1583 673 1646 obtinebant.
701 1589 739 1648 lit
760 1585 839 1664 quod
863 1604 922 1646 non
949 1589 1087 1648 Romana
1112 1605 1159 1646 so-

114 1665 183 1740 lum,
204 1665 251 1726 sed
272 1668 331 1727 aliis
347 1668 435 1728 etiam
457 1667 584 1729 catastis
608 1685 764 1728 commune
786 1667 876 1728 luerit
897 1667 1089 1728 cardinalium
1111 1687 1160 1727 ao·

117 1763 191 1819 meu,
211 1765 264 1806 non
289 1749 354 1810 inde
375 1747 451 1809 ellici
470 1757 581 1828 potest,
609 1749 688 1826 quod
711 1751 907 1810 llomanornm
937 1757 1159 1828 ceterorumque

117 1827 285 1890 cardinalium
304 1831 383 1892 idem
406 1849 529 1906 munus,
556 1829 716 1910 eademque
742 1831 869 1926 dignitas
892 1831 996 1907 luerit3
1018 1831 1160 1910 quemad-

116 1909 220 1970 modum
238 1931 319 1972 nemo
335 1931 482 1973 summum
507 1911 678 1975 Pontificem
700 1921 803 1975 ceteris
830 1913 970 1993 episcopis
994 1933 1094 1992 parem
1116 1913 1159 1974 lo-

116 1989 175 2066 cist,
191 1995 261 2071 qnod
279 1995 349 2056 olim
368 1997 465 2056 cuncti
490 1999 575 2074 Papae
598 1995 781 2056 dicebantur.
801 1997 846 2057 llli
864 1997 942 2056 cuim
966 2005 1049 2056 erant
1069 2013 1160 2056 sacen

115 2073 196 2150 daca,
217 2085 263 2138 ant
288 2078 402 2138 diacom
426 2086 456 2139 et
488 2077 619 2140 canonici
647 2079 866 2156 particularium
889 2077 1091 2154 ecclesiarum,
1130 2087 1159 2138 et

115 2163 183 2215 amnt
205 2160 357 2220 consiliarii
384 2161 508 2240 episcopi
522 2160 553 2220 in
579 2157 722 2240 gubernio
735 2161 861 2220 cadesim
874 2179 950 2236 suae,
972 2160 1025 2220 sed
1036 2161 1158 2221 Romani

114 2237 251 2302 cardinales
271 2260 389 2320 semper
407 2260 493 2321 opem
516 2241 650 2302 tulerunt
668 2259 781 2302 summo
806 2241 938 2304 Pontifici
962 2241 993 2302 in
1016 2241 1159 2322 regimine

115 2319 387 2384 eoclcaieuuiaersae.
403 2325 493 2395 Decet
517 2324 674 2404 diligenter
693 2323 845 2384 attendere
867 2323 904 2383 ad
923 2322 1051 2384 officium
1072 2329 1101 2382 et
1115 2323 1159 2382 di-

45 2471 46 2474 ,
114 2401 231 2478 gnitatem
255 2407 456 2466 Romanorum
479 2405 686 2482 cardinalium,
715 2423 753 2465 nc
776 2405 841 2484 quis
869 2401 995 2466 nominis
1022 2405 1160 2466 similita-

45 2509 46 2518 ¹
114 2483 168 2543 dinc
178 2486 205 2546 in
216 2505 349 2548 errorem
364 2496 480 2566 raptus,
491 2507 540 2549 coa
553 2507 620 2549 com
632 2487 828 2548 cardinalibus
838 2488 960 2548 aliarum
974 2488 1159 2548 ecclesiarum

45 2573 46 2586 ¹
114 2570 299 2646 comparandos
326 2577 427 2648 potet,
445 2569 523 2648 quod
544 2571 629 2631 multi
653 2571 779 2645 iaciunt,
795 2577 882 2649 atque
904 2588 1006 2630 corum
1028 2571 1160 2648 exemplo

114 2645 166 2706 lacit
177 2652 344 2712 Dominicus
362 2650 535 2712 cavallarius
553 2655 630 2713 last.
650 2656 720 2713 lar.
746 2669 853 2712 coaaa.
871 2670 944 2744 por.
976 2655 988 2710 l
1015 2647 1080 2732 cop'.
1107 2655 1157 2711 la.

115 2729 147 2786 lic
168 2733 278 2792 nomine
300 2733 457 2794 cardinalis
477 2731 622 2794 videndus
644 2734 820 2796 blaratorins
844 2731 1052 2793 dissertozioai
1071 2751 1161 2812 capara

113 2805 289 2874 lemtiebite'
310 2811 443 2876 Italicae
470 2813 640 2876 dissertat
670 2817 775 2876 toral
797 2833 865 2894 por.
894 2817 996 2894 lpop.
1021 2816 1054 2889 5,
1087 2812 1157 2874 cclii.

114 2889 298 2972 lacellos,
323 2897 375 2974 qui
396 2905 492 2956 tamea
520 2905 599 2957 errat
622 2896 827 2971 vehementer,
850 2896 935 2955 sicuti
953 2895 986 2955 ia
1005 2895 1081 2956 notas
1096 2897 1160 2954 sni-

113 2973 246 3038 madrertit
271 2979 420 3054 manias,
448 2995 515 3038 cum
537 2979 613 3039 inter
636 2983 781 3041 Romanos
811 2986 978 3056 ceterosque
1001 2977 1161 3038 cardinales

113 3055 204 3118 naham
220 3061 291 3120 olim
314 3059 473 3120 discrimen
488 3059 576 3121 luisse
598 3061 766 3136 contendit,
793 3069 823 3120 et
847 3059 991 3120 videndus
1008 3060 1039 3120 in
1057 3061 1159 3138 primis

114 3135 235 3220 lamagna
249 3139 308 3203 loc.
323 3142 372 3202 cit.
395 3141 471 3203 lllud
491 3143 565 3202 mihi
587 3151 700 3204 certum
719 3143 958 3221 exploratumque
977 3147 1037 3218 cst,
1061 3161 1159 3202 veram

113 3214 275 3284 111111ιί11οη
311 3241 396 3302 posse
416 3223 583 3302 opinionem
611 3225 744 3300 illorum,
781 3225 831 3302 qul
859 3223 1018 3285 cardinales
1044 3224 1160 3285 eoadem

112 3304 209 3364 annino
230 3324 263 3366 ae
292 3305 436 3384 parochos
458 3305 547 3366 luisse
586 3308 726 3367 sentiunt.
753 3309 826 3368 Nam
857 3305 979 3368 Parocbi
1000 3313 1079 3366 certe
1102 3325 1160 3366 noa

112 3393 176 3443 aaut
197 3388 347 3462 canonici,
373 3388 423 3465 qui
444 3387 605 3448 cardinales
626 3388 812 3463 dicebantnr3
836 3397 976 3466 praeterea
1001 3387 1161 3449 cardinales

112 3461 134 3522 ia
150 3467 258 3530 dante
280 3469 373 3530 luisse
395 3477 521 3546 coastat,
546 3489 649 3530 verum
670 3471 764 3531 aulloa
786 3472 817 3532 in
838 3487 871 3530 ca
895 3469 1035 3550 parochos
1057 3471 1092 3550 lsi
1108 3475 1162 3532 llo·

111 3559 204 3610 moun
228 3559 259 3611 et
277 3551 508 3612 Alexandrinam
533 3552 636 3612 urbem
658 3553 832 3632 excipimus,
854 3551 904 3612 ubi
926 3553 1078 3632 peculiaris
1092 3571 1162 3612 coa—

112 3631 213 3691 nanda
235 3631 381 3712 obtinuit)
403 3641 471 3694 ante
492 3651 601 3694 annum
627 3634 814 3696 millesimum
835 3635 979 3710 extitisse,
997 3653 1063 3694 otuu
1084 3637 1162 3714 epis-

110 3722 180 3786 wpns
191 3732 249 3774 una
261 3733 333 3774 cum
354 3731 407 3774 suo
425 3715 501 3775 clero
514 3718 611 3777 omnia
626 3726 697 3778 tnnc
710 3716 883 3797 parochialia
899 3735 1020 3776 monera
1034 3726 1160 3796 gereret,

109 3795 240 3871 sermione
269 3797 455 3858 demonstrat
471 3799 579 3858 blasius
606 3802 704 3878 Lupus
726 3800 927 3880 bergomensis
955 3797 991 3860 de
1014 3795 1162 3880 parochiis

109 3880 164 3933 aab
173 3895 291 3940 naama
303 3876 417 3939 Christi
425 3876 626 3941 millesimam.

144 4026 170 4126 ς.
202 4031 338 4104 xxiv.
382 4034 460 4104 Erat
508 4035 642 4132 quidem
686 4037 906 4107 Romanorum
953 4029 1161 4104 cardinalium
