3164 5174
527 519 747 590 ..aat-
864 549 867 556 ·

154 669 181 770 S.
207 667 281 740 vll.
318 668 496 766 Episcopus
523 666 691 738 interdum
723 665 796 739 loco
822 682 954 740 tantum
977 676 1165 764 renuntiat,

115 767 266 839 interdum
301 765 373 839 loco
409 781 443 838 et
471 764 635 862 dignitati.
675 763 743 850 Qui
772 765 844 838 loco
884 781 1015 839 tantum
1048 796 1169 856 renun-

114 869 212 955 tiarit,
240 865 400 938 honorem
432 867 551 935 'retinet
572 879 606 935 et
643 861 836 960 dignitatem
868 864 1102 964 episcopalem,
1130 868 1169 940 li·

114 979 157 1036 cet
166 963 424 1064 jurisdictionem
435 987 582 1034 exercere
594 977 663 1033 non
672 963 792 1059 possit,
807 965 961 1060 qnoniam
981 964 1089 1038 nullos
1102 993 1169 1037 am-

113 1062 187 1159 plius
214 1063 313 1134 hahet
333 1059 498 1148 subditoa3
520 1059 576 1132 sed
599 1075 729 1155 rogatus
753 1059 794 1130 ab
815 1059 876 1131 alio
905 1065 1054 1160 episcopo
1082 1081 1171 1138 recte

114 1163 313 1259 exequiturin
325 1161 394 1258 'ejus
405 1158 552 1248 ditecesi,
568 1182 642 1255 quae
658 1173 735 1229 sunt
750 1157 872 1230 ordinis
886 1161 1083 1258 episcopalis.
1100 1162 1167 1248 Qui
1232 1233 1234 1240 ,
1339 1177 1357 1247 g.

114 1257 176 1330 loco
199 1257 293 1330 dmul
317 1275 350 1328 et
377 1257 534 1353 dignitate
557 1282 590 1326 se
613 1255 791 1346 abdicavit,
809 1281 1009 1355 quamquam
1031 1264 1169 1332 retineat

114 1355 224 1427 ordinis
242 1356 473 1428 characterem.
500 1357 556 1453 qui
582 1351 683 1426 deleri
708 1377 775 1426 non
806 1369 931 1451 potest,
958 1357 1040 1428 nihil
1057 1375 1169 1430 tamen

115 1478 196 1548 agere
213 1469 319 1552 potest
334 1479 466 1544 eorum,
487 1477 561 1551 qnae
577 1454 646 1550 ejus
664 1451 786 1525 ordinis
796 1455 928 1550 propria
951 1471 1028 1526 sunt
1045 1457 1112 1554 (i).

152 1673 189 1754 (t)
208 1677 277 1756 Cap.
293 1678 307 1738 t
322 1672 359 1736 de
374 1671 515 1736 Ordicot.
530 1670 567 1735 oh
580 1671 669 1754 episc.
681 1672 736 1758 qui
746 1681 867 1734 renum.

161 1875 188 1978 S.
213 1879 293 1950 vtll.
324 1879 454 1951 Praelati
520 1881 628 1978 iscopo
653 1877 838 1968 inferiores,
950 1905 1076 1950 suorum
1105 1879 1167 1952 ha-

117 1973 187 2048 hent
208 1979 379 2074 imperium
406 1994 440 2050 et
459 1905 527 2050 eddi
552 1975 743 2074 Apostolicae
771 1903 957 2048 immedih'tc
989 1977 1165 2077 subjiciun-

115 2089 177 2167 tur,
203 2101 281 2172 opus
303 2076 425 2148 habent
449 2079 541 2148 venia
573 2077 692 2146 summi
727 2075 852 2164 Pont,
887 2078 944 2172 qui
967 2078 1012 2146 eis
1039 2080 1166 2174 copiam

111 2173 308 2246 renuntiandi
325 2175 419 2246 iaciat
440 2173 506 2272 (i).
525 2175 724 2269 Dignitates,
752 2175 979 2264 canonicatus,
1002 2176 1166 2270 parochiae

111 2285 142 2340 et
163 2288 261 2344 cetera
292 2273 468 2362 beneficia,
488 2296 628 2370 quorum
653 2269 781 2343 collatio
805 2270 847 2340 ad
867 2275 1055 2370 episcopum
1083 2300 1163 2369 per-

110 2371 203 2461 tinet,
230 2397 339 2443 coram
368 2396 407 2442 eo
429 2370 652 2442 dimittuntur.
680 2367 871 2440 Curandum
892 2385 1001 2442 tamen
1031 2386 1098 2460 est,
1128 2389 1166 2442 ut

109 2467 185 2539 intra
212 2495 317 2540 unum
337 2495 483 2540 mensem
510 2469 706 2540 renuntiatio
738 2481 807 2538 rata
829 2467 986 2540 habeatur
1010 2484 1043 2539 et
1068 2469 1165 2540 simul

108 2565 145 2633 ab
167 2569 313 2665 episcopo
334 2567 486 2639 beneficii
512 2566 638 2638 collatio
674 2566 751 2652 fiat,
787 2591 863 2634 nam
887 2567 948 2635 nisi
971 2590 1010 2635 eo
1041 2581 1165 2663 tempo·

106 2665 146 2734 ris
166 2669 264 2762 spatio
283 2681 395 2738 totum.
415 2664 497 2736 illud
515 2667 683 2759 negotium
706 2661 916 2760 expediatur,
937 2661 979 2732 ad
998 2687 1164 2733 summum

107 2760 200 2834 Pont.
213 2767 268 2864 jus
286 2762 474 2836 conserendi
490 2762 683 2835 transfertur
703 2761 769 2860 (2).

141 2986 184 3066 (t)
205 2990 277 3068 Cap.
295 2983 352 3048 ult.
370 2983 405 3047 de
428 2987 556 3046 Renum.
576 2982 618 3066 (ἢ)
637 2985 794 3067 Gregorius
812 2987 882 3047 xltt
905 2985 1001 3045 aaut.
1022 2987 1164 3048 Humano

106 3067 275 3152 rixjuds'cio
291 3071 350 3130 itt
363 3067 388 3151 S.
406 3071 423 3130 7
437 3075 465 3128 et
479 3069 497 3128 8
508 3087 581 3151 paq.
595 3071 635 3129 ta
651 3075 720 3129 tom.
736 3070 755 3129 d
773 3087 843 3150 por.
857 3070 877 3127 h
892 3063 1001 3128 buitur.

148 3248 181 3350 S.
207 3249 268 3322 lx.
296 3249 460 3322 Beneficio
490 3250 714 3320 renuntiamus
749 3264 804 3318 aut
831 3273 914 3344 pure
935 3273 971 3318 ac
998 3243 1067 3318 tine
1098 3247 1163 3319 ulla

104 3352 329 3440 reservatione,
365 3363 422 3420 aut
445 3347 505 3418 sub
528 3345 735 3436 conditione,
766 3345 828 3418 hoc
862 3360 912 3416 est
947 3371 1021 3416 curn
1049 3345 1162 3436 nobis,

103 3464 155 3517 out
194 3447 262 3518 ahie
295 3463 416 3518 certam
453 3471 492 3518 ex
520 3446 680 3518 beneficio
715 3446 905 3542 pensionem
938 3444 1050 3542 quovis
1077 3469 1163 3516 anno

103 3571 272 3616 servamus.
300 3543 493 3644 hujusmodi
518 3544 771 3615 renuntiationes
793 3541 843 3612 his
857 3541 1018 3612 obstrictae
1039 3541 1163 3636 legibus

102 3661 131 3713 et
154 3642 395 3716 conditionibus
412 3643 485 3714 fieri
500 3657 669 3739 nequeunt
689 3664 795 3714 coram
810 3641 959 3738 episcopo
969 3643 982 3730 ,'
996 3638 1052 3710 sed
1077 3637 1163 3709 Pon-

103 3743 233 3814 tifioiam
254 3743 476 3812 auctoritatem
489 3741 656 3838 postulant
666 3740 730 3836 (i).

137 3937 162 4016 (t
202 3941 235 4000 S.
252 3937 358 4000 PiusV
372 3939 469 4000 caat.
483 3939 604 4015 Quanto
615 3937 656 3998 80
671 3943 740 3998 tom.
757 3938 777 3996 d
785 3954 855 4018 par.
872 3936 890 3996 5
903 3952 975 4016 paq.
989 3934 1029 3992 to
1042 3927 1166 3993 hallerii

100 4019 148 4080 uhi
179 4029 230 4080 ate
256 4019 410 4094 statuitur,
429 4039 495 4099 quoe
514 4019 550 4079 ab
575 4019 715 4097 episcopis
739 4018 948 4097 resignationes
971 4013 1085 4074 admitti
1110 4014 1164 4075 de-
1200 4023 1202 4028 '

100 4100 261 4252 treanta
284 4101 409 4252 egisoopi
434 4103 489 4182 ipsi
513 4103 658 4182 resignata
680 4098 819 4161 beneficia
837 4105 888 4160 aut
914 4097 988 4172 suis,
1005 4103 1066 4248 1³th
1090 4099 1164 4158 resi-
