3122 5170
817 392 1041 464 -726-

331 603 335 612 .
390 567 455 640 que
486 557 645 638 perpetuo
678 555 889 614 removentur
926 540 992 640 (ᾖ).
1034 539 1135 626 Quod
1167 542 1194 611 si
1229 557 1302 638 post
1332 541 1463 614 aliena·

388 645 510 712 tionem
537 643 598 710 rite
629 639 748 712 saetam
787 639 918 712 eculeus
952 665 1047 736 grave
1081 638 1242 732 damnum
1273 643 1462 736 acceperit,

388 765 448 828 ea,
480 761 548 808 non
584 763 675 810 seem
708 763 744 810 aa
771 741 899 830 minor,
932 738 1129 810 beneficium
1167 735 1267 808 habet
1297 743 1333 808 in
1365 741 1462 810 inte-

387 862 485 934 grum
511 838 724 909 restitutionis
751 837 819 934 (5).

426 1033 469 1116 (ll
490 1037 598 1098 Omnes
621 1037 747 1116 episcopi
772 1037 804 1097 in
824 1035 1033 1116 jurejurando,
1059 1035 1142 1115 cujus
1167 1035 1242 1097 lacu
1264 1035 1379 1096 mentio
1397 1044 1460 1111 est,

386 1116 465 1180 tior
492 1117 574 1180 titt
595 1135 651 1180 aaa.
670 1123 684 1180 l
705 1116 733 1200 §.
752 1119 785 1196 Ι,
804 1119 948 1198 spondere
969 1117 1102 1196 debeat,
1120 1136 1168 1193 sc,
1187 1117 1354 1180 inconsulto
1371 1119 1459 1178 Rom.

384 1198 542 1276 Pantitae,
562 1218 622 1262 non
635 1200 812 1262 alienaturos
825 1219 944 1260 suarum
956 1201 1142 1262 ecclesiarum
1157 1201 1245 1261 bona.
1262 1203 1349 1280 AEgre
1358 1199 1462 1260 ierunt

384 1281 483 1344 hostes
503 1281 580 1344 sedis
594 1283 765 1362 apostolice
786 1282 843 1344 hoc
852 1282 1054 1362 juramentum
1071 1282 1192 1362 ejusque
1211 1281 1359 1361 originem
1372 1299 1461 1360 repe·

384 1373 453 1426 tuat
476 1383 492 1425 a
517 1363 625 1426 celebri
646 1366 773 1426 Extraa.
801 1361 984 1442 Ambitiosa,
1013 1383 1100 1444 quam
1123 1364 1276 1426 Paulusll
1297 1364 1459 1444 carrigavit.

385 1448 424 1508 At
444 1447 469 1506 si
491 1447 702 1522 vetustissima,
726 1448 770 1508 uti
793 1445 1025 1509 demonstratum
1047 1465 1134 1528 supra
1161 1454 1221 1521 ast,
1246 1445 1350 1526 regula
1372 1453 1459 1516 erat,

384 1546 477 1607 eoque
488 1527 608 1608 probata
621 1529 750 1592 conciliis
776 1530 956 1608 summisque
973 1527 1180 1606 Pontificibus,
1201 1527 1282 1606 quod
1301 1545 1350 1588 res
1368 1528 1462 1588 eccle

384 1611 434 1672 siae
445 1611 565 1671 alienari
576 1629 635 1672 uon
649 1617 782 1690 possent,
798 1611 935 1690 equidem
949 1629 1008 1672 noo
1021 1611 1153 1692 intelligo
1160 1655 1170 1687 ,
1187 1627 1283 1688 neque
1293 1608 1461 1692 intelligere

383 1711 560 1772 quemquam
580 1693 724 1769 arbitror,
746 1711 805 1772 qua
826 1695 857 1754 in
871 1711 905 1754 re
925 1694 1072 1772 peccarint
1090 1697 1177 1756 Rom.
1198 1691 1371 1770 Pontifices,
1391 1711 1460 1752 eum

384 1775 517 1856 regulam
538 1783 598 1834 tam
622 1775 796 1852 salutarem,
818 1782 878 1836 tam
896 1783 1055 1850 vetustam,
1082 1783 1143 1836 tam
1163 1773 1315 1854 probatam
1344 1779 1375 1834 et
1393 1773 1461 1834 ubi-

383 1876 441 1936 que
463 1865 608 1936 receptam
626 1857 789 1918 firmiorem
812 1857 938 1919 reddere
961 1859 1133 1935 volucrunt,
1159 1855 1296 1935 imposito
1315 1857 1460 1936 episeopis

381 1938 591 2018 jurejurando,
606 1940 696 2017 quoii
711 1940 786 2000 nihil
797 1957 843 2016 se,
860 1941 1022 2002 inconsulta
1036 1943 1121 2000 llom.
1139 1935 1295 2014 Pontifiae,
1307 1938 1461 2000 ecclesias

383 2021 509 2082 tioorum
534 2021 680 2082 bonorum
698 2021 874 2084 alienaturos
891 2023 1110 2102 promitterent.
1136 2021 1254 2082 Falsum
1277 2027 1378 2080 autem
1392 2028 1459 2094 art,

382 2103 463 2180 quod
477 2103 565 2181 bojas
583 2104 755 2166 sacramenti
778 2105 860 2186 origo
873 2103 910 2166 ab
935 2107 1052 2166 Extrav.
1069 2101 1151 2166 Pauli
1172 2105 1199 2164 ll
1222 2102 1384 2180 repetenda
1408 2102 1457 2162 sit.

382 2187 457 2248 llam
474 2185 686 2246 liberdiuruus
709 2185 883 2247 Pontificum
907 2190 992 2248 llam.
1014 2205 1031 2246 a
1053 2185 1195 2250 Gamerio
1214 2183 1379 2244 illustratus
1395 2184 1459 2244 eol-

383 2265 534 2346 lectusque
554 2285 623 2328 saec.
636 2271 691 2330 vll
712 2276 763 2328 aut
776 2269 861 2329 initio
874 2285 940 2330 suo.
964 2271 1049 2344 Vlll,
1076 2268 1119 2328 uti
1140 2265 1268 2328 ostendit
1285 2265 1350 2344 ejus
1365 2267 1458 2328 aetatis

384 2347 497 2424 Codex,
513 2367 602 2428 quem
623 2349 686 2427 ipse
710 2351 868 2413 Garnerius
889 2349 975 2410 affert
1000 2349 1034 2410 ia
1052 2345 1150 2430 Pras.
1177 2365 1263 2408 num.
1283 2350 1324 2409 to
1347 2355 1377 2408 et
1397 2351 1456 2422 ll,

382 2431 515 2490 modoet
524 2429 704 2493 solemnibus
723 2429 819 2496 verbis
839 2429 973 2494 eamdem
1000 2431 1076 2492 bane
1091 2429 1332 2510 promissionem,
1352 2447 1410 2508 qua
1426 2447 1457 2489 se
1554 2467 1555 2508 3

382 2513 507 2588 quivisa
527 2531 643 2573 summo
664 2515 750 2573 Pout.
773 2513 986 2574 consecrandus
1000 2513 1152 2592 episeopus
1173 2510 1321 2592 obligabat
1348 2513 1457 2594 Capi
1554 2515 1555 2547 l

383 2593 433 2653 tit.
449 2595 467 2654 7
471 2611 549 2734 pap.
568 2597 607 2654 ot
621 2591 668 2654 ed.
691 2593 794 2655 Paris.
806 2614 858 2656 aa.
876 2597 968 2656 lose.
991 2594 1164 2657 Coelestinus
1178 2596 1235 2668 ΙΙΙ,
1250 2595 1303 2671 qui
1316 2611 1384 2654 sec.
1400 2595 1456 2654 llll

383 2675 469 2736 Ponti

383 2757 614 2818 Sacramentum
638 2753 792 2834 adelitatis,
806 2777 865 2838 quo
886 2763 1020 2821 Ravana.
1040 2757 1171 2837 archiep.
1192 2756 1351 2818 tenebatur
1364 2757 1458 2838 alpos-

383 2835 481 2900 tolicce
502 2837 566 2901 aedi
587 2837 622 2898 ai
643 2835 666 2900 il
687 2836 831 2901 almare.
856 2843 951 2918 Quam
973 2839 1149 2902 decretalem
1163 2839 1324 2919 explanans
1348 2839 1457 2902 Glossae

383 2930 501 2997 auctor,
513 2923 564 3000 qui
579 2919 756 2982 lloruitsmc.
773 2925 861 2996 xlv,
876 2930 1016 3000 testetur,
1028 2923 1108 3002 quod
1119 2929 1204 2982 aetate
1215 2939 1282 2996 sua,
1302 2921 1458 2997 «Quilibet

383 3004 554 3082 episeopus,
571 3003 622 3082 qui
649 3003 819 3066 immediate
833 3009 872 3067 D.
887 3007 973 3086 Papo
984 3005 1103 3084 subest,
1119 3003 1201 3082 jurat
1220 3004 1248 3064 ei
1260 3003 1457 3078 fidelitatem,

492 2684 588 2736 autum
607 2673 749 2751 obtinuit,
765 2677 797 2738 in
811 2695 838 2738 e.
856 2678 875 2737 8
897 2675 934 2738 de
956 2673 1018 2740 reb.
1032 2673 1102 2738 eccl.
1123 2693 1185 2736 aaa
1206 2672 1298 2736 aliem
1313 2685 1457 2737 memorat
1553 2689 1554 2698 ¹

383 3085 463 3162 quod
486 3087 544 3145 nbn
570 3085 710 3146 alienabit
735 3087 812 3148 bona
835 3088 978 3166 ecclesiae,
1005 3105 1103 3166 aeque
1124 3085 1306 3163 inleudabit,
1330 3095 1361 3148 ct
1379 3085 1458 3147 idem
1551 3147 1552 3160 ,

382 3165 583 3244 juramentum
605 3175 744 3245 praestant
757 3169 806 3230 alii
819 3171 945 3250 episcopi
957 3169 1018 3232 suis
1037 3168 1282 3250 metropolitanis.
1296 3195 1309 3222 a
1336 3169 1361 3230 li
1372 3187 1457 3244 aero,

383 3249 434 3326 qui
449 3265 508 3309 non
532 3249 702 3310 immediate
724 3251 864 3312 suberant
877 3256 963 3314 Rom.
981 3251 1131 3328 Pontifici,
1149 3249 1357 3330 jusjurandum
1370 3252 1460 3311 emit-

384 3329 486 3390 tebant
500 3347 533 3391 ea
555 3331 698 3411 formula,
714 3353 803 3411 quam
824 3333 963 3395 describit
977 3333 1135 3395 liprandus
1155 3333 1336 3394 llimatensis
1353 3334 1458 3411 spise,

384 3413 436 3489 qai
454 3413 527 3474 vixit
542 3413 573 3473 in
587 3413 668 3474 exitu
690 3433 756 3476 saec.
772 3419 856 3492 Xlll,
880 3417 924 3477 uti
947 3417 1056 3497 legitur
1070 3416 1102 3476 in
1127 3415 1288 3494 exemplari
1303 3417 1458 3494 Vaticano,

384 3494 466 3570 quod
479 3494 580 3556 laudat
602 3497 755 3558 mutunus
775 3496 914 3581 Poetilio.
939 3499 1024 3560 liora.
1048 3506 1119 3560 tom.
1143 3499 1161 3558 5
1183 3495 1243 3578 §.9
1269 3516 1358 3558 aum.
1379 3499 1457 3572 290,

384 3592 478 3654 coque
487 3575 681 3655 jurejurando
690 3579 901 3659 promittebant
910 3589 1081 3660 perpetuam
1094 3578 1294 3642 obedientiam
1303 3582 1344 3640 B.
1358 3581 1459 3655 Petro,

385 3659 560 3742 Sancteque
577 3663 663 3721 lima.
688 3657 814 3723 ecclesia
839 3671 867 3723 et
884 3661 944 3744 ipsi
971 3680 1088 3724 curuato
1109 3664 1217 3738 Pont,
1245 3669 1274 3724 et
1302 3661 1459 3741 archiepis-

383 3755 454 3817 copo
468 3743 514 3800 cui
528 3739 685 3819 suberant,
703 3739 944 3824 spondebantque
957 3751 1115 3823 praeterea,
1132 3743 1208 3804 nibil
1223 3761 1255 3803 se
1278 3743 1458 3804 alienaturos

384 3831 489 3882 contra
497 3821 566 3903 jas,
589 3821 637 3884 ael
656 3821 899 3887 aomuetadiaem
925 3823 1050 3888 ecclena
1069 3825 1149 3904 apud
1166 3825 1453 3888 metanomiam

385 3899 525 3986 Pontific.
548 3903 584 3965 o'r
607 3907 644 3966 ts
666 3925 738 3988 pap.
762 3907 834 3967 idi.
857 3909 982 3970 Consule
997 3909 1041 3970 Cl.
1066 3908 1261 3969 llnmacbituu
1276 3905 1326 3970 dei
1345 3909 1458 3970 Dirr'tto

383 3980 565 4048 libandella
580 3983 769 4052 citnaram.
786 3991 885 4072 ὅρων.
902 3993 917 4052 Ι
935 4009 1001 4073 cap.
1020 3994 1033 4052 l
1052 3987 1079 4071 S.
1096 3992 1201 4074 tpap.
1216 3993 1259 4052 48
1272 3999 1372 4075 etsoq.
