3100 5182
566 417 760 489 ...89-

136 561 232 634 henss
278 561 457 634 Clementis
499 563 601 652 xllt,
648 565 823 640 Clementis
864 569 944 641 xlv
980 587 1014 641 et
1046 571 1096 640 Pii
1125 567 1192 656 Vi,
1290 555 1295 566 ⁸

136 685 223 756 quem
257 660 313 730 diu
337 661 422 733 Deus
454 680 558 736 servet
592 665 788 754 incolumem
822 685 856 740 et
884 668 1023 740 ecclesie
1053 685 1087 740 et
1116 691 1196 738 nos-

137 775 214 828 trum
251 761 401 831 omnium
434 759 532 832 bono.
572 763 687 859 Neque
725 764 901 837 defuerunt
935 770 991 868 qui
1032 765 1195 837 bullarum

135 881 314 1026 Elfflnst
349 861 1196 1052 ssliipbbirbspeliiiiiiiintimbsioerliliiriusquilheiibbi}
1251 981 1255 988 ’

137 1077 189 1122 nus
218 1053 340 1124 Laertii
378 1051 467 1127 filius
509 1073 543 1126 et
591 1061 759 1130 novissime
801 1059 948 1160 aloysius
993 1059 1139 1148 Guerra,
1178 1085 1196 1128 a

137 1175 194 1245 quo
253 1156 348 1222 tomis
382 1171 523 1250 quatuor
559 1156 789 1254 comprehensa
822 1177 892 1230 est:
921 1159 1196 1254 Pontificiorum

137 1255 417 1322 mmtitutscrrom
446 1258 487 1324 ἐπ
521 1255 672 1327 bullonii
709 1283 838 1356 moysae
873 1271 906 1329 et
934 1259 1093 1332 Romam
1113 1279 1197 1328 cott-

139 1356 309 1420 tentomm
316 1401 330 1434 ,
344 1363 378 1420 et
390 1351 535 1424 attonde
548 1353 821 1451 dcmmptamm
840 1347 996 1452 epitome.

181 1442 210 1541 ς.
256 1445 298 1518 C.
353 1447 487 1542 Regulus
523 1449 722 1524 cancellarius
765 1455 922 1548 originem
965 1466 1119 1548 repetunt
1156 1448 1197 1519 ab

142 1538 256 1612 losnue
284 1545 400 1634 XXII,
434 1549 491 1644 qui
525 1549 651 1645 primus
681 1551 800 1646 scripto
829 1549 975 1622 mandari
1013 1549 1114 1620 voluit
1142 1546 1198 1617 has

145 1633 243 1730 leges,
289 1660 323 1711 ut
363 1647 401 1713 iis
449 1645 619 1742 apostolica
659 1647 845 1718 cancellaria
891 1663 1069 1744 regeretur.
1115 1645 1197 1716 Nam

149 1750 232 1804 antea
268 1765 329 1811 non
359 1745 484 1838 scriptis
526 1743 661 1838 regulis,
694 1744 751 1824 sed
774 1745 1027 1818 *consuetudine
1063 1771 1100 1815 ac
1131 1745 1199 1812 viva

148 1855 215 1902 voce
245 1838 312 1934 ejus
345 1845 473 1936 negotia
517 1841 782 1938 expediebantur.
820 1843 1062 1942 Consequentes
1106 1840 1199 1911 Pon-

146 1926 252 2022 tibces,
292 1963 329 2006 uc
356 1941 534 2034 praesertim
575 1939 722 2012 Nicolaus
757 1941 786 2010 V
820 1944 906 2014 varie
950 1955 1110 2012 auxerunt
1142 1937 1199 2008 has

144 2030 256 2123 regulas
295 2063 413 2134 easque
437 2035 667 2206 perduxerunt
706 2039 747 2110 ad
782 2065 858 2111 eum
891 2055 1034 2129 statum,
1070 2043 1102 2110 in
1134 2061 1199 2132 quo

142 2151 220 2200 nuuc
255 2151 348 2206 sunt.
386 2135 436 2208 Hc
460 2139 489 2206 ie
522 2135 717 2208 cancellariae
748 2139 868 2233 regulas
892 2155 1106 2210 numerantur
1131 2133 1198 2222 72,

143 2227 173 2295 io
193 2256 282 2325 quas,
313 2249 431 2328 preter
456 2251 599 2320 ceteros,
621 2240 889 2326 commentarios,
911 2239 1038 2332 scripsit
1053 2235 1200 2306 omnium

23 2365 24 2430 3
144 2323 334 2419 uberrimos,
348 2347 446 2430 atque
462 2335 710 2406 accuratissimos
725 2350 759 2404 et
776 2351 916 2432 quatuor
937 2336 1033 2406 tomis
1049 2355 1201 2428 compre-

23 2445 24 2476 *
142 2422 249 2500 hamos
270 2428 414 2502 Joauncs
427 2431 570 2528 Baptista
588 2432 770 2527 Rigantius.

23 2583 24 2594 ,
183 2521 212 2624 ς.
240 2525 298 2598 CI.
327 2527 387 2600 11ae
401 2529 522 2626 regulae
549 2531 615 2602 vim
637 2531 806 2621 obtinent,
838 2529 994 2629 quamdiu
1017 2553 1123 2624 sospes
1155 2539 1203 2598 cst

24 2697 25 2700 ,
140 2618 305 2714 Pontifex,
340 2653 358 2696 u
392 2654 459 2724 quo
496 2627 596 2702 editas
629 2645 706 2701 sunt
754 2645 852 2727 atque
888 2645 927 2699 ut
960 2626 1201 2712 convalescant,

141 2722 267 2814 probari
295 2741 330 2794 et
359 2725 545 2798 confirmari
575 2727 716 2816 debent,
756 2726 845 2824 quod
878 2725 977 2824 paulo
1007 2739 1081 2820 post
1111 2747 1203 2794 crea·

142 2821 258 2892 tionem
289 2823 332 2892 ab
378 2851 577 2924 unoquoque
611 2823 771 2898 Pontifice
806 2824 879 2896 fieri
920 2821 1013 2894 solet.
1042 2821 1099 2891 His
1130 2844 1204 2890 vero

141 2914 329 3016 dcogstum
352 2925 388 2992 in
411 2923 525 2995 multis
550 2941 598 2996 eat
618 2951 678 3022 per
706 2939 799 3022 pacta
827 2935 987 2995 conventa
1007 2922 1094 2990 inter
1114 2943 1205 2989 sum-

141 3043 204 3089 mos
220 3018 398 3091 Pontifices
425 3037 457 3092 et
478 3026 716 3118 potentissimos
751 3021 890 3120 Europus
919 3021 1101 3118 principes,
1129 3039 1205 3114 quae

141 3131 228 3212 pacta
266 3135 442 3208 conventa,
476 3121 558 3209 sire,
597 3139 634 3191 ut
667 3134 801 3210 uocant,
842 3119 1051 3192 concordata
1083 3140 1143 3187 nos
1170 3117 1206 3184 in

142 3213 185 3284 bis
200 3217 460 3288 institutionibus
476 3243 534 3290 suo
549 3217 620 3290 loco
636 3217 861 3288 indicabimus.

186 3309 217 3411 S.
247 3313 319 3385 ctl.
349 3313 530 3386 Concilium
553 3315 784 3386 Tridentinum
805 3315 965 3386 indictum
992 3329 1039 3384 est
1061 3337 1079 3382 a
1104 3307 1206 3380 Paulo

143 3410 203 3500 ill,
240 3439 310 3508 quo
336 3411 495 3484 Pontifioe
525 3413 637 3485 decem
671 3411 789 3484 babitae
830 3427 906 3484 sunt
934 3413 1104 3500 sessiones,
1134 3423 1206 3479 octo

146 3511 298 3581 nimirum
340 3509 489 3581 Tridenti
528 3527 561 3582 et
602 3512 676 3582 duae
717 3511 892 3600 Bononiae,
936 3534 1002 3606 quo
1054 3521 1208 3578 venerant

145 3608 267 3678 concilii
299 3608 412 3680 Patres
442 3609 600 3704 fugientes
630 3612 875 3702 contagionem,
915 3633 977 3705 qua
1008 3605 1207 3694 Tridentum

145 3707 365 3801 premebatur.
391 3705 419 3775 Α
460 3707 547 3778 tutio
580 3707 625 3777 lll
653 3707 804 3778 Tridenti
834 3721 1046 3778 restauratum
1079 3718 1144 3790 est,
1172 3725 1209 3770 ac

147 3829 194 3872 sex
217 3803 337 3873 habitis
364 3806 556 3876 sessionibus
588 3821 722 3904 propter
760 3805 844 3875 bella
882 3806 1113 3875 intermissum.
1151 3800 1209 3867 De-

148 3903 246 3997 nique
279 3901 535 3997 redintegratum
569 3919 617 3974 est
645 3929 662 3971 a
690 3903 750 3974 Pio
767 3901 832 3993 lv,
861 3925 1044 3998 novemque
1071 3893 1209 3966 celebra·

147 4002 183 4069 tis
206 4000 399 4071 sessionibus
427 4029 480 4072 an.
513 4001 605 4072 1565
632 4001 826 4072 absolutum.
865 3997 999 4070 Constat
1021 3992 1210 4066 sessionibus
