<?xml version="1.0" encoding="UTF-8"?>
<!DOCTYPE html PUBLIC "-//W3C//DTD XHTML 1.0 Transitional//EN"
    "http://www.w3.org/TR/xhtml1/DTD/xhtml1-transitional.dtd">
<html xmlns="http://www.w3.org/1999/xhtml" xml:lang="en" lang="en">
 <head>
  <title>
</title>
<meta http-equiv="Content-Type" content="text/html;charset=utf-8" />
  <meta name='ocr-system' content='tesseract 3.04.00' />
  <meta name='ocr-capabilities' content='ocr_page ocr_carea ocr_par ocr_line ocrx_word'/>
</head>
<body>
  <div class='ocr_page' id='page_1' title='image "./institutionumca00devogoog_0583.png"; bbox 0 0 3142 5188; ppageno 0'>
   <div class='ocr_carea' id='block_1_1' title="bbox 807 411 1029 484">
    <p class='ocr_par' dir='ltr' id='par_1_1' title="bbox 807 411 1029 484">
     <span class='ocr_line' id='line_1_1' title="bbox 807 411 1029 484; baseline -0.009 -14"><span class='ocrx_word' id='word_1_1' title='bbox 807 411 1029 484; x_wconf 72' lang='lat'><strong>-582-</strong></span> 
     </span>
    </p>
   </div>
   <div class='ocr_carea' id='block_1_2' title="bbox 373 559 1453 809">
    <p class='ocr_par' dir='ltr' id='par_1_2' title="bbox 373 559 1453 809">
     <span class='ocr_line' id='line_1_2' title="bbox 376 559 1452 641; baseline -0.004 -15"><span class='ocrx_word' id='word_1_2' title='bbox 376 563 527 639; x_wconf 87' lang='lat' dir='ltr'><strong>carnibus,</strong></span> <span class='ocrx_word' id='word_1_3' title='bbox 548 562 600 624; x_wconf 91' lang='lat' dir='ltr'><strong>sed</strong></span> <span class='ocrx_word' id='word_1_4' title='bbox 615 579 652 623; x_wconf 86' lang='lat' dir='ltr'><strong>ne</strong></span> <span class='ocrx_word' id='word_1_5' title='bbox 672 562 747 622; x_wconf 87' lang='lat' dir='ltr'><strong>laete</strong></span> <span class='ocrx_word' id='word_1_6' title='bbox 764 561 885 641; x_wconf 90' lang='lat' dir='ltr'><strong>quidem</strong></span> <span class='ocrx_word' id='word_1_7' title='bbox 902 567 991 640; x_wconf 88' lang='lat' dir='ltr'><strong>atque</strong></span> <span class='ocrx_word' id='word_1_8' title='bbox 1007 561 1069 622; x_wconf 87' lang='lat' dir='ltr'><strong>ovis</strong></span> <span class='ocrx_word' id='word_1_9' title='bbox 1087 559 1289 622; x_wconf 79' lang='lat' dir='ltr'><strong>vescebantur.</strong></span> <span class='ocrx_word' id='word_1_10' title='bbox 1311 565 1417 640; x_wconf 84' lang='lat' dir='ltr'><strong>ltaque</strong></span> <span class='ocrx_word' id='word_1_11' title='bbox 1435 583 1452 622; x_wconf 79' lang='lat' dir='ltr'><strong>e</strong></span> 
     </span>
     <span class='ocr_line' id='line_1_3' title="bbox 377 643 1453 725; baseline -0.002 -17"><span class='ocrx_word' id='word_1_12' title='bbox 377 647 484 708; x_wconf 79' lang='lat' dir='ltr'><strong>Grecis</strong></span> <span class='ocrx_word' id='word_1_13' title='bbox 498 644 680 706; x_wconf 84' lang='lat' dir='ltr'><strong>hebdomada</strong></span> <span class='ocrx_word' id='word_1_14' title='bbox 701 643 893 725; x_wconf 77' lang='lat' dir='ltr'><strong>sexagesimae</strong></span> <span class='ocrx_word' id='word_1_15' title='bbox 905 643 1014 703; x_wconf 90' lang='lat' dir='ltr'><strong>dicitur</strong></span> <span class='ocrx_word' id='word_1_16' title='bbox 1029 645 1187 720; x_wconf 68' lang='lat' dir='ltr'><strong>Aaronom,</strong></span> <span class='ocrx_word' id='word_1_17' title='bbox 1204 643 1260 704; x_wconf 90' lang='lat' dir='ltr'><strong>hoc</strong></span> <span class='ocrx_word' id='word_1_18' title='bbox 1271 651 1316 704; x_wconf 77' lang='lat' dir='ltr'><strong>est</strong></span> <span class='ocrx_word' id='word_1_19' title='bbox 1330 643 1453 706; x_wconf 80' lang='lat' dir='ltr'><strong>carnis-</strong></span> 
     </span>
     <span class='ocr_line' id='line_1_4' title="bbox 373 723 1452 809; baseline -0.002 -21"><span class='ocrx_word' id='word_1_20' title='bbox 373 728 524 809; x_wconf 65' lang='lat' dir='ltr'><strong>privium</strong></span> <span class='ocrx_word' id='word_1_21' title='bbox 538 745 597 806; x_wconf 90' lang='lat' dir='ltr'><strong>quo</strong></span> <span class='ocrx_word' id='word_1_22' title='bbox 611 727 751 788; x_wconf 88' lang='lat' dir='ltr'><strong>vocabulo</strong></span> <span class='ocrx_word' id='word_1_23' title='bbox 776 744 834 786; x_wconf 92' lang='lat' dir='ltr'><strong>non</strong></span> <span class='ocrx_word' id='word_1_24' title='bbox 848 743 916 786; x_wconf 86' lang='lat' dir='ltr'><strong>raro</strong></span> <span class='ocrx_word' id='word_1_25' title='bbox 938 733 1063 785; x_wconf 91' lang='lat' dir='ltr'><strong>utuntur</strong></span> <span class='ocrx_word' id='word_1_26' title='bbox 1080 723 1187 785; x_wconf 74' lang='lat' dir='ltr'><strong>medice</strong></span> <span class='ocrx_word' id='word_1_27' title='bbox 1207 727 1301 786; x_wconf 75' lang='lat' dir='ltr'><strong>etatis</strong></span> <span class='ocrx_word' id='word_1_28' title='bbox 1324 727 1452 806; x_wconf 84' lang='lat' dir='ltr'><strong>scripto·</strong></span> 
     </span>
    </p>
   </div>
   <div class='ocr_carea' id='block_1_3' title="bbox 285 805 1567 890">
    <p class='ocr_par' dir='ltr' id='par_1_3' title="bbox 285 805 1567 890">
     <span class='ocr_line' id='line_1_5' title="bbox 285 805 1567 890; baseline -0.002 -19"><span class='ocrx_word' id='word_1_29' title='bbox 285 869 290 878; x_wconf 87' lang='grc'>,</span> <span class='ocrx_word' id='word_1_30' title='bbox 375 827 437 885; x_wconf 90' lang='lat' dir='ltr'><strong>res,</strong></span> <span class='ocrx_word' id='word_1_31' title='bbox 453 817 486 869; x_wconf 88' lang='lat' dir='ltr'><strong>ut</strong></span> <span class='ocrx_word' id='word_1_32' title='bbox 500 810 653 890; x_wconf 73' lang='lat' dir='ltr'><strong>designent</strong></span> <span class='ocrx_word' id='word_1_33' title='bbox 669 815 785 887; x_wconf 87' lang='lat' dir='ltr'><strong>tempus</strong></span> <span class='ocrx_word' id='word_1_34' title='bbox 802 807 1035 874; x_wconf 78' lang='lat' dir='ltr'><strong>bacchanalium,</strong></span> <span class='ocrx_word' id='word_1_35' title='bbox 1051 805 1191 886; x_wconf 90' lang='lat' dir='ltr'><strong>quoniam</strong></span> <span class='ocrx_word' id='word_1_36' title='bbox 1202 815 1273 868; x_wconf 91' lang='lat' dir='ltr'><strong>tunc</strong></span> <span class='ocrx_word' id='word_1_37' title='bbox 1296 807 1452 869; x_wconf 83' lang='lat' dir='ltr'><strong>christiani</strong></span> <span class='ocrx_word' id='word_1_38' title='bbox 1566 865 1567 868; x_wconf 74' lang='grc'>,</span> 
     </span>
    </p>
   </div>
   <div class='ocr_carea' id='block_1_4' title="bbox 374 888 1567 978">
    <p class='ocr_par' dir='ltr' id='par_1_4' title="bbox 374 888 1567 978">
     <span class='ocr_line' id='line_1_6' title="bbox 374 888 1567 978; baseline -0.001 -26"><span class='ocrx_word' id='word_1_39' title='bbox 374 892 511 952; x_wconf 91' lang='lat' dir='ltr'><strong>carnibus</strong></span> <span class='ocrx_word' id='word_1_40' title='bbox 521 891 723 970; x_wconf 85' lang='lat' dir='ltr'><strong>privabantur.</strong></span> <span class='ocrx_word' id='word_1_41' title='bbox 740 891 812 952; x_wconf 90' lang='lat' dir='ltr'><strong>lnde</strong></span> <span class='ocrx_word' id='word_1_42' title='bbox 825 898 923 951; x_wconf 86' lang='lat' dir='ltr'><strong>ortum</strong></span> <span class='ocrx_word' id='word_1_43' title='bbox 937 891 1013 950; x_wconf 79' lang='lat' dir='ltr'><strong>forte</strong></span> <span class='ocrx_word' id='word_1_44' title='bbox 1027 897 1070 951; x_wconf 77' lang='lat' dir='ltr'><strong>cst</strong></span> <span class='ocrx_word' id='word_1_45' title='bbox 1084 889 1259 952; x_wconf 83' lang='lat' dir='ltr'><strong>vocabulum</strong></span> <span class='ocrx_word' id='word_1_46' title='bbox 1273 888 1450 968; x_wconf 68' lang='lat' dir='ltr'><strong>Comae,</strong></span> <span class='ocrx_word' id='word_1_47' title='bbox 1565 899 1567 978; x_wconf 70' lang='lat' dir='ltr'>j</span> 
     </span>
    </p>
   </div>
   <div class='ocr_carea' id='block_1_5' title="bbox 372 971 1452 1299">
    <p class='ocr_par' dir='ltr' id='par_1_5' title="bbox 372 971 1452 1299">
     <span class='ocr_line' id='line_1_7' title="bbox 374 971 1452 1053; baseline 0 -19"><span class='ocrx_word' id='word_1_48' title='bbox 374 975 442 1053; x_wconf 87' lang='lat' dir='ltr'><strong>quia</strong></span> <span class='ocrx_word' id='word_1_49' title='bbox 464 983 535 1034; x_wconf 92' lang='lat' dir='ltr'><strong>tunc</strong></span> <span class='ocrx_word' id='word_1_50' title='bbox 559 973 713 1034; x_wconf 78' lang='lat' dir='ltr'><strong>christiani</strong></span> <span class='ocrx_word' id='word_1_51' title='bbox 734 973 814 1034; x_wconf 84' lang='lat' dir='ltr'><strong>carni</strong></span> <span class='ocrx_word' id='word_1_52' title='bbox 834 972 1049 1049; x_wconf 80' lang='lat' dir='ltr'><strong>valedicebant3</strong></span> <span class='ocrx_word' id='word_1_53' title='bbox 1072 981 1103 1032; x_wconf 94' lang='lat' dir='ltr'><strong>et</strong></span> <span class='ocrx_word' id='word_1_54' title='bbox 1117 971 1187 1032; x_wconf 89' lang='lat' dir='ltr'><strong>hinc</strong></span> <span class='ocrx_word' id='word_1_55' title='bbox 1205 991 1222 1033; x_wconf 88' lang='lat' dir='ltr'><strong>a</strong></span> <span class='ocrx_word' id='word_1_56' title='bbox 1241 973 1379 1036; x_wconf 87' lang='lat' dir='ltr'><strong>tollendis</strong></span> <span class='ocrx_word' id='word_1_57' title='bbox 1401 973 1452 1034; x_wconf 89' lang='lat' dir='ltr'><strong>de·</strong></span> 
     </span>
     <span class='ocr_line' id='line_1_8' title="bbox 374 1049 1452 1134; baseline 0 -18"><span class='ocrx_word' id='word_1_58' title='bbox 374 1055 565 1134; x_wconf 86' lang='lat' dir='ltr'><strong>serendisque</strong></span> <span class='ocrx_word' id='word_1_59' title='bbox 589 1055 726 1116; x_wconf 87' lang='lat' dir='ltr'><strong>carnibus</strong></span> <span class='ocrx_word' id='word_1_60' title='bbox 749 1055 805 1116; x_wconf 89' lang='lat' dir='ltr'><strong>hoe</strong></span> <span class='ocrx_word' id='word_1_61' title='bbox 823 1055 902 1116; x_wconf 91' lang='lat' dir='ltr'><strong>idem</strong></span> <span class='ocrx_word' id='word_1_62' title='bbox 923 1063 1038 1134; x_wconf 88' lang='lat' dir='ltr'><strong>tempus</strong></span> <span class='ocrx_word' id='word_1_63' title='bbox 1059 1049 1314 1133; x_wconf 82' lang='lat' dir='ltr'><strong>coroa-levamen,</strong></span> <span class='ocrx_word' id='word_1_64' title='bbox 1328 1064 1360 1115; x_wconf 88' lang='lat' dir='ltr'><strong>et</strong></span> <span class='ocrx_word' id='word_1_65' title='bbox 1380 1075 1452 1117; x_wconf 83' lang='lat' dir='ltr'><strong>coa·-</strong></span> 
     </span>
     <span class='ocr_line' id='line_1_9' title="bbox 373 1134 1449 1220; baseline 0 -22"><span class='ocrx_word' id='word_1_66' title='bbox 373 1136 558 1199; x_wconf 76' lang='lat' dir='ltr'><strong>ncmdoxorc</strong></span> <span class='ocrx_word' id='word_1_67' title='bbox 570 1138 747 1217; x_wconf 77' lang='lat' dir='ltr'><strong>appellatum</strong></span> <span class='ocrx_word' id='word_1_68' title='bbox 761 1137 889 1198; x_wconf 72' lang='lat' dir='ltr'><strong>ostendit</strong></span> <span class='ocrx_word' id='word_1_69' title='bbox 908 1137 1084 1198; x_wconf 84' lang='lat' dir='ltr'><strong>idrrratorius</strong></span> <span class='ocrx_word' id='word_1_70' title='bbox 1098 1136 1193 1220; x_wconf 79' lang='lat' dir='ltr'><strong>antip.</strong></span> <span class='ocrx_word' id='word_1_71' title='bbox 1210 1134 1285 1199; x_wconf 73' lang='lat' dir='ltr'><strong>stat.</strong></span> <span class='ocrx_word' id='word_1_72' title='bbox 1303 1136 1379 1200; x_wconf 66' lang='lat' dir='ltr'><strong>dces.</strong></span> <span class='ocrx_word' id='word_1_73' title='bbox 1396 1139 1449 1216; x_wconf 80' lang='lat' dir='ltr'><strong>tt,</strong></span> 
     </span>
     <span class='ocr_line' id='line_1_10' title="bbox 372 1217 1115 1299; baseline 0.001 -19"><span class='ocrx_word' id='word_1_74' title='bbox 372 1221 452 1282; x_wconf 89' lang='lat' dir='ltr'><strong>unde</strong></span> <span class='ocrx_word' id='word_1_75' title='bbox 462 1222 551 1281; x_wconf 89' lang='lat' dir='ltr'><strong>etiarn</strong></span> <span class='ocrx_word' id='word_1_76' title='bbox 565 1220 738 1282; x_wconf 87' lang='lat' dir='ltr'><strong>vocabulum</strong></span> <span class='ocrx_word' id='word_1_77' title='bbox 751 1217 905 1280; x_wconf 77' lang='lat' dir='ltr'><strong>conreoolc</strong></span> <span class='ocrx_word' id='word_1_78' title='bbox 919 1217 994 1280; x_wconf 88' lang='lat' dir='ltr'><strong>effici</strong></span> <span class='ocrx_word' id='word_1_79' title='bbox 1009 1220 1115 1299; x_wconf 89' lang='lat' dir='ltr'><strong>potuit.</strong></span> 
     </span>
    </p>
   </div>
   <div class='ocr_carea' id='block_1_6' title="bbox 423 1387 1568 1490">
    <p class='ocr_par' dir='ltr' id='par_1_6' title="bbox 423 1387 1568 1490">
     <span class='ocr_line' id='line_1_11' title="bbox 423 1387 1568 1490; baseline -0.002 -28"><span class='ocrx_word' id='word_1_80' title='bbox 423 1389 453 1490; x_wconf 75' lang='lat'><strong>§.</strong></span> <span class='ocrx_word' id='word_1_81' title='bbox 497 1391 555 1462; x_wconf 91' lang='lat' dir='ltr'><strong>lll.</strong></span> <span class='ocrx_word' id='word_1_82' title='bbox 596 1391 653 1462; x_wconf 81' lang='lat' dir='ltr'><strong>Est</strong></span> <span class='ocrx_word' id='word_1_83' title='bbox 684 1409 793 1463; x_wconf 90' lang='lat' dir='ltr'><strong>autem</strong></span> <span class='ocrx_word' id='word_1_84' title='bbox 822 1387 1054 1462; x_wconf 88' lang='lat' dir='ltr'><strong>celebrandum</strong></span> <span class='ocrx_word' id='word_1_85' title='bbox 1079 1387 1201 1462; x_wconf 79' lang='lat' dir='ltr'><strong>Pascha</strong></span> <span class='ocrx_word' id='word_1_86' title='bbox 1237 1390 1292 1462; x_wconf 89' lang='lat' dir='ltr'><strong>die</strong></span> <span class='ocrx_word' id='word_1_87' title='bbox 1332 1393 1452 1463; x_wconf 88' lang='lat' dir='ltr'><strong>Domi-</strong></span> <span class='ocrx_word' id='word_1_88' title='bbox 1567 1441 1568 1460; x_wconf 42' lang='lat' dir='ltr'><strong>t</strong></span> 
     </span>
    </p>
   </div>
   <div class='ocr_carea' id='block_1_7' title="bbox 374 1489 1541 1684">
    <p class='ocr_par' dir='ltr' id='par_1_7' title="bbox 374 1489 1541 1684">
     <span class='ocr_line' id='line_1_12' title="bbox 375 1489 1452 1588; baseline 0.002 -28"><span class='ocrx_word' id='word_1_89' title='bbox 375 1489 466 1580; x_wconf 86' lang='lat' dir='ltr'><strong>nica,</strong></span> <span class='ocrx_word' id='word_1_90' title='bbox 503 1515 577 1588; x_wconf 81' lang='lat' dir='ltr'><strong>quae</strong></span> <span class='ocrx_word' id='word_1_91' title='bbox 626 1507 674 1562; x_wconf 87' lang='lat' dir='ltr'><strong>ost</strong></span> <span class='ocrx_word' id='word_1_92' title='bbox 710 1491 944 1586; x_wconf 70' lang='lat' dir='ltr'><strong>aequinoctium</strong></span> <span class='ocrx_word' id='word_1_93' title='bbox 974 1491 1280 1586; x_wconf 70' lang='lat' dir='ltr'><strong>vernum&#39;proxime</strong></span> <span class='ocrx_word' id='word_1_94' title='bbox 1301 1491 1452 1587; x_wconf 89' lang='lat' dir='ltr'><strong>sequitur</strong></span> 
     </span>
     <span class='ocr_line' id='line_1_13' title="bbox 374 1517 1541 1684; baseline 0.002 -26"><span class='ocrx_word' id='word_1_95' title='bbox 374 1588 502 1658; x_wconf 82' lang='lat' dir='ltr'><strong>Lunam</strong></span> <span class='ocrx_word' id='word_1_96' title='bbox 545 1517 630 1660; x_wconf 76' lang='lat' dir='ltr'><strong>tht</strong></span> <span class='ocrx_word' id='word_1_97' title='bbox 672 1590 800 1676; x_wconf 89' lang='lat' dir='ltr'><strong>martii,</strong></span> <span class='ocrx_word' id='word_1_98' title='bbox 829 1585 969 1659; x_wconf 84' lang='lat' dir='ltr'><strong>honest</strong></span> <span class='ocrx_word' id='word_1_99' title='bbox 1008 1587 1246 1684; x_wconf 80' lang='lat' dir='ltr'><strong>plenilunium,</strong></span> <span class='ocrx_word' id='word_1_100' title='bbox 1287 1587 1345 1660; x_wconf 90' lang='lat' dir='ltr'><strong>sed</strong></span> <span class='ocrx_word' id='word_1_101' title='bbox 1382 1615 1453 1662; x_wconf 86' lang='lat' dir='ltr'><strong>non</strong></span> <span class='ocrx_word' id='word_1_102' title='bbox 1538 1629 1541 1640; x_wconf 91' lang='lat'>·</span> 
     </span>
    </p>
   </div>
   <div class='ocr_carea' id='block_1_8' title="bbox 375 1684 1451 1784">
    <p class='ocr_par' dir='ltr' id='par_1_8' title="bbox 375 1684 1451 1784">
     <span class='ocr_line' id='line_1_14' title="bbox 375 1684 1451 1784; baseline 0.001 -28"><span class='ocrx_word' id='word_1_103' title='bbox 375 1686 431 1758; x_wconf 89' lang='lat' dir='ltr'><strong>illa</strong></span> <span class='ocrx_word' id='word_1_104' title='bbox 463 1689 528 1782; x_wconf 92' lang='lat' dir='ltr'><strong>ipsa</strong></span> <span class='ocrx_word' id='word_1_105' title='bbox 566 1685 619 1756; x_wconf 92' lang='lat' dir='ltr'><strong>die</strong></span> <span class='ocrx_word' id='word_1_106' title='bbox 648 1685 747 1776; x_wconf 88' lang='lat' dir='ltr'><strong>XIV,</strong></span> <span class='ocrx_word' id='word_1_107' title='bbox 779 1687 856 1784; x_wconf 89' lang='lat' dir='ltr'><strong>quia</strong></span> <span class='ocrx_word' id='word_1_108' title='bbox 895 1684 1042 1756; x_wconf 86' lang='lat' dir='ltr'><strong>Christus</strong></span> <span class='ocrx_word' id='word_1_109' title='bbox 1085 1685 1241 1784; x_wconf 83' lang='lat' dir='ltr'><strong>postridie</strong></span> <span class='ocrx_word' id='word_1_110' title='bbox 1285 1685 1451 1758; x_wconf 78' lang='lat' dir='ltr'><strong>Pesehetis</strong></span> 
     </span>
    </p>
   </div>
   <div class='ocr_carea' id='block_1_9' title="bbox 376 1783 1569 1881">
    <p class='ocr_par' dir='ltr' id='par_1_9' title="bbox 376 1783 1569 1881">
     <span class='ocr_line' id='line_1_15' title="bbox 376 1783 1569 1881; baseline 0.003 -26"><span class='ocrx_word' id='word_1_111' title='bbox 376 1784 589 1856; x_wconf 63' lang='lat' dir='ltr'><strong>Hebraeorum</strong></span> <span class='ocrx_word' id='word_1_112' title='bbox 618 1809 657 1855; x_wconf 87' lang='lat' dir='ltr'><strong>ex</strong></span> <span class='ocrx_word' id='word_1_113' title='bbox 682 1783 792 1856; x_wconf 85' lang='lat' dir='ltr'><strong>inieris</strong></span> <span class='ocrx_word' id='word_1_114' title='bbox 819 1787 1003 1856; x_wconf 77' lang='lat' dir='ltr'><strong>resurrexit.</strong></span> <span class='ocrx_word' id='word_1_115' title='bbox 1040 1783 1154 1881; x_wconf 86' lang='lat' dir='ltr'><strong>ltaque</strong></span> <span class='ocrx_word' id='word_1_116' title='bbox 1187 1800 1339 1856; x_wconf 88' lang='lat' dir='ltr'><strong>nostrum</strong></span> <span class='ocrx_word' id='word_1_117' title='bbox 1378 1785 1451 1857; x_wconf 78' lang='lat' dir='ltr'><strong>Pas</strong></span> <span class='ocrx_word' id='word_1_118' title='bbox 1568 1843 1569 1858; x_wconf 50' lang='lat'>2</span> 
     </span>
    </p>
   </div>
   <div class='ocr_carea' id='block_1_10' title="bbox 375 1881 1451 2177">
    <p class='ocr_par' dir='ltr' id='par_1_10' title="bbox 375 1881 1451 2177">
     <span class='ocr_line' id='line_1_16' title="bbox 376 1881 1451 1955; baseline 0.001 -1"><span class='ocrx_word' id='word_1_119' title='bbox 376 1883 435 1954; x_wconf 90' lang='lat' dir='ltr'><strong>cha</strong></span> <span class='ocrx_word' id='word_1_120' title='bbox 475 1907 549 1954; x_wconf 90' lang='lat' dir='ltr'><strong>cum</strong></span> <span class='ocrx_word' id='word_1_121' title='bbox 596 1881 753 1954; x_wconf 86' lang='lat' dir='ltr'><strong>Paschate</strong></span> <span class='ocrx_word' id='word_1_122' title='bbox 800 1883 1015 1954; x_wconf 80' lang='lat' dir='ltr'><strong>Hebraeorum</strong></span> <span class='ocrx_word' id='word_1_123' title='bbox 1052 1885 1225 1953; x_wconf 87' lang='lat' dir='ltr'><strong>convenire</strong></span> <span class='ocrx_word' id='word_1_124' title='bbox 1266 1909 1348 1953; x_wconf 92' lang='lat' dir='ltr'><strong>num</strong></span> <span class='ocrx_word' id='word_1_125' title='bbox 1377 1910 1451 1955; x_wconf 91' lang='lat' dir='ltr'><strong>uam</strong></span> 
     </span>
     <span class='ocr_line' id='line_1_17' title="bbox 375 1910 1451 2078; baseline 0.002 -26"><span class='ocrx_word' id='word_1_126' title='bbox 375 1996 494 2078; x_wconf 85' lang='lat' dir='ltr'><strong>potest.</strong></span> <span class='ocrx_word' id='word_1_127' title='bbox 531 1981 633 2052; x_wconf 88' lang='lat' dir='ltr'><strong>Vetus</strong></span> <span class='ocrx_word' id='word_1_128' title='bbox 652 1998 701 2052; x_wconf 85' lang='lat' dir='ltr'><strong>est</strong></span> <span class='ocrx_word' id='word_1_129' title='bbox 728 1981 800 2054; x_wconf 86' lang='lat' dir='ltr'><strong>haec</strong></span> <span class='ocrx_word' id='word_1_130' title='bbox 830 1979 871 2052; x_wconf 91' lang='lat' dir='ltr'><strong>de</strong></span> <span class='ocrx_word' id='word_1_131' title='bbox 904 1979 1099 2053; x_wconf 88' lang='lat' dir='ltr'><strong>celebrando</strong></span> <span class='ocrx_word' id='word_1_132' title='bbox 1129 1980 1286 2052; x_wconf 84' lang='lat' dir='ltr'><strong>Paschate</strong></span> <span class='ocrx_word' id='word_1_133' title='bbox 1309 1910 1451 2054; x_wconf 66' lang='lat' dir='ltr'><strong>sedeate</strong></span> 
     </span>
     <span class='ocr_line' id='line_1_18' title="bbox 375 2077 1451 2177; baseline 0 -27"><span class='ocrx_word' id='word_1_134' title='bbox 375 2079 534 2152; x_wconf 84' lang='lat' dir='ltr'><strong>llomanae</strong></span> <span class='ocrx_word' id='word_1_135' title='bbox 572 2079 703 2173; x_wconf 79' lang='lat' dir='ltr'><strong>regula,</strong></span> <span class='ocrx_word' id='word_1_136' title='bbox 738 2105 839 2177; x_wconf 90' lang='lat' dir='ltr'><strong>quam</strong></span> <span class='ocrx_word' id='word_1_137' title='bbox 878 2077 1051 2151; x_wconf 85' lang='lat' dir='ltr'><strong>Nicaenum</strong></span> <span class='ocrx_word' id='word_1_138' title='bbox 1091 2077 1265 2152; x_wconf 80' lang='lat' dir='ltr'><strong>concilium</strong></span> <span class='ocrx_word' id='word_1_139' title='bbox 1301 2080 1451 2176; x_wconf 75' lang='lat' dir='ltr'><strong>probarit</strong></span> 
     </span>
    </p>
   </div>
   <div class='ocr_carea' id='block_1_11' title="bbox 376 2176 1570 2277">
    <p class='ocr_par' dir='ltr' id='par_1_11' title="bbox 376 2176 1570 2277">
     <span class='ocr_line' id='line_1_19' title="bbox 376 2176 1570 2277; baseline -0.003 -29"><span class='ocrx_word' id='word_1_140' title='bbox 376 2192 489 2248; x_wconf 86' lang='lat' dir='ltr'><strong>contra</strong></span> <span class='ocrx_word' id='word_1_141' title='bbox 523 2178 678 2268; x_wconf 78' lang='lat' dir='ltr'><strong>Asianos,</strong></span> <span class='ocrx_word' id='word_1_142' title='bbox 715 2180 773 2276; x_wconf 91' lang='lat' dir='ltr'><strong>qui</strong></span> <span class='ocrx_word' id='word_1_143' title='bbox 801 2177 921 2249; x_wconf 81' lang='lat' dir='ltr'><strong>festum</strong></span> <span class='ocrx_word' id='word_1_144' title='bbox 957 2177 1053 2248; x_wconf 90' lang='lat' dir='ltr'><strong>illum</strong></span> <span class='ocrx_word' id='word_1_145' title='bbox 1091 2177 1230 2274; x_wconf 79' lang='lat' dir='ltr'><strong>agebunt</strong></span> <span class='ocrx_word' id='word_1_146' title='bbox 1256 2176 1346 2248; x_wconf 88' lang='lat' dir='ltr'><strong>diem</strong></span> <span class='ocrx_word' id='word_1_147' title='bbox 1383 2181 1448 2277; x_wconf 85' lang='lat' dir='ltr'><strong>ipsa</strong></span> <span class='ocrx_word' id='word_1_148' title='bbox 1569 2203 1570 2222; x_wconf 56' lang='lat'>¹</span> 
     </span>
    </p>
   </div>
   <div class='ocr_carea' id='block_1_12' title="bbox 376 2273 1006 2373">
    <p class='ocr_par' dir='ltr' id='par_1_12' title="bbox 376 2273 1006 2373">
     <span class='ocr_line' id='line_1_20' title="bbox 376 2273 1006 2373; baseline 0.005 -29"><span class='ocrx_word' id='word_1_149' title='bbox 376 2273 454 2346; x_wconf 87' lang='lat' dir='ltr'><strong>luno</strong></span> <span class='ocrx_word' id='word_1_150' title='bbox 472 2273 571 2366; x_wconf 85' lang='lat' dir='ltr'><strong>XIV,</strong></span> <span class='ocrx_word' id='word_1_151' title='bbox 590 2273 804 2348; x_wconf 66' lang='lat' dir='ltr'><strong>Hebraeorum</strong></span> <span class='ocrx_word' id='word_1_152' title='bbox 820 2301 914 2348; x_wconf 90' lang='lat' dir='ltr'><strong>more</strong></span> <span class='ocrx_word' id='word_1_153' title='bbox 938 2275 1006 2373; x_wconf 89' lang='lat' dir='ltr'><strong>(l).</strong></span> 
     </span>
    </p>
   </div>
   <div class='ocr_carea' id='block_1_13' title="bbox 376 2445 1455 4090">
    <p class='ocr_par' dir='ltr' id='par_1_13' title="bbox 376 2445 1455 4090">
     <span class='ocr_line' id='line_1_21' title="bbox 416 2445 1447 2529; baseline 0.001 -20"><span class='ocrx_word' id='word_1_154' title='bbox 416 2445 458 2529; x_wconf 86' lang='lat' dir='ltr'><strong>(l)</strong></span> <span class='ocrx_word' id='word_1_155' title='bbox 471 2451 583 2528; x_wconf 73' lang='lat' dir='ltr'><strong>Magnae</strong></span> <span class='ocrx_word' id='word_1_156' title='bbox 604 2449 675 2510; x_wconf 90' lang='lat' dir='ltr'><strong>olim</strong></span> <span class='ocrx_word' id='word_1_157' title='bbox 690 2449 727 2510; x_wconf 91' lang='lat' dir='ltr'><strong>de</strong></span> <span class='ocrx_word' id='word_1_158' title='bbox 740 2447 915 2510; x_wconf 78' lang='lat' dir='ltr'><strong>celebrando</strong></span> <span class='ocrx_word' id='word_1_159' title='bbox 927 2447 1066 2510; x_wconf 83' lang='lat' dir='ltr'><strong>Poschete</strong></span> <span class='ocrx_word' id='word_1_160' title='bbox 1081 2449 1164 2510; x_wconf 83' lang='lat' dir='ltr'><strong>luere</strong></span> <span class='ocrx_word' id='word_1_161' title='bbox 1177 2449 1378 2510; x_wconf 81' lang='lat' dir='ltr'><strong>controversiae</strong></span> <span class='ocrx_word' id='word_1_162' title='bbox 1394 2467 1447 2511; x_wconf 83' lang='lat' dir='ltr'><strong>ex-</strong></span> 
     </span>
     <span class='ocr_line' id='line_1_22' title="bbox 377 2531 1449 2612; baseline 0.004 -22"><span class='ocrx_word' id='word_1_163' title='bbox 377 2531 471 2590; x_wconf 76' lang='lat' dir='ltr'><strong>citate</strong></span> <span class='ocrx_word' id='word_1_164' title='bbox 496 2533 659 2610; x_wconf 76' lang='lat' dir='ltr'><strong>presertim</strong></span> <span class='ocrx_word' id='word_1_165' title='bbox 683 2532 720 2593; x_wconf 85' lang='lat' dir='ltr'><strong>sb</strong></span> <span class='ocrx_word' id='word_1_166' title='bbox 734 2531 863 2608; x_wconf 78' lang='lat' dir='ltr'><strong>Asianis,</strong></span> <span class='ocrx_word' id='word_1_167' title='bbox 888 2531 938 2610; x_wconf 86' lang='lat' dir='ltr'><strong>qui</strong></span> <span class='ocrx_word' id='word_1_168' title='bbox 961 2531 1111 2610; x_wconf 86' lang='lat' dir='ltr'><strong>antiquam</strong></span> <span class='ocrx_word' id='word_1_169' title='bbox 1129 2531 1317 2593; x_wconf 75' lang='lat' dir='ltr'><strong>traditionem</strong></span> <span class='ocrx_word' id='word_1_170' title='bbox 1341 2549 1449 2612; x_wconf 84' lang='lat' dir='ltr'><strong>propo·</strong></span> 
     </span>
     <span class='ocr_line' id='line_1_23' title="bbox 377 2612 1450 2692; baseline 0.002 -18"><span class='ocrx_word' id='word_1_171' title='bbox 377 2621 496 2689; x_wconf 86' lang='lat' dir='ltr'><strong>nentes,</strong></span> <span class='ocrx_word' id='word_1_172' title='bbox 517 2613 578 2692; x_wconf 89' lang='lat' dir='ltr'><strong>ipsa</strong></span> <span class='ocrx_word' id='word_1_173' title='bbox 603 2613 673 2674; x_wconf 83' lang='lat' dir='ltr'><strong>lune</strong></span> <span class='ocrx_word' id='word_1_174' title='bbox 690 2617 773 2690; x_wconf 84' lang='lat' dir='ltr'><strong>XIV,</strong></span> <span class='ocrx_word' id='word_1_175' title='bbox 791 2631 873 2674; x_wconf 92' lang='lat' dir='ltr'><strong>more</strong></span> <span class='ocrx_word' id='word_1_176' title='bbox 887 2613 1026 2684; x_wconf 76' lang='lat' dir='ltr'><strong>ludaico,</strong></span> <span class='ocrx_word' id='word_1_177' title='bbox 1040 2612 1145 2692; x_wconf 88' lang='lat' dir='ltr'><strong>poscha</strong></span> <span class='ocrx_word' id='word_1_178' title='bbox 1167 2613 1376 2674; x_wconf 85' lang='lat' dir='ltr'><strong>celebrandum</strong></span> <span class='ocrx_word' id='word_1_179' title='bbox 1390 2633 1450 2676; x_wconf 85' lang='lat' dir='ltr'><strong>esse</strong></span> 
     </span>
     <span class='ocr_line' id='line_1_24' title="bbox 377 2694 1450 2777; baseline 0.002 -21"><span class='ocrx_word' id='word_1_180' title='bbox 377 2695 603 2756; x_wconf 80' lang='lat' dir='ltr'><strong>contendebant.</strong></span> <span class='ocrx_word' id='word_1_181' title='bbox 627 2699 734 2758; x_wconf 79' lang='lat' dir='ltr'><strong>eontra</strong></span> <span class='ocrx_word' id='word_1_182' title='bbox 748 2696 856 2777; x_wconf 81' lang='lat' dir='ltr'><strong>summi</strong></span> <span class='ocrx_word' id='word_1_183' title='bbox 878 2694 1032 2757; x_wconf 82' lang='lat' dir='ltr'><strong>Pontifices</strong></span> <span class='ocrx_word' id='word_1_184' title='bbox 1055 2695 1116 2756; x_wconf 85' lang='lat' dir='ltr'><strong>nixi</strong></span> <span class='ocrx_word' id='word_1_185' title='bbox 1140 2695 1314 2772; x_wconf 84' lang='lat' dir='ltr'><strong>traditione,</strong></span> <span class='ocrx_word' id='word_1_186' title='bbox 1329 2715 1450 2775; x_wconf 80' lang='lat' dir='ltr'><strong>quamn</strong></span> 
     </span>
     <span class='ocr_line' id='line_1_25' title="bbox 378 2775 1453 2874; baseline 0.002 -34"><span class='ocrx_word' id='word_1_187' title='bbox 378 2782 415 2840; x_wconf 88' lang='lat' dir='ltr'><strong>D.</strong></span> <span class='ocrx_word' id='word_1_188' title='bbox 430 2780 517 2838; x_wconf 87' lang='lat' dir='ltr'><strong>Petro</strong></span> <span class='ocrx_word' id='word_1_189' title='bbox 529 2785 715 2874; x_wconf 77' lang='lat' dir='ltr'><strong>acceperant,</strong></span> <span class='ocrx_word' id='word_1_190' title='bbox 728 2775 805 2837; x_wconf 89' lang='lat' dir='ltr'><strong>hanc</strong></span> <span class='ocrx_word' id='word_1_191' title='bbox 823 2777 1036 2838; x_wconf 87' lang='lat' dir='ltr'><strong>solemnitatem</strong></span> <span class='ocrx_word' id='word_1_192' title='bbox 1051 2776 1227 2838; x_wconf 76' lang='lat' dir='ltr'><strong>differebant</strong></span> <span class='ocrx_word' id='word_1_193' title='bbox 1243 2778 1281 2839; x_wconf 95' lang='lat' dir='ltr'><strong>ad</strong></span> <span class='ocrx_word' id='word_1_194' title='bbox 1297 2778 1380 2840; x_wconf 86' lang='lat' dir='ltr'><strong>diem</strong></span> <span class='ocrx_word' id='word_1_195' title='bbox 1394 2783 1453 2842; x_wconf 84' lang='lat' dir='ltr'><strong>Do-</strong></span> 
     </span>
     <span class='ocr_line' id='line_1_26' title="bbox 377 2859 1450 2956; baseline 0.005 -38"><span class='ocrx_word' id='word_1_196' title='bbox 377 2859 603 2956; x_wconf 38' lang='lat' dir='ltr'><strong>minicum,·qu1</strong></span> <span class='ocrx_word' id='word_1_197' title='bbox 622 2867 688 2939; x_wconf 88' lang='lat' dir='ltr'><strong>post</strong></span> <span class='ocrx_word' id='word_1_198' title='bbox 700 2859 909 2938; x_wconf 80' lang='lat' dir='ltr'><strong>aequinoctium</strong></span> <span class='ocrx_word' id='word_1_199' title='bbox 932 2878 1057 2956; x_wconf 75' lang='lat' dir='ltr'><strong>vernum</strong></span> <span class='ocrx_word' id='word_1_200' title='bbox 1070 2859 1163 2938; x_wconf 81' lang='lat' dir='ltr'><strong>ipsam</strong></span> <span class='ocrx_word' id='word_1_201' title='bbox 1179 2860 1281 2920; x_wconf 90' lang='lat' dir='ltr'><strong>lunam</strong></span> <span class='ocrx_word' id='word_1_202' title='bbox 1296 2865 1368 2923; x_wconf 87' lang='lat' dir='ltr'><strong>XIV</strong></span> <span class='ocrx_word' id='word_1_203' title='bbox 1383 2879 1450 2940; x_wconf 81' lang='lat' dir='ltr'><strong>pto·</strong></span> 
     </span>
     <span class='ocr_line' id='line_1_27' title="bbox 378 2941 1451 3104; baseline 0.002 -19"><span class='ocrx_word' id='word_1_204' title='bbox 378 2941 851 3101; x_wconf 56' lang='lat' dir='ltr'><strong>ttlttuttstttttlt</strong></span> <span class='ocrx_word' id='word_1_205' title='bbox 862 2943 1318 3104; x_wconf 61' lang='lat' dir='ltr'><strong>ttlttttttdtttt</strong></span> <span class='ocrx_word' id='word_1_206' title='bbox 1333 2945 1451 3101; x_wconf 41' lang='lat' dir='ltr'><strong>{limi</strong></span> 
     </span>
     <span class='ocr_line' id='line_1_28' title="bbox 380 3105 1452 3184; baseline 0.001 -16"><span class='ocrx_word' id='word_1_207' title='bbox 380 3105 493 3168; x_wconf 80' lang='lat' dir='ltr'><strong>Asiane</strong></span> <span class='ocrx_word' id='word_1_208' title='bbox 507 3106 634 3166; x_wconf 84' lang='lat' dir='ltr'><strong>ecclesie</strong></span> <span class='ocrx_word' id='word_1_209' title='bbox 647 3106 678 3166; x_wconf 94' lang='lat' dir='ltr'><strong>in</strong></span> <span class='ocrx_word' id='word_1_210' title='bbox 693 3125 745 3168; x_wconf 88' lang='lat' dir='ltr'><strong>sua</strong></span> <span class='ocrx_word' id='word_1_211' title='bbox 765 3107 909 3168; x_wconf 85' lang='lat' dir='ltr'><strong>sententia</strong></span> <span class='ocrx_word' id='word_1_212' title='bbox 926 3113 1165 3184; x_wconf 88' lang='lat' dir='ltr'><strong>permanserunt,</strong></span> <span class='ocrx_word' id='word_1_213' title='bbox 1180 3107 1266 3168; x_wconf 89' lang='lat' dir='ltr'><strong>sicuti</strong></span> <span class='ocrx_word' id='word_1_214' title='bbox 1280 3117 1383 3168; x_wconf 81' lang='lat' dir='ltr'><strong>narrat</strong></span> <span class='ocrx_word' id='word_1_215' title='bbox 1397 3111 1452 3170; x_wconf 76' lang='lat' dir='ltr'><strong>ire·</strong></span> 
     </span>
     <span class='ocr_line' id='line_1_29' title="bbox 379 3184 1451 3272; baseline 0.003 -24"><span class='ocrx_word' id='word_1_216' title='bbox 379 3205 460 3248; x_wconf 78' lang='lat' dir='ltr'><strong>neus</strong></span> <span class='ocrx_word' id='word_1_217' title='bbox 484 3188 576 3269; x_wconf 75' lang='lat' dir='ltr'><strong>irrep.</strong></span> <span class='ocrx_word' id='word_1_218' title='bbox 593 3185 634 3249; x_wconf 86' lang='lat' dir='ltr'><strong>cd</strong></span> <span class='ocrx_word' id='word_1_219' title='bbox 661 3188 770 3250; x_wconf 83' lang='lat' dir='ltr'><strong>Victor.</strong></span> <span class='ocrx_word' id='word_1_220' title='bbox 796 3187 876 3267; x_wconf 87' lang='lat' dir='ltr'><strong>apud</strong></span> <span class='ocrx_word' id='word_1_221' title='bbox 900 3188 1006 3250; x_wconf 84' lang='lat' dir='ltr'><strong>Euseh.</strong></span> <span class='ocrx_word' id='word_1_222' title='bbox 1030 3186 1101 3250; x_wconf 78' lang='lat' dir='ltr'><strong>tto.</strong></span> <span class='ocrx_word' id='word_1_223' title='bbox 1125 3184 1192 3250; x_wconf 82' lang='lat' dir='ltr'><strong>cccl.</strong></span> <span class='ocrx_word' id='word_1_224' title='bbox 1216 3185 1300 3250; x_wconf 68' lang='lat' dir='ltr'><strong>tint</strong></span> <span class='ocrx_word' id='word_1_225' title='bbox 1322 3207 1389 3272; x_wconf 80' lang='lat' dir='ltr'><strong>cap.</strong></span> <span class='ocrx_word' id='word_1_226' title='bbox 1412 3191 1451 3252; x_wconf 70' lang='grc'><strong>24</strong></span> 
     </span>
     <span class='ocr_line' id='line_1_30' title="bbox 376 3269 1452 3414; baseline 0.003 -85"><span class='ocrx_word' id='word_1_227' title='bbox 376 3287 448 3352; x_wconf 72' lang='lat' dir='ltr'><strong>pop.</strong></span> <span class='ocrx_word' id='word_1_228' title='bbox 469 3271 528 3332; x_wconf 73' lang='lat' dir='ltr'><strong>stt</strong></span> <span class='ocrx_word' id='word_1_229' title='bbox 543 3278 643 3414; x_wconf 73' lang='lat' dir='ltr'><strong>etsep.</strong></span> <span class='ocrx_word' id='word_1_230' title='bbox 660 3269 707 3332; x_wconf 87' lang='lat' dir='ltr'><strong>cd.</strong></span> <span class='ocrx_word' id='word_1_231' title='bbox 723 3269 864 3331; x_wconf 80' lang='lat' dir='ltr'><strong>Cantodr.</strong></span> <span class='ocrx_word' id='word_1_232' title='bbox 881 3272 973 3332; x_wconf 73' lang='lat'><strong>1720.</strong></span> <span class='ocrx_word' id='word_1_233' title='bbox 992 3270 1154 3332; x_wconf 82' lang='lat' dir='ltr'><strong>Recruduit</strong></span> <span class='ocrx_word' id='word_1_234' title='bbox 1168 3271 1367 3332; x_wconf 85' lang='lat' dir='ltr'><strong>controversia</strong></span> <span class='ocrx_word' id='word_1_235' title='bbox 1384 3273 1452 3336; x_wconf 82' lang='lat' dir='ltr'><strong>Vio-</strong></span> 
     </span>
     <span class='ocr_line' id='line_1_31' title="bbox 380 3351 1455 3432; baseline 0.002 -20"><span class='ocrx_word' id='word_1_236' title='bbox 380 3359 443 3414; x_wconf 89' lang='lat' dir='ltr'><strong>tore</strong></span> <span class='ocrx_word' id='word_1_237' title='bbox 466 3354 517 3430; x_wconf 89' lang='lat' dir='ltr'><strong>P.,</strong></span> <span class='ocrx_word' id='word_1_238' title='bbox 537 3351 588 3430; x_wconf 92' lang='lat' dir='ltr'><strong>qui</strong></span> <span class='ocrx_word' id='word_1_239' title='bbox 633 3353 721 3413; x_wconf 83' lang='lat' dir='ltr'><strong>sienis</strong></span> <span class='ocrx_word' id='word_1_240' title='bbox 742 3353 883 3432; x_wconf 88' lang='lat' dir='ltr'><strong>episcopis</strong></span> <span class='ocrx_word' id='word_1_241' title='bbox 904 3353 1123 3413; x_wconf 84' lang='lat' dir='ltr'><strong>ecclesiasticam</strong></span> <span class='ocrx_word' id='word_1_242' title='bbox 1147 3355 1387 3414; x_wconf 88' lang='lat' dir='ltr'><strong>communionem</strong></span> <span class='ocrx_word' id='word_1_243' title='bbox 1411 3355 1455 3414; x_wconf 91' lang='lat' dir='ltr'><strong>in·</strong></span> 
     </span>
     <span class='ocr_line' id='line_1_32' title="bbox 380 3431 1453 3514; baseline 0.004 -21"><span class='ocrx_word' id='word_1_244' title='bbox 380 3433 516 3506; x_wconf 83' lang='lat' dir='ltr'><strong>terdixit,</strong></span> <span class='ocrx_word' id='word_1_245' title='bbox 541 3431 621 3512; x_wconf 92' lang='lat' dir='ltr'><strong>quod</strong></span> <span class='ocrx_word' id='word_1_246' title='bbox 648 3433 755 3495; x_wconf 78' lang='lat' dir='ltr'><strong>Pascha</strong></span> <span class='ocrx_word' id='word_1_247' title='bbox 788 3436 908 3512; x_wconf 88' lang='lat' dir='ltr'><strong>eodem,</strong></span> <span class='ocrx_word' id='word_1_248' title='bbox 932 3453 990 3514; x_wconf 87' lang='lat' dir='ltr'><strong>quo</strong></span> <span class='ocrx_word' id='word_1_249' title='bbox 1011 3433 1121 3510; x_wconf 80' lang='lat' dir='ltr'><strong>Judaei,</strong></span> <span class='ocrx_word' id='word_1_250' title='bbox 1147 3442 1280 3514; x_wconf 89' lang='lat' dir='ltr'><strong>tempore</strong></span> <span class='ocrx_word' id='word_1_251' title='bbox 1304 3435 1453 3496; x_wconf 85' lang='lat' dir='ltr'><strong>celebrare</strong></span> 
     </span>
     <span class='ocr_line' id='line_1_33' title="bbox 378 3515 1453 3597; baseline 0.003 -22"><span class='ocrx_word' id='word_1_252' title='bbox 378 3516 557 3596; x_wconf 71' lang='lat' dir='ltr'><strong>pergebant,</strong></span> <span class='ocrx_word' id='word_1_253' title='bbox 581 3515 709 3595; x_wconf 88' lang='lat' dir='ltr'><strong>denique</strong></span> <span class='ocrx_word' id='word_1_254' title='bbox 729 3517 846 3579; x_wconf 79' lang='lat' dir='ltr'><strong>Nieaeno</strong></span> <span class='ocrx_word' id='word_1_255' title='bbox 860 3517 982 3578; x_wconf 88' lang='lat' dir='ltr'><strong>concilio</strong></span> <span class='ocrx_word' id='word_1_256' title='bbox 1005 3517 1161 3596; x_wconf 79' lang='lat' dir='ltr'><strong>probatum</strong></span> <span class='ocrx_word' id='word_1_257' title='bbox 1187 3516 1453 3597; x_wconf 81' lang='lat' dir='ltr'><strong>confirmatumque</strong></span> 
     </span>
     <span class='ocr_line' id='line_1_34' title="bbox 380 3597 1453 3678; baseline 0.002 -20"><span class='ocrx_word' id='word_1_258' title='bbox 380 3606 439 3673; x_wconf 87' lang='lat' dir='ltr'><strong>est,</strong></span> <span class='ocrx_word' id='word_1_259' title='bbox 464 3598 573 3678; x_wconf 90' lang='lat' dir='ltr'><strong>quoda</strong></span> <span class='ocrx_word' id='word_1_260' title='bbox 600 3602 685 3660; x_wconf 86' lang='lat' dir='ltr'><strong>Rom.</strong></span> <span class='ocrx_word' id='word_1_261' title='bbox 709 3598 898 3660; x_wconf 85' lang='lat' dir='ltr'><strong>Pontificibus</strong></span> <span class='ocrx_word' id='word_1_262' title='bbox 918 3607 1060 3659; x_wconf 82' lang='lat' dir='ltr'><strong>statutum</strong></span> <span class='ocrx_word' id='word_1_263' title='bbox 1084 3597 1190 3658; x_wconf 87' lang='lat' dir='ltr'><strong>iuerat.</strong></span> <span class='ocrx_word' id='word_1_264' title='bbox 1215 3601 1312 3676; x_wconf 82' lang='lat' dir='ltr'><strong>Atque</strong></span> <span class='ocrx_word' id='word_1_265' title='bbox 1329 3599 1377 3675; x_wconf 88' lang='lat' dir='ltr'><strong>hi,</strong></span> <span class='ocrx_word' id='word_1_266' title='bbox 1400 3602 1453 3678; x_wconf 86' lang='lat' dir='ltr'><strong>qui</strong></span> 
     </span>
     <span class='ocr_line' id='line_1_35' title="bbox 379 3679 1453 3761; baseline 0.002 -21"><span class='ocrx_word' id='word_1_267' title='bbox 379 3679 539 3742; x_wconf 78' lang='lat' dir='ltr'><strong>Pontificius</strong></span> <span class='ocrx_word' id='word_1_268' title='bbox 555 3697 588 3740; x_wconf 90' lang='lat' dir='ltr'><strong>ac</strong></span> <span class='ocrx_word' id='word_1_269' title='bbox 606 3681 730 3743; x_wconf 77' lang='lat' dir='ltr'><strong>Nicoeuae</strong></span> <span class='ocrx_word' id='word_1_270' title='bbox 747 3681 900 3742; x_wconf 80' lang='lat' dir='ltr'><strong>sententie</strong></span> <span class='ocrx_word' id='word_1_271' title='bbox 920 3681 957 3742; x_wconf 93' lang='lat' dir='ltr'><strong>de</strong></span> <span class='ocrx_word' id='word_1_272' title='bbox 974 3679 1149 3741; x_wconf 85' lang='lat' dir='ltr'><strong>celebrando</strong></span> <span class='ocrx_word' id='word_1_273' title='bbox 1165 3679 1305 3742; x_wconf 86' lang='lat' dir='ltr'><strong>Psschste</strong></span> <span class='ocrx_word' id='word_1_274' title='bbox 1320 3682 1453 3761; x_wconf 87' lang='lat' dir='ltr'><strong>pervica-</strong></span> 
     </span>
     <span class='ocr_line' id='line_1_36' title="bbox 378 3757 1453 3838; baseline 0.005 -18"><span class='ocrx_word' id='word_1_275' title='bbox 378 3757 441 3822; x_wconf 84' lang='lat' dir='ltr'><strong>cius</strong></span> <span class='ocrx_word' id='word_1_276' title='bbox 458 3761 599 3823; x_wconf 86' lang='lat' dir='ltr'><strong>ohsistere</strong></span> <span class='ocrx_word' id='word_1_277' title='bbox 614 3762 677 3823; x_wconf 91' lang='lat' dir='ltr'><strong>ausi</strong></span> <span class='ocrx_word' id='word_1_278' title='bbox 696 3771 781 3838; x_wconf 83' lang='lat' dir='ltr'><strong>sunt,</strong></span> <span class='ocrx_word' id='word_1_279' title='bbox 806 3763 935 3824; x_wconf 77' lang='lat' dir='ltr'><strong>heretici</strong></span> <span class='ocrx_word' id='word_1_280' title='bbox 959 3771 989 3823; x_wconf 89' lang='lat' dir='ltr'><strong>ct</strong></span> <span class='ocrx_word' id='word_1_281' title='bbox 1006 3763 1181 3823; x_wconf 88' lang='lat' dir='ltr'><strong>schismatici</strong></span> <span class='ocrx_word' id='word_1_282' title='bbox 1203 3761 1296 3822; x_wconf 88' lang='lat' dir='ltr'><strong>habiti</strong></span> <span class='ocrx_word' id='word_1_283' title='bbox 1322 3773 1406 3832; x_wconf 84' lang='lat' dir='ltr'><strong>sunt,</strong></span> <span class='ocrx_word' id='word_1_284' title='bbox 1424 3773 1453 3824; x_wconf 91' lang='lat' dir='ltr'><strong>et</strong></span> 
     </span>
     <span class='ocr_line' id='line_1_37' title="bbox 380 3843 1452 3924; baseline 0.004 -22"><span class='ocrx_word' id='word_1_285' title='bbox 380 3845 634 3918; x_wconf 82' lang='lat' dir='ltr'><strong>Quartodecimani</strong></span> <span class='ocrx_word' id='word_1_286' title='bbox 642 3887 651 3922; x_wconf 86' lang='lat'><strong>,</strong></span> <span class='ocrx_word' id='word_1_287' title='bbox 664 3844 954 3918; x_wconf 83' lang='lat' dir='ltr'><strong>Thessaradecatitae,</strong></span> <span class='ocrx_word' id='word_1_288' title='bbox 967 3845 1094 3906; x_wconf 85' lang='lat' dir='ltr'><strong>Audisni</strong></span> <span class='ocrx_word' id='word_1_289' title='bbox 1108 3843 1255 3924; x_wconf 80' lang='lat' dir='ltr'><strong>appellati.</strong></span> <span class='ocrx_word' id='word_1_290' title='bbox 1275 3845 1334 3906; x_wconf 92' lang='lat' dir='ltr'><strong>Sed</strong></span> <span class='ocrx_word' id='word_1_291' title='bbox 1348 3865 1452 3924; x_wconf 85' lang='lat' dir='ltr'><strong>quam·</strong></span> 
     </span>
     <span class='ocr_line' id='line_1_38' title="bbox 380 3925 1454 4001; baseline 0.005 -17"><span class='ocrx_word' id='word_1_292' title='bbox 380 3943 469 4001; x_wconf 89' lang='lat' dir='ltr'><strong>quam</strong></span> <span class='ocrx_word' id='word_1_293' title='bbox 484 3927 692 3988; x_wconf 87' lang='lat' dir='ltr'><strong>catholicorum</strong></span> <span class='ocrx_word' id='word_1_294' title='bbox 709 3928 837 3988; x_wconf 80' lang='lat' dir='ltr'><strong>ecclesius</strong></span> <span class='ocrx_word' id='word_1_295' title='bbox 860 3927 898 3988; x_wconf 93' lang='lat' dir='ltr'><strong>de</strong></span> <span class='ocrx_word' id='word_1_296' title='bbox 912 3926 1085 3988; x_wconf 89' lang='lat' dir='ltr'><strong>celebrando</strong></span> <span class='ocrx_word' id='word_1_297' title='bbox 1110 3925 1249 3987; x_wconf 77' lang='lat' dir='ltr'><strong>Paschate</strong></span> <span class='ocrx_word' id='word_1_298' title='bbox 1273 3927 1305 3986; x_wconf 94' lang='lat' dir='ltr'><strong>in</strong></span> <span class='ocrx_word' id='word_1_299' title='bbox 1322 3927 1372 3988; x_wconf 89' lang='lat' dir='ltr'><strong>die</strong></span> <span class='ocrx_word' id='word_1_300' title='bbox 1392 3932 1454 3990; x_wconf 88' lang='lat' dir='ltr'><strong>Do·</strong></span> 
     </span>
     <span class='ocr_line' id='line_1_39' title="bbox 377 4007 1449 4090; baseline 0.004 -23"><span class='ocrx_word' id='word_1_301' title='bbox 377 4007 486 4069; x_wconf 88' lang='lat' dir='ltr'><strong>minico</strong></span> <span class='ocrx_word' id='word_1_302' title='bbox 510 4011 723 4090; x_wconf 86' lang='lat' dir='ltr'><strong>consentirent,</strong></span> <span class='ocrx_word' id='word_1_303' title='bbox 749 4027 809 4071; x_wconf 90' lang='lat' dir='ltr'><strong>non</strong></span> <span class='ocrx_word' id='word_1_304' title='bbox 834 4029 891 4071; x_wconf 93' lang='lat' dir='ltr'><strong>una</strong></span> <span class='ocrx_word' id='word_1_305' title='bbox 918 4017 1016 4070; x_wconf 73' lang='lat' dir='ltr'><strong>umen</strong></span> <span class='ocrx_word' id='word_1_306' title='bbox 1042 4007 1202 4088; x_wconf 88' lang='lat' dir='ltr'><strong>eademque</strong></span> <span class='ocrx_word' id='word_1_307' title='bbox 1229 4017 1293 4068; x_wconf 90' lang='lat' dir='ltr'><strong>erat</strong></span> <span class='ocrx_word' id='word_1_308' title='bbox 1315 4010 1449 4071; x_wconf 88' lang='lat' dir='ltr'><strong>omnium</strong></span> 
     </span>
    </p>
   </div>
   <div class='ocr_carea' id='block_1_14' title="bbox 0 0 1584 5188">
    <p class='ocr_par' dir='ltr' id='par_1_14' title="bbox 0 0 1584 5188">
     <span class='ocr_line' id='line_1_40' title="bbox 0 0 1584 5188; baseline 0 0"><span class='ocrx_word' id='word_1_309' title='bbox 0 0 1584 5188; x_wconf 95' lang='lat' dir='ltr'><strong> </strong></span> 
     </span>
    </p>
   </div>
  </div>
 </body>
</html>
