3164 5174
572 439 793 512 -505-

147 567 216 638 sine
250 587 431 652 concursu,
457 587 533 634 oum
562 563 833 636 examinatoribus
858 566 894 636 in
916 564 1042 665 synodo
1072 566 1219 665 designa·

148 665 206 752 tis,
237 661 392 734 idoneum
419 663 562 732 inveniat
591 661 657 758 (l).
683 663 727 733 lt
755 665 885 759 patroni
907 663 1109 738 ecelesiastici
1131 669 1217 740 inter

147 760 343 860 approbatos
375 758 416 830 ab
449 757 563 832 iisdem
589 761 883 852 examinatoribus,
913 765 970 860 qui
998 765 1033 834 in
1060 789 1221 838 concursu

146 857 320 956 periclitati
348 857 482 930 luerunt
507 861 676 954 ingenium
703 875 737 930 ct
768 863 922 932 virtutem
954 887 1066 954 suam,
1099 861 1222 934 debent

145 957 331 1054 digniorem
369 955 506 1054 eligere,
532 974 631 1055 atque
658 983 735 1029 eum
751 961 909 1056 ,episcopo
934 957 1071 1050 offerre,
1112 977 1149 1032 ut
1178 961 1220 1032 ab

148 1059 218 1152 ipso
245 1055 398 1154 deinceps
418 1057 605 1128 instituatur
629 1055 695 1152 (ἢ).
727 1055 906 1154 Episcopus
930 1073 1039 1130 autem
1057 1059 1220 1158 judicium

146 1159 280 1250 patroni
305 1155 505 1226 ecclesiastici
529 1157 564 1224 in
591 1153 719 1224 delectu
753 1169 787 1224 et
815 1160 1066 1252 praesentatione
1095 1157 1221 1253 dignio-

149 1256 193 1322 ris
216 1253 352 1324 omnino
377 1255 468 1350 sequi
497 1251 615 1342 debet,
633 1277 711 1322 cum
736 1251 837 1326 nullae
866 1269 944 1324 sunt
970 1254 1107 1326 oliorum
1135 1282 1220 1353 que·

147 1349 240 1440 relae,
273 1365 403 1420 atvero
431 1353 570 1446 inquirit
596 1355 632 1422 in
657 1347 821 1445 judicium
852 1355 1002 1448 patroni,
1034 1355 1059 1422 si
1084 1357 1157 1452 quis
1181 1353 1223 1424 de

148 1473 189 1520 eo
202 1463 423 1546 conqueratur
444 1447 510 1546 (5).

194 1607 220 1769 pl
247 1609 355 1670 concil.
372 1607 508 1671 Trident.
520 1608 570 1671 cit.
583 1627 655 1672 sesa.
670 1611 709 1672 at
722 1627 790 1691 cop.
807 1611 858 1672 ta.

209 1691 229 1750 2
254 1689 334 1765 Quod
352 1691 481 1768 obtinet,
503 1711 571 1752 cum
591 1693 737 1752 institutio
761 1689 798 1752 ad
822 1711 839 1754 e
860 1691 989 1772 isoopum
1006 1692 1147 1772 pertinet.
1167 1699 1225 1756 Ve-

155 1789 226 1831 rum
245 1790 328 1832 rcum
344 1779 508 1850 institutio,
521 1775 617 1852 inquit
627 1774 757 1856 synodus
776 1711 950 1836 Tridentino
960 1772 1016 1836 loc.
1028 1774 1092 1852 cit,
1104 1775 1141 1838 ab
1150 1775 1223 1854 alio,

154 1871 246 1932 quam
262 1854 460 1934 abepiscopo,
481 1858 538 1917 erit
555 1855 703 1932 iacienda,
721 1865 792 1916 tunc
808 1857 959 1936 episcopus
975 1855 1053 1917 solus
1068 1877 1104 1918 ex
1127 1859 1225 1941 dignis

153 1935 242 2016 eligat
252 1935 431 2018 digniorem,
443 1955 532 2018 quem
544 1945 686 2018 patronus
699 1939 726 1999 ei
737 1946 914 2017 presentet,
929 1937 966 2000 ad
980 1957 1067 2018 quem
1080 1941 1225 2002 institutio

154 2025 402 2182 §peziliennedim
421 2105 491 2165 xlv
508 2102 541 2162 in
560 2103 658 2164 Cmtat.
683 2099 818 2166 Reddite
836 2100 919 2166 nolu
933 2105 953 2163 l
969 2111 1040 2164 torn.
1058 2105 1077 2164 2
1092 2123 1164 2188 pop.
1186 2107 1223 2166 to

152 2179 191 2242 du
236 2182 350 2246 rituti.
367 2183 453 2262 Quod
471 2185 495 2244 si
513 2184 618 2263 aliquis
640 2183 694 2259 sit,
712 2185 763 2262 qui
783 2184 821 2245 de
838 2187 953 2265 petroni
967 2184 1078 2264 judicio
1096 2205 1226 2266 conque-

152 2272 254 2340 ratur,
275 2267 305 2327 in
324 2267 398 2328 illud
413 2267 564 2346 episeopus
582 2265 733 2344 inquirere
748 2265 853 2342 debet;
871 2267 972 2345 illique
988 2267 1075 2330 etiam
1097 2269 1225 2348 appella-

152 2346 241 2408 tionis
251 2347 426 2409 beneficium
439 2349 620 2410 conceditur.
633 2350 706 2424 Quae
719 2349 874 2428 appellatio
887 2349 1021 2410 daturin
1034 2351 1222 2432 stcspcruivo,
1286 2397 1293 2408 .

154 2429 178 2488 si
203 2430 330 2510 episcopi
346 2431 492 2509 judicium
512 2437 665 2510 apotrono
684 2430 851 2508 dissentiot3
868 2431 892 2492 si
913 2451 981 2492 cum
996 2451 1030 2493 eo
1045 2433 1223 2504 consentiat,

155 2511 372 2654 datupdltantum
391 2513 424 2575 io
441 2510 622 2592 ὼυοίιιτίυο,
646 2513 690 2574 uti
709 2515 853 2576 sancitum
874 2519 919 2574 est
940 2513 974 2574 in
992 2514 1045 2574 cit.
1067 2515 1225 2576 constiti

158 2597 219 2654 Ben
261 2595 308 2655 'cti
320 2598 401 2658 XIV.

204 2724 235 2825 ς.
263 2724 308 2796 V.
335 2725 568 2798 llisacoedunt
592 2752 648 2816 ea,
673 2727 877 2824 quaenjure
898 2741 931 2796 et
954 2749 1028 2820 quae
1056 2723 1097 2794 ab
1125 2723 1227 2798 homi·

156 2823 253 2894 nibus
284 2828 457 2898 constitute
487 2825 649 2896 observari
677 2828 853 2896 necessario
882 2822 1024 2912 debent,
1059 2839 1097 2894 ut
1128 2825 1227 2896 eoele-

155 2924 279 2994 siastica
310 2921 469 2995 beneficis
498 2939 586 2996 recte
616 2921 816 2994 tribuantur.
845 2921 924 2993 lure
952 2938 1083 2993 cautum
1104 2939 1165 3012 est,
1191 2941 1228 2994 ut

180 3025 216 3092 ui
238 3019 437 3093 beneficium
477 3037 721 3120 consequuntur
747 3021 775 3092 l.
808 3019 909 3092 Nullo
941 3024 1097 3092 canonico
1127 3023 1228 3118 impe·

154 3047 304 3190 dimento
336 3133 521 3191 teneantur.
551 3119 635 3192 Hine
665 3119 873 3192 abenefioiis
904 3117 1108 3216 repelluntur
1141 3119 1227 3216 bup-

155 3219 254 3288 tismo
290 3233 348 3288 aut
385 3233 516 3290 tonsura
546 3231 710 3306 carentes,
749 3217 928 3311 illegitimi,
969 3215 1087 3312 quibus
1116 3233 1227 3288 tamen

154 3331 264 3414 potest
296 3317 465 3414 episcopus
498 3319 630 3388 reniam
660 3315 737 3388 dare
770 3317 938 3386 minorum
971 3313 1226 3386 obtinendorum

155 3413 311 3486 ordinum
366 3430 399 3486 et
442 3415 638 3514 simplicium
681 3413 917 3486 beneficiorum
969 3412 1039 3579 Sl),
1085 3411 1227 3484 haeretici

156 3515 269 3610 eisque
290 3511 454 3604 faventes,
477 3529 510 3584 et
547 3513 677 3586 illorum
701 3511 763 3584 filii
790 3509 831 3582 ad
868 3536 968 3582 secun
993 3537 1050 3582 um
1082 3513 1118 3582 in
1142 3511 1226 3582 linea

156 3627 294 3708 paterna
329 3609 488 3706 gradum,
518 3615 553 3684 iu
580 3627 726 3682 materna
755 3625 886 3682 tantum
928 3608 970 3680 ad
997 3612 1164 3705 primum,
1201 3611 1227 3678 si

155 3725 309 3806 parentes
339 3713 375 3780 in
401 3708 515 3782 harei
542 3709 737 3782 dcoesserint
770 3709 844 3806 (2);
874 3709 1058 3802 conjugati,
1089 3707 1225 3801 bigami,

154 3809 448 3898 excommunicati,
464 3810 629 3906 suspensi,
647 3805 833 3898 interdicti,
851 3804 1052 3902 irregulares.

197 3959 227 4037 (l
256 3959 329 4036 Cap.
346 3959 358 4017 l
378 3953 413 4017 de
423 3953 468 4040 fil.
483 3955 650 4040 Presbyter.
665 3957 696 4017 in
709 3959 738 4017 6.

198 4041 231 4120 (2
260 4041 333 4119 Cap.
349 4041 408 4100 act
422 4041 460 4101 ll>
475 4037 510 4100 de
525 4043 635 4101 umet.
650 4039 682 4098 in
694 4041 723 4100 6.
