3106 5170
551 401 770 474 -185,-

120 551 435 612 Verumautemadeo
447 557 507 626 est,
528 549 606 629 quod
624 503 807 630 supradixi,
828 551 976 612 neminem
994 507 1210 632 sineepiseopi
1243 609 1249 634 4
1288 625 1292 638 Ι
1326 555 1335 612 .'
1366 629 1370 640 .

118 633 206 693 venia
221 633 370 695 absolvere
388 651 564 711 quemquam
583 651 666 712 posse
690 633 840 694 aeonibus
863 634 917 712 ipsi
942 635 1075 716 episeopo
1100 652 1196 694 reser-

119 717 215 788 vatis,
243 723 275 775 ut
303 715 334 774 id
359 717 447 776 etiarn
473 713 510 775 ad
531 733 580 774 eos
604 716 768 794 pertineat,
785 715 836 792 qui
857 715 1023 778 absolvendi
1049 717 1197 778 aeadbus
1232 719 1235 730 '
1281 737 1285 746 ·
1395 703 1398 714 ’

119 798 279 858 reservetis
290 797 352 858 sedi
368 801 468 876 apost.
481 797 648 858 facultatem
664 797 864 858 obtinuerant.
887 823 899 852 u
918 801 953 858 Et
970 799 1126 872 babentes,
1149 799 1198 858 in·
1262 803 1266 816 ’

117 881 186 956 quit
202 875 496 942 ClemensXConat.
515 881 653 960 Superato
671 881 710 940 10
727 876 753 960 S.
775 879 793 939 7
811 897 884 962 paq.
903 881 942 940 51
955 883 1061 942 torosi
1083 877 1209 942 budion·
1416 823 1434 842 ἡ

116 965 207 1022 flora.
232 959 290 1024 uit.
312 959 374 1038 ad,
403 961 570 1022 inanitatem
596 960 764 1022 absolvendi
788 961 825 1022 ab
841 961 976 1024 omnibus
997 963 1110 1036 essibus
1133 963 1196 1024 sedi
1216 1005 1228 1041 ι.
1341 977 1345 990 ·
1473 961 1477 972 ’

120 1045 227 1124 apost.
251 1044 421 1119 reservatis,
447 1061 507 1104 non
528 1043 595 1104 ideo
620 1063 637 1104 a
661 1043 774 1104 casibus
788 1043 922 1123 episeopo
935 1047 1089 1106 reservatis
1114 1049 1211 1125 posse‘

118 1125 318 1190 absolvere.»
339 1125 465 1188 Consule
480 1129 511 1187 S.
525 1125 664 1212 ,aeolum
681 1130 747 1189 Bor.
768 1128 857 1188 cmo.
877 1127 1013 1208 prosim
1033 1129 1090 1190 111
1102 1127 1146 1188 tit.
1161 1125 1198 1188 dt

120 1208 162 1270 iris
179 1206 305 1292 quar-ud
316 1207 421 1302 penit.
442 1225 573 1302 sotrum.
590 1216 686 1291 pert,
702 1216 731 1270 et
749 1209 835 1268 Cone.
854 1207 989 1290 provino.
1013 1211 1040 1269 V
1057 1208 1121 1272 eod.
1148 1209 1195 1300 tit.

118 1298 178 1352 oet.
193 1288 264 1352 secl.
280 1287 404 1354 Medeai.
418 1309 488 1372 por.
504 1293 518 1351 1
532 1309 605 1372 puy.
623 1291 662 1351 79
674 1297 702 1351 et
717 1291 775 1352 199
789 1287 836 1351 ed.
852 1291 962 1351 Potoo.
979 1291 1070 1353 1751.

172 1461 204 1565 §.
236 1462 427 1534 XXXXVI.
468 1462 568 1550 Quod
604 1458 909 1560 autem'episcopus
946 1464 982 1534 in
1019 1445 1092 1536 suas
1112 1463 1197 1536 dioe-

124 1568 205 1652 cesi,
235 1561 268 1631 id
295 1578 402 1660 potest
425 1589 545 1634 aunam.
574 1561 724 1632 Pontifex
753 1586 905 1658 supremo
923 1563 1019 1659 jure,
1047 1553 1099 1633 eui
1125 1563 1204 1634 sub-¹

121 1679 205 1732 sunt
223 1686 355 1752 omnes,
373 1664 409 1731 in
424 1659 556 1732 ecelesia
572 1661 719 1730 universa
729 1659 794 1756 (i).
810 1657 894 1732 Nam
910 1685 973 1756 pen
984 1675 1088 1732 totam
1101 1660 1199 1732 eoele-

122 1763 206 1830 siam
236 1761 305 1857 ejus
336 1775 513 1857 propagata
541 1785 577 1829 ae
614 1757 729 1830 diffusa
756 1757 939 1855 jurisdictio
966 1774 1032 1846 est,
1064 1775 1098 1830 et
1125 1757 1198 1830 ideo

121 1857 214 1929 nulia
254 1874 302 1928 est
342 1855 479 1928 aliorum
513 1872 652 1954 potestas
689 1859 724 1928 in
757 1858 813 1945 iis,
850 1855 926 1954 quair
958 1857 1034 1928 huie
1062 1881 1198 1928 summe

122 1959 279 2054 potestati
307 1970 429 2026 serrata
455 1973 544 2026 sunt.
576 1956 624 2025 Aa
650 1971 736 2026 reete
763 1953 897 2050 quidem
922 1970 955 2026 et
981 1957 1097 2028 merito
1129 1981 1199 2050 gra-

124 2057 213 2126 viora
244 2053 396 2151 quaedam
429 2056 564 2124 erimina
596 2079 724 2124 summo
754 2051 926 2142 Pontifici,
964 2069 1021 2123 aut
1047 2057 1197 2151 episcopo

121 2169 284 2224 reservata
307 2167 397 2242 sunt,
435 2169 473 2222 ut
511 2178 547 2222 ea
589 2151 781 2222 difficultate
817 2150 1028 2224 absolutionis
1064 2151 1197 2224 cohibe-

118 2267 263 2340 rentur,
296 2267 330 2320 et
355 2249 553 2346 gravioribus
580 2253 748 2347 peritiores
780 2248 899 2322 medici
929 2249 1109 2322 remedium
1136 2249 1197 2320 ad-

122 2348 281 2420 hiberent
312 2346 381 2446 (ἢ).

162 2521 207 2602 (t)
230 2523 317 2583 Cone.
338 2521 423 2583 Trid.
443 2539 513 2584 aeas.
535 2525 574 2584 11
595 2520 631 2583 de
644 2542 722 2604 poen.
740 2542 808 2606 cop.
827 2523 857 2600 7,
876 2532 905 2584 et
920 2523 1025 2584 merito
1043 2521 1197 2602 sapientis-

116 2605 215 2666 simus
239 2611 326 2682 atque
346 2604 473 2682 optimus
490 2605 623 2666 Pontifex
645 2608 729 2667 PIUS
746 2608 890 2668 SEXTUS
908 2605 1013 2666 litteris
1038 2603 1194 2674 doetrinae,

117 2687 272 2762 veritatis,
293 2686 459 2766 dignitatis,
475 2687 712 2766 auctoritatisque
738 2687 848 2767 plenis,
867 2705 941 2766 quas
964 2687 1058 2748 edidit
1078 2687 1126 2747 die
1156 2687 1196 2747 18

117 2773 197 2832 Nor.
215 2787 285 2828 ann.
308 2769 399 2844 1786,
426 2767 568 2848 Eybeium
592 2769 758 2845 damnarit,
778 2787 881 2830 ausum
896 2773 927 2829 in
949 2768 1025 2830 libro
1048 2766 1128 2846 Quid
1154 2777 1205 2830 eet.

116 2854 232 2934 Papo?
255 2850 425 2910 calumniari
454 2852 664 2912 reservationes
688 2851 919 2925 absolutionum,
946 2870 1012 2928 qua
1034 2851 1073 2911 ad
1096 2848 1196 2912 sedern

116 2933 316 3014 Apostolioom
342 2931 501 3011 pertinent.
525 2937 568 2994 De
588 2933 700 2994 ossibus
726 2951 880 2994 asummo
902 2933 1057 3010 Pontifiee,
1086 2940 1137 2994 aut
1158 2933 1196 2994 ab

115 3017 258 3096 episeopo
272 3014 440 3087 reservatis,
461 3015 556 3093 deque
570 3016 703 3076 nuilitate
718 3015 922 3090 absolutionis,
937 3035 1004 3094 quur
1024 3023 1125 3077 eontra
1148 3034 1197 3075 re-

116 3099 294 3159 servationis
312 3097 406 3178 legem
420 3096 486 3157 data
502 3105 562 3173 est,
575 3098 691 3177 copiose
709 3097 895 3177 disputaret.
912 3097 1107 3177 Christianop.
1120 3098 1196 3159 libro

117 3185 225 3244 Romae
244 3179 323 3240 edito
347 3196 424 3239 auno
445 3181 539 3254 1785,
561 3181 607 3240 eui
627 3179 746 3254 titulus,
766 3175 845 3240 delio
862 3177 971 3240 nuilite
989 3177 1063 3241 detta
1079 3179 1196 3242 oseulat-

116 3263 205 3324 zioni
218 3259 267 3323 ne'
283 3260 346 3322 enai
361 3259 509 3322 n‘aerooti.
529 3261 604 3323 Vide
618 3263 705 3322 etiam
724 3261 767 3323 Ci.
785 3261 956 3342 rotgerium
981 3261 1013 3323 in
1029 3264 1147 3346 egregio
1160 3263 1197 3324 li-

115 3347 200 3406 beilo
216 3347 367 3406 tiaoerate
393 3342 473 3404 edito
488 3363 537 3404 an.
562 3345 659 3420 11811,
683 3343 729 3404 eui
749 3343 866 3404 titulos:
894 3347 1002 3406 anme
1021 3342 1100 3407 ἀοίία
1124 3364 1196 3408 uero

116 3427 192 3490 ideo
210 3423 290 3488 delio
308 3428 419 3487 Sancto
437 3423 508 3486 Sede
521 3425 548 3507 S.
572 3427 629 3487 153
647 3435 675 3488 et
689 3427 748 3488 151
759 3446 793 3508 p.
810 3428 870 3488 208
888 3435 916 3487 et
931 3445 993 3569 seg.
1008 3427 1082 3490 Falsi
1096 3437 1193 3489 autem
1220 3467 1238 3502 ,

116 3519 192 3571 sunt
211 3509 352 3588 Espenius
364 3507 432 3590 jur.
451 3505 520 3569 ecci.
540 3509 623 3569 unio.
646 3516 716 3570 tom.
739 3511 840 3590 iper.
857 3511 876 3570 2
895 3509 940 3570 tit.
996 3528 1063 3591 oop.
1084 3513 1148 3570 in.
1162 3511 1191 3584 9,

116 3603 148 3654 et
162 3597 253 3655 Dum.
268 3589 442 3652 cavallarius
455 3589 528 3651 inat.
540 3589 607 3686 jur.
624 3609 731 3682 eonon
741 3610 810 3674 por.
828 3593 927 3672 bean.
943 3593 981 3652 16
995 3589 1020 3672 S.
1038 3594 1056 3652 7
1070 3591 1103 3652 in
1116 3599 1200 3666 not,

116 3676 170 3754 qni
188 3673 322 3756 graviora
342 3672 465 3733 onmina
487 3671 548 3732 sedr
573 3674 743 3751 apostolieae
766 3681 881 3734 tantum
903 3673 1045 3734 reservari
1073 3673 1193 3751 ooepisse

116 3763 228 3838 putant
243 3763 308 3835 post
322 3773 387 3814 auo.
405 3757 448 3832 X,
471 3761 501 3813 et
520 3753 604 3814 initio
623 3756 742 3833 quidem
760 3757 857 3834 potius
872 3756 1088 3833 episeoporum,
1103 3773 1192 3832 quarn

116 3857 230 3902 suanm.
254 3837 428 3898 Pontifieurn
450 3836 631 3897 auctoritate.
647 3841 719 3900 Num
743 3837 866 3898 Romani
891 3835 1044 3898 Pontifiees
1065 3835 1125 3913 jarn
1152 3841 1192 3900 Vi

115 3921 228 3982 saeculo
244 3919 385 3998 quosdam
406 3917 462 3978 sibi
487 3937 587 3995 euna,
608 3925 641 3978 ut
659 3919 800 3995 dicimus,
816 3937 869 3980 suo
889 3919 944 3979 sibi
957 3918 1024 3997 inre
1044 3935 1193 3998 reservare
1258 3941 1262 3950 ·

116 4003 223 4066 soiitos
241 4003 348 4080 tuisse,
368 4001 548 4062 demonstrat
564 4005 594 4062 S.
616 4003 703 4081 Grag.
720 4003 778 4079 bb,
794 4019 881 4078 quem
902 4019 988 4062 neruo
1010 4001 1191 4082 ignorat'ab-
1210 4031 1214 4040 ·
