3122 5178
800 415 995 487 ..ep-

359 577 458 630 autem
474 568 573 628 aonier
591 563 799 642 Mamaobium,
825 565 910 646 Oriq.
931 573 960 626 et
981 563 1123 647 antiquit.
1152 561 1317 626 Christian.
1342 562 1432 627 libi
1480 613 1487 622 .

356 670 428 732 par.
451 652 465 710 1
483 669 550 732 cop.
567 651 586 710 1
608 646 634 729 §.
656 649 689 725 ll,
707 655 736 707 at
752 666 820 728 rap.
837 647 856 708 5
871 665 944 728 pap.
965 647 1025 707 159
1042 653 1149 730 etseq.
1172 655 1242 708 totu.
1264 649 1304 723 1,·
1326 647 1378 708 ubi
1396 648 1434 709 de

357 731 483 792 ecelesia
494 738 651 812 potestate,
665 729 810 810 regimine
824 730 953 810 graviter
970 735 1162 807 sanataque
1176 727 1354 807 disputatur.

408 917 438 1020 §.
467 917 592 990 XVlll.
617 917 662 990 At
687 943 728 990 ue
750 917 835 988 hane
858 916 994 1016 quidem
1009 931 1204 1014 potestatem
1225 915 1375 1016 plerique
1393 945 1433 991 ex

359 1017 614 1115 protestantibus
638 945 686 1086 ai
708 1017 944 1088 aristocratiam
963 1015 1110 1088 referunt
1134 1015 1210 1113 (l);
1233 1041 1434 1113 quamquam

361 1139 428 1186 non
453 1114 561 1186 desint
586 1141 625 1186 ex
649 1113 863 1205 Lutheranis,
887 1115 946 1212 qui
973 1113 1116 1185 eeclesiae
1141 1115 1288 1208 regimen
1316 1113 1434 1186 demo-

360 1215 516 1283 craticum
549 1237 616 1284 esse
651 1210 872 1302 contendant,
914 1225 1014 1308 atque
1054 1209 1229 1284 hominum
1265 1208 1434 1282 voluntate

360 1309 535 1380 discrimen
572 1312 659 1381 inter
686 1309 818 1381 elericos
845 1325 879 1380 et
902 1308 1000 1380 laicas
1023 1307 1198 1380 inductum
1218 1323 1339 1404 putent
1361 1307 1430 1404 (1).

361 1404 464 1506 Cujus
510 1410 629 1478 erroris
667 1407 847 1478 absurdum
876 1421 1040 1478 noverunt
1074 1408 1171 1476 etiam
1206 1406 1356 1503 plerique
1393 1431 1435 1476 ex

313 1557 322 1571 .
358 1503 553 1576 Lutheranis
588 1521 622 1577 et
657 1503 875 1594 calvinianis,
901 1503 982 1576 adeo
1002 1520 1041 1574 ut
1070 1506 1124 1576 vix
1154 1501 1272 1600 dignus
1307 1505 1349 1573 sit
1375 1505 1435 1599 qui

360 1627 378 1672 a
403 1602 498 1674 nobis
521 1601 694 1674 refutetur.
729 1602 849 1674 Revera
877 1600 1040 1700 quidquid
1058 1599 1205 1673 Christus
1230 1601 1272 1672 de
1292 1600 1435 1672 eoclesiae

359 1715 519 1797 potestate
542 1699 644 1786 dixit,
675 1722 743 1768 non
766 1697 877 1791 plebi,
903 1697 961 1766 sed
982 1699 1134 1791 apostolis
1156 1699 1258 1784 dixit,
1281 1713 1338 1770 aut
1357 1723 1435 1769 om-

361 1795 478 1885 nibus,
513 1809 571 1864 aut
605 1794 705 1864 Petro
737 1793 933 1861 nominatim
962 1793 1039 1888 (5),
1067 1793 1219 1890 legesque
1248 1818 1362 1864 omnes
1391 1795 1436 1866 de

359 1891 457 1963 rebus
487 1891 704 1962 ecelesiasticis
733 1912 801 1960 non
826 1915 843 1958 a
871 1889 1012 1986 populo,
1038 1889 1096 1959 sed
1122 1890 1163 1960 ab
1185 1891 1361 1988 episeopis,
1395 1917 1437 1964 aa

358 1991 544 2085 prasertim
578 2014 596 2057 a
629 1988 764 2057 summis
797 1985 1012 2057 Pontificibus
1044 2001 1121 2057 sunt
1178 2001 1314 2084 erpetuo
1342 2013 1436 2060 oons-

358 2090 479 2157 titutae.
512 2085 636 2157 Eorum
663 2084 814 2156 videlicet
855 2099 904 2156 est
934 2109 1128 2183 semperque
1153 2014 1218 2156 luit
1244 2083 1332 2180 leges
1356 2111 1436 2158 oon·

359 2181 457 2267 dere,
492 2209 609 2255 curare
640 2181 837 2278 diligenter,
876 2197 914 2252 ut
957 2181 998 2251 ab
1036 2181 1188 2256 omnibus
1220 2183 1436 2256 observentur

360 2298 459 2380 atque
483 2283 518 2354 in
547 2304 617 2353 reos
639 2281 819 2350 criminum
850 2279 1107 2352 animadvertere
1128 2281 1196 2378 (d).

399 2522 442 2606 (t)
456 2523 562 2586 Confer
576 2521 773 2586 nemachium
794 2523 911 2610 Oriqia.
930 2530 960 2586 at
977 2523 1129 2608 Antiquit.
1146 2519 1328 2602 Christian,
1344 2520 1395 2584 tu.
1414 2527 1436 2586 t

356 2624 428 2688 par.
452 2607 472 2667 1
494 2624 562 2689 aap.
580 2606 594 2666 1
612 2603 640 2686 S.
664 2607 698 2686 5,
723 2611 794 2670 tarn.
819 2607 928 2691 ttpnq.
952 2607 992 2668 11
1010 2613 1041 2668 ot
1057 2623 1134 2690 seq,
1157 2605 1210 2668 ubi
1227 2605 1334 2668 harum
1351 2623 1437 2666 oom-

360 2687 675 2766 pluresreaensentur.

401 2768 443 2850 (1)
464 2770 682 2848 ineptissimum
697 2769 777 2830 huna
797 2787 929 2832 errorem
945 2770 1007 2850 ipse
1028 2769 1116 2830 etiarn
1133 2769 1272 2830 refutavit
1288 2765 1437 2844 Iosephus

360 2851 554 2927 statamus,
582 2849 671 2912 homa
695 2852 833 2912 videlieet
854 2871 890 2913 ex
907 2851 1133 2930 protestantium
1156 2869 1291 2925 numera,
1315 2847 1434 2930 Oriqiu.

360 2933 420 2994 lice
448 2952 495 3010 a,
517 2930 576 2994 vol.
595 2935 607 2991 1
627 2930 677 2993 tta.
706 2937 719 2993 t
742 2951 810 3015 cap.
830 2937 863 3010 t,
944 2935 1008 2994 ‚tt
1027 2939 1149 3015 etseq„
1171 2929 1217 2992 sd.
1239 2927 1328 2993 Heln
1342 2933 1439 3012 utaq-

360 3011 482 3095 deburq.
499 3033 550 3074 ou.
569 3015 661 3074 tttt.
677 3014 874 3076 VideMamao
897 3015 960 3074 ium
973 3011 1028 3074 loa.
1046 3013 1111 3090 ait,
1190 3056 1197 3072 .
1214 3015 1247 3074 tt
1266 3019 1329 3072 nat.
1347 3015 1377 3073 t.

401 3093 444 3174 (5)
471 3097 535 3169 Quo
559 3095 706 3172 pertinet,
732 3095 837 3156 Matth.
860 3095 949 3158 XVI.
980 3095 1041 3154 te:
1071 3091 1139 3156 Tibi
1258 3089 1356 3154 claues
1375 3100 1435 3154 eta.

362 3173 564 3258 Quodcunque
575 3172 716 3256 iiqaoerie
727 3183 781 3235 etc.
796 3179 880 3238 ioan.
897 3175 1223 3258 XX1.ltteeq.Pnaae
1312 3191 1434 3250 emens,

357 3273 448 3337 posce
468 3274 535 3316 aues
552 3275 644 3316 awos.
665 3255 769 3318 Mattb.
790 3257 914 3319 XVIII.
934 3259 992 3318 tu:
1018 3259 1220 3350 Quacumqqq
1237 3276 1256 3315 a
1269 3252 1437 3337 liqaueritis

359 3355 450 3478 titt
450 3343 575 3494 11111
587 3347 642 3500 tt:
651 3341 671 3480 l
673 3338 881 3499 tetii}
892 3339 1423 3497 tttttlttttltttttttt
1427 3381 1437 3495 ;

360 3498 548 3578 Cappadociae
573 3508 647 3577 ete,
672 3517 746 3576 quos
768 3501 903 3564 Seniores
930 3501 1072 3579 appellat,
1096 3499 1276 3578 alloquitur:
1297 3497 1436 3575 Pascite,

360 3580 416 3662 qui
436 3579 471 3641 iu
490 3578 571 3640 uobis
585 3587 641 3658 ast,
666 3597 786 3662 qreqam
806 3581 882 3658 Dei,·
903 3600 1026 3664 poscere
1050 3588 1148 3642 autem
1165 3581 1245 3642 idem
1265 3588 1309 3641 est
1328 3599 1362 3640 aa
1386 3597 1440 3642 re-

359 3679 443 3744 pere,
463 3659 507 3720 uti
524 3669 604 3740 patet
619 3679 655 3722 er
673 3663 727 3722 Pa.
749 3661 905 3724 LXXVI!
921 3681 951 3724 a.
973 3665 1008 3724 71
1026 3681 1087 3744 seq.
1106 3663 1158 3724 ubi
1180 3661 1274 3724 David
1291 3661 1440 3722 eonstitu-

361 3751 408 3804 tus
421 3741 563 3804 divinitus
572 3742 681 3802 dicitur
687 3761 811 3824 poscere
824 3741 1158 3822 tastamentum,
1174 3745 1254 3823 quod
1265 3751 1309 3804 est
1318 3760 1439 3825 repere,-

361 3824 417 3884 nisi
435 3825 511 3884 iorte
522 3825 594 3884 velis
609 3823 646 3884 ab
660 3824 779 3903 regibus
797 3845 856 3886 non
875 3825 1033 3906 gubernari
1057 3827 1180 3921 regique
1197 3825 1353 3905 populum,
1383 3823 1440 3884 sed

362 3905 475 3966 institui
501 3905 593 3966 imbui
616 3923 653 3966 ue
678 3905 827 3982 doetrina;
850 3925 909 3984 qua
933 3907 1006 3984 quid
1033 3906 1105 3968 lint
1139 3915 1234 3986 potest
1259 3905 1441 3967 absurdius?

363 3987 469 4048 Cantor
490 3989 579 4048 etiam
595 3925 653 4050 lib.
675 3989 694 4048 1
715 3989 786 4070 Rep.
805 4007 831 4049 a.
855 3989 889 4052 V.
910 4006 939 4048 a.
958 3989 991 4066 1,
1013 3927 1113 4050 atil.
1137 3991 1150 4050 t
1170 3983 1310 4070 Paralip.
1332 4007 1359 4050 a.
1386 3987 1443 4050 XI
