3122 5178
580 1189 779 1278 catur
813 1189 852 1276 Ι.

380 1387 416 1452 te
440 1386 562 1464 teratu,
583 1389 683 1468 ejusque
703 1387 794 1452 Natura
811 1395 836 1450 et
853 1385 1044 1452 characteribus.

654 1571 754 1586 ω

172 1714 197 1764 Ι.
224 1708 411 1762 substernito.
747 1709 799 1762 Vll.
836 1707 964 1761 Distinotio
978 1707 1146 1761 eocleeiartieae
1165 1719 1190 1774 et
1217 1712 1250 1764 ci-

174 1777 208 1828 Π.
221 1775 322 1828 Diririo.
864 1773 918 1826 uilia
964 1774 1065 1826 taurin

170 1840 478 1894 illliccteriaeinstitntio.
745 1841 810 1893 vttt.
835 1840 867 1892 tx
884 1850 909 1892 et
948 1840 1017 1890 .vb
1038 1851 1063 1892 et
1084 1839 1147 1894 ratio
1167 1853 1248 1910 poten·

170 1908 475 1960 tVJbebnitioetnctura.
862 1906 1107 1958 tatiaecdeaiarticc.

169 1974 201 2024 V.
222 1974 355 2040 Imperium
367 1985 391 2024 et
402 1969 589 2024 administratio.
747 1971 789 2022 Xl.
831 1971 945 2022 Ecclesiae
956 1972 1035 2039 rigna.
1049 1971 1084 2022 tta
1097 1987 1146 2023 una
1159 1983 1206 2024 eet.

169 2039 259 2090 vitta
278 2039 426 2107 Roepubtiua
447 2049 484 2090 eet
505 2037 600 2090 ueirili
618 2037 667 2089 alit-
744 2038 799 2088 Xll.
828 2037 1245 2106 Sancta,Catbolica‚Apostolica.

249 2106 333 2157 tincta
747 2103 812 2154 xttt.
821 2113 845 2154 et
853 2103 917 2166 lilii,
930 2103 1037 2154 Ecclesia
1046 2103 1166 2155 Romana.

748 2169 798 2218 XV.
819 2169 1042 2222 Prendolirciesiae
1064 2169 1245 2223 hereticorum.

661 2281 692 2382 u.
723 2283 750 2354 r.

170 2427 282 2551 June
300 2497 424 2544 nomen
454 2473 520 2542 aire
546 2496 564 2541 a
579 2475 734 2568 sortitio
760 2471 883 2544 lactum
907 2485 957 2542 eet
973 2470 1042 2570 (l),
1060 2474 1126 2544 rire
1150 2497 1168 2542 a
1183 2478 1249 2569 ju·

170 2571 301 2658 hunde,
319 2572 475 2666 qnoniam
496 2570 635 2668 majores
662 2573 763 2640 nostri
790 2572 868 2669 jura
894 2568 1047 2640 dicebant
1061 2575 1174 2667 jura,
1192 2588 1250 2641 aut

181 2677 189 2689 '
299 2669 376 2764 (ἢ),
396 2667 484 2764 quod
507 2693 544 2737 ea
567 2669 793 2758 continerent,
825 2689 900 2764 qure
924 2669 1068 2766 jussisset
1087 2667 1243 2765 populus.

171 2766 253 2864 Ejus
270 2784 379 2837 autem
389 2791 455 2837 non
470 2791 534 2836 una
544 2781 593 2836 est
603 2763 807 2859 significatio.
825 2765 911 2837 Nam
933 2757 967 2836 et
983 2765 1073 2863 quod
1090 2791 1247 2862 aequum,

171 2864 366 2960 bonumque
395 2880 461 2952 ert,
491 2889 528 2934 ae
548 2865 666 2933 rationi
694 2877 951 2934 consentaneum
976 2863 1055 2959 (ὅ),
1084 2877 1119 2932 ct
1143 2878 1248 2934 artem

171 2964 277 3057 ipsam
300 2963 387 3058 aequi
407 2977 506 3058 atque
529 2961 609 3032 boni
635 2961 709 3056 (4),
738 2977 772 3032 et
797 2960 975 3056 legitimam
1000 2959 1081 3057 quid
1105 2959 1248 3031 habendi

171 3085 212 3130 ac
225 3059 390 3130 retinendi
400 3074 594 3156 potestatem
612 3057 669 3156 (5)
681 3061 736 3156 jue
748 3057 961 3156 appellamus.
979 3057 1081 3131 Nobis
1095 3059 1160 3130 hoc
1176 3057 1249 3130 loeo

167 3159 225 3256 jus
242 3174 291 3228 ert
315 3157 462 3228 collectio
482 3157 594 3253 legum
621 3181 659 3226 ac
681 3157 886 3251 regularum,
913 3155 1032 3253 quibus
1053 3157 1159 3226 utitur
1180 3155 1249 3226 hn-

173 3279 312 3324 menum
335 3281 457 3350 genus,
489 3271 526 3325 nt
549 3257 638 3353 justa
670 3269 704 3324 et
731 3255 850 3352 injusta
878 3252 1067 3350 distinguat.
1098 3253 1182 3325 Nam
1207 3253 1249 3322 ad

167 3353 333 3450 justitiam
368 3365 455 3422 recte
479 3349 657 3446 gerendam
689 3350 776 3446 leges
801 3353 988 3448 pertinent,
1015 3365 1049 3424 et
1077 3375 1190 3422 omnes
1213 3352 1248 3421 in

171 3473 352 3522 commune
365 3449 490 3520 bonum
506 3464 596 3520 eunt.

222 3545 254 3646 ς.
275 3548 318 3618 ll.
337 3545 424 3618 Sunt
435 3565 546 3619 autem
558 3545 711 3644 quedam
724 3545 854 3644 publice
869 3545 982 3637 utilia,
1006 3545 1125 3643 quibua
1147 3547 1250 3616 nimi·

172 3671 250 3716 cnm
274 3644 462 3742 reipublice
481 3645 566 3716 salus
584 3648 795 3736 continetur,
813 3645 967 3742 quaedam
981 3667 1058 3716 uero
1073 3645 1247 3741 privatim,

172 3766 252 3838 qnae
274 3743 397 3814 scilicet
427 3743 470 3813 ad
497 3743 710 3816 commodum
747 3745 916 3840 pertinent
950 3758 1049 3839 atque
1074 3740 1249 3812 utilitatem

171 3841 392 3936 singulorum.
411 3842 495 3913 Hine
512 3841 678 3913 distinctio
694 3842 798 3914 oritur
810 3839 953 3939 publici,
970 3855 1004 3911 et
1018 3841 1135 3936 privati
1148 3837 1245 3933 juris.

172 3938 302 4012 Publici
318 3939 461 4013 nobilior
480 3967 554 4038 pars
574 3957 642 4032 est,
669 3965 743 4037 quae
761 3939 966 4014 sacerdotum
981 3939 1059 4036 jura
1083 3950 1250 4102 et1rerurn

272 4062 351 4107 ron.
381 4061 405 4108 u.
1140 4085 1147 4102 .
