<?xml version="1.0" encoding="UTF-8"?>
<!DOCTYPE html PUBLIC "-//W3C//DTD XHTML 1.0 Transitional//EN"
    "http://www.w3.org/TR/xhtml1/DTD/xhtml1-transitional.dtd">
<html xmlns="http://www.w3.org/1999/xhtml" xml:lang="en" lang="en">
 <head>
  <title>
</title>
<meta http-equiv="Content-Type" content="text/html;charset=utf-8" />
  <meta name='ocr-system' content='tesseract 3.04.00' />
  <meta name='ocr-capabilities' content='ocr_page ocr_carea ocr_par ocr_line ocrx_word'/>
</head>
<body>
  <div class='ocr_page' id='page_1' title='image "./institutionumca00devogoog_0549.png"; bbox 0 0 3140 5168; ppageno 0'>
   <div class='ocr_carea' id='block_1_1' title="bbox 840 395 1064 465">
    <p class='ocr_par' dir='ltr' id='par_1_1' title="bbox 840 395 1064 465">
     <span class='ocr_line' id='line_1_1' title="bbox 840 395 1064 465; baseline 0 -1"><span class='ocrx_word' id='word_1_1' title='bbox 840 395 1064 465; x_wconf 76' lang='lat'><strong>..548-</strong></span> 
     </span>
    </p>
   </div>
   <div class='ocr_carea' id='block_1_2' title="bbox 413 543 1437 954">
    <p class='ocr_par' dir='ltr' id='par_1_2' title="bbox 469 543 972 628">
     <span class='ocr_line' id='line_1_2' title="bbox 469 543 972 628; baseline -0.004 -22"><span class='ocrx_word' id='word_1_2' title='bbox 469 544 496 620; x_wconf 78' lang='grc'><strong>1)</strong></span> <span class='ocrx_word' id='word_1_3' title='bbox 510 547 581 628; x_wconf 80' lang='lat' dir='ltr'><strong>Cap.</strong></span> <span class='ocrx_word' id='word_1_4' title='bbox 594 543 651 606; x_wconf 82' lang='lat' dir='ltr'><strong>uit.</strong></span> <span class='ocrx_word' id='word_1_5' title='bbox 667 543 703 606; x_wconf 81' lang='lat' dir='ltr'><strong>de</strong></span> <span class='ocrx_word' id='word_1_6' title='bbox 718 543 844 626; x_wconf 79' lang='lat' dir='ltr'><strong>conjup.</strong></span> <span class='ocrx_word' id='word_1_7' title='bbox 860 561 972 606; x_wconf 72' lang='lat' dir='ltr'><strong>semor.</strong></span> 
     </span>
    </p>

    <p class='ocr_par' dir='ltr' id='par_1_3' title="bbox 413 619 1437 788">
     <span class='ocr_line' id='line_1_3' title="bbox 467 619 1437 708; baseline -0.006 -20"><span class='ocrx_word' id='word_1_8' title='bbox 467 628 496 708; x_wconf 76' lang='grc'><strong>7)</strong></span> <span class='ocrx_word' id='word_1_9' title='bbox 509 628 578 708; x_wconf 78' lang='lat' dir='ltr'><strong>Lep.</strong></span> <span class='ocrx_word' id='word_1_10' title='bbox 603 630 621 688; x_wconf 79' lang='lat'>5</span> <span class='ocrx_word' id='word_1_11' title='bbox 643 627 675 687; x_wconf 81' lang='lat' dir='ltr'><strong>C.</strong></span> <span class='ocrx_word' id='word_1_12' title='bbox 699 623 859 688; x_wconf 75' lang='lat' dir='ltr'><strong>delesset.</strong></span> <span class='ocrx_word' id='word_1_13' title='bbox 882 632 912 686; x_wconf 89' lang='lat' dir='ltr'><strong>st</strong></span> <span class='ocrx_word' id='word_1_14' title='bbox 934 623 1037 688; x_wconf 77' lang='lat' dir='ltr'><strong>instit.</strong></span> <span class='ocrx_word' id='word_1_15' title='bbox 1060 630 1147 706; x_wconf 82' lang='lat' dir='ltr'><strong>nupt.</strong></span> <span class='ocrx_word' id='word_1_16' title='bbox 1170 621 1285 686; x_wconf 78' lang='lat' dir='ltr'>Consule</span> <span class='ocrx_word' id='word_1_17' title='bbox 1305 619 1437 701; x_wconf 74' lang='lat' dir='ltr'><strong>damasi·</strong></span> 
     </span>
     <span class='ocr_line' id='line_1_4' title="bbox 413 704 1200 788; baseline -0.004 -19"><span class='ocrx_word' id='word_1_18' title='bbox 413 717 477 771; x_wconf 86' lang='lat' dir='ltr'><strong>tum</strong></span> <span class='ocrx_word' id='word_1_19' title='bbox 490 719 520 769; x_wconf 86' lang='lat' dir='ltr'><strong>et</strong></span> <span class='ocrx_word' id='word_1_20' title='bbox 529 719 640 770; x_wconf 87' lang='lat' dir='ltr'><strong>ceteros</strong></span> <span class='ocrx_word' id='word_1_21' title='bbox 651 710 826 787; x_wconf 75' lang='lat' dir='ltr'><strong>interpretes</strong></span> <span class='ocrx_word' id='word_1_22' title='bbox 839 707 874 769; x_wconf 83' lang='grc' dir='ltr'><strong>ιἰι</strong></span> <span class='ocrx_word' id='word_1_23' title='bbox 888 707 933 770; x_wconf 85' lang='lat' dir='ltr'><strong>tit.</strong></span> <span class='ocrx_word' id='word_1_24' title='bbox 948 707 1049 770; x_wconf 82' lang='lat' dir='ltr'><strong>Instit.</strong></span> <span class='ocrx_word' id='word_1_25' title='bbox 1066 704 1101 768; x_wconf 82' lang='lat' dir='ltr'><strong>de</strong></span> <span class='ocrx_word' id='word_1_26' title='bbox 1115 714 1200 788; x_wconf 80' lang='lat' dir='ltr'><strong>nupt.</strong></span> 
     </span>
    </p>

    <p class='ocr_par' dir='ltr' id='par_1_4' title="bbox 454 787 1288 954">
     <span class='ocr_line' id='line_1_5' title="bbox 454 787 1288 954; baseline -0.004 -103"><span class='ocrx_word' id='word_1_27' title='bbox 454 789 496 954; x_wconf 44' lang='lat'><strong>²5)</strong></span> <span class='ocrx_word' id='word_1_28' title='bbox 509 793 582 851; x_wconf 79' lang='lat' dir='ltr'><strong>Gau.</strong></span> <span class='ocrx_word' id='word_1_29' title='bbox 599 794 618 852; x_wconf 88' lang='lat'><strong>8</strong></span> <span class='ocrx_word' id='word_1_30' title='bbox 632 809 700 872; x_wconf 84' lang='lat' dir='ltr'><strong>cop.</strong></span> <span class='ocrx_word' id='word_1_31' title='bbox 713 792 753 852; x_wconf 71' lang='grc'><strong>79</strong></span> <span class='ocrx_word' id='word_1_32' title='bbox 767 809 798 874; x_wconf 83' lang='lat' dir='ltr'><strong>p.</strong></span> <span class='ocrx_word' id='word_1_33' title='bbox 812 792 843 852; x_wconf 71' lang='lat'><strong>2.</strong></span> <span class='ocrx_word' id='word_1_34' title='bbox 856 789 899 871; x_wconf 82' lang='lat' dir='ltr'><strong>(t)</strong></span> <span class='ocrx_word' id='word_1_35' title='bbox 915 791 989 872; x_wconf 83' lang='lat' dir='ltr'><strong>Gap.</strong></span> <span class='ocrx_word' id='word_1_36' title='bbox 1004 793 1017 852; x_wconf 86' lang='lat' dir='ltr'><strong>i</strong></span> <span class='ocrx_word' id='word_1_37' title='bbox 1034 787 1069 852; x_wconf 85' lang='lat' dir='ltr'><strong>de</strong></span> <span class='ocrx_word' id='word_1_38' title='bbox 1084 787 1206 872; x_wconf 66' lang='lat' dir='ltr'><strong>donico.</strong></span> <span class='ocrx_word' id='word_1_39' title='bbox 1218 805 1288 850; x_wconf 83' lang='lat' dir='ltr'><strong>sero.</strong></span> 
     </span>
    </p>
   </div>
   <div class='ocr_carea' id='block_1_3' title="bbox 408 867 1438 3410">
    <p class='ocr_par' dir='ltr' id='par_1_5' title="bbox 409 867 1437 2179">
     <span class='ocr_line' id='line_1_6' title="bbox 468 867 1434 956; baseline -0.006 -22"><span class='ocrx_word' id='word_1_40' title='bbox 468 871 496 953; x_wconf 79' lang='lat' dir='ltr'><strong>t)</strong></span> <span class='ocrx_word' id='word_1_41' title='bbox 511 875 595 934; x_wconf 66' lang='lat' dir='ltr'><strong>cm:</strong></span> <span class='ocrx_word' id='word_1_42' title='bbox 611 877 644 950; x_wconf 83' lang='lat'><strong>2,</strong></span> <span class='ocrx_word' id='word_1_43' title='bbox 662 875 683 934; x_wconf 71' lang='lat' dir='ltr'><strong>t</strong></span> <span class='ocrx_word' id='word_1_44' title='bbox 704 880 733 933; x_wconf 88' lang='lat' dir='ltr'><strong>et</strong></span> <span class='ocrx_word' id='word_1_45' title='bbox 753 889 815 956; x_wconf 82' lang='lat' dir='ltr'><strong>seq.</strong></span> <span class='ocrx_word' id='word_1_46' title='bbox 841 891 867 934; x_wconf 91' lang='lat' dir='ltr'><strong>c.</strong></span> <span class='ocrx_word' id='word_1_47' title='bbox 890 874 930 934; x_wconf 70' lang='lat'><strong>29</strong></span> <span class='ocrx_word' id='word_1_48' title='bbox 955 891 1008 956; x_wconf 80' lang='lat' dir='ltr'><strong>qu.</strong></span> <span class='ocrx_word' id='word_1_49' title='bbox 1035 873 1069 946; x_wconf 73' lang='lat'><strong>2,</strong></span> <span class='ocrx_word' id='word_1_50' title='bbox 1092 889 1158 953; x_wconf 84' lang='lat' dir='ltr'><strong>cop.</strong></span> <span class='ocrx_word' id='word_1_51' title='bbox 1185 867 1219 932; x_wconf 82' lang='lat' dir='ltr'><strong>dt</strong></span> <span class='ocrx_word' id='word_1_52' title='bbox 1246 867 1358 950; x_wconf 62' lang='lat' dir='ltr'><strong>Cocjup&#39;.</strong></span> <span class='ocrx_word' id='word_1_53' title='bbox 1378 883 1434 928; x_wconf 74' lang='lat' dir='ltr'><strong>serr.</strong></span> 
     </span>
     <span class='ocr_line' id='line_1_7' title="bbox 413 951 1436 1036; baseline -0.009 -20"><span class='ocrx_word' id='word_1_54' title='bbox 413 954 569 1034; x_wconf 85' lang='lat' dir='ltr'><strong>Espenius,</strong></span> <span class='ocrx_word' id='word_1_55' title='bbox 595 955 677 1036; x_wconf 85' lang='lat' dir='ltr'><strong>cujus</strong></span> <span class='ocrx_word' id='word_1_56' title='bbox 702 954 777 1014; x_wconf 83' lang='lat' dir='ltr'><strong>mire</strong></span> <span class='ocrx_word' id='word_1_57' title='bbox 798 955 830 1014; x_wconf 92' lang='lat' dir='ltr'><strong>in</strong></span> <span class='ocrx_word' id='word_1_58' title='bbox 848 953 974 1036; x_wconf 78' lang='lat' dir='ltr'><strong>figendis</strong></span> <span class='ocrx_word' id='word_1_59' title='bbox 993 953 1112 1033; x_wconf 82' lang='lat' dir='ltr'><strong>epochis</strong></span> <span class='ocrx_word' id='word_1_60' title='bbox 1136 951 1302 1024; x_wconf 79' lang='lat' dir='ltr'><strong>confidentis</strong></span> <span class='ocrx_word' id='word_1_61' title='bbox 1320 957 1368 1024; x_wconf 80' lang='lat' dir='ltr'><strong>ost,</strong></span> <span class='ocrx_word' id='word_1_62' title='bbox 1388 965 1436 1008; x_wconf 87' lang='lat' dir='ltr'><strong>eon</strong></span> 
     </span>
     <span class='ocr_line' id='line_1_8' title="bbox 413 1029 1435 1130; baseline -0.009 -34"><span class='ocrx_word' id='word_1_63' title='bbox 413 1036 476 1115; x_wconf 88' lang='lat' dir='ltr'><strong>pori</strong></span> <span class='ocrx_word' id='word_1_64' title='bbox 500 1031 600 1098; x_wconf 89' lang='lat' dir='ltr'><strong>r&#39;erum</strong></span> <span class='ocrx_word' id='word_1_65' title='bbox 623 1035 805 1118; x_wconf 74' lang='lat' dir='ltr'><strong>ignoratione</strong></span> <span class='ocrx_word' id='word_1_66' title='bbox 816 1037 985 1114; x_wconf 81' lang='lat' dir='ltr'><strong>conjunctu,</strong></span> <span class='ocrx_word' id='word_1_67' title='bbox 1012 1035 1071 1096; x_wconf 80' lang='lat' dir='ltr'><strong>lus</strong></span> <span class='ocrx_word' id='word_1_68' title='bbox 1089 1031 1157 1096; x_wconf 80' lang='lat' dir='ltr'><strong>scot.</strong></span> <span class='ocrx_word' id='word_1_69' title='bbox 1172 1034 1272 1130; x_wconf 66' lang='lat' dir='ltr'><strong>pont</strong></span> <span class='ocrx_word' id='word_1_70' title='bbox 1294 1029 1334 1091; x_wconf 84' lang='lat' dir='ltr'><strong>tit.</strong></span> <span class='ocrx_word' id='word_1_71' title='bbox 1348 1029 1435 1090; x_wconf 74' lang='lat' dir='ltr'><strong>stet</strong></span> 
     </span>
     <span class='ocr_line' id='line_1_9' title="bbox 411 1111 1436 1194; baseline -0.006 -17"><span class='ocrx_word' id='word_1_72' title='bbox 411 1137 496 1179; x_wconf 78' lang='lat' dir='ltr'><strong>nom.</strong></span> <span class='ocrx_word' id='word_1_73' title='bbox 512 1119 546 1190; x_wconf 83' lang='lat'><strong>9,</strong></span> <span class='ocrx_word' id='word_1_74' title='bbox 568 1117 715 1180; x_wconf 80' lang='lat' dir='ltr'><strong>affirmare</strong></span> <span class='ocrx_word' id='word_1_75' title='bbox 736 1136 796 1178; x_wconf 92' lang='lat' dir='ltr'><strong>non</strong></span> <span class='ocrx_word' id='word_1_76' title='bbox 815 1117 947 1194; x_wconf 90' lang='lat' dir='ltr'><strong>dubitat,</strong></span> <span class='ocrx_word' id='word_1_77' title='bbox 971 1119 1143 1182; x_wconf 80' lang='lat' dir='ltr'><strong>Gratianum</strong></span> <span class='ocrx_word' id='word_1_78' title='bbox 1157 1134 1254 1175; x_wconf 77' lang='lat' dir='ltr'><strong>nixum</strong></span> <span class='ocrx_word' id='word_1_79' title='bbox 1275 1114 1338 1176; x_wconf 84' lang='lat' dir='ltr'><strong>iaiso</strong></span> <span class='ocrx_word' id='word_1_80' title='bbox 1349 1111 1436 1172; x_wconf 79' lang='lat' dir='ltr'><strong>desueto</strong></span> 
     </span>
     <span class='ocr_line' id='line_1_10' title="bbox 411 1191 1435 1284; baseline -0.011 -21"><span class='ocrx_word' id='word_1_81' title='bbox 411 1200 483 1263; x_wconf 80' lang='lat' dir='ltr'><strong>tulit</strong></span> <span class='ocrx_word' id='word_1_82' title='bbox 497 1203 530 1262; x_wconf 87' lang='grc' dir='ltr'><strong>Ρ.</strong></span> <span class='ocrx_word' id='word_1_83' title='bbox 560 1201 591 1261; x_wconf 93' lang='lat' dir='ltr'><strong>in</strong></span> <span class='ocrx_word' id='word_1_84' title='bbox 605 1203 703 1262; x_wconf 68' lang='lat' dir='ltr'><strong>com</strong></span> <span class='ocrx_word' id='word_1_85' title='bbox 729 1218 796 1282; x_wconf 83' lang='lat' dir='ltr'><strong>cop.</strong></span> <span class='ocrx_word' id='word_1_86' title='bbox 813 1201 853 1262; x_wconf 78' lang='lat'><strong>20</strong></span> <span class='ocrx_word' id='word_1_87' title='bbox 875 1219 908 1284; x_wconf 84' lang='lat' dir='ltr'><strong>q.</strong></span> <span class='ocrx_word' id='word_1_88' title='bbox 932 1201 967 1276; x_wconf 76' lang='lat'><strong>2,</strong></span> <span class='ocrx_word' id='word_1_89' title='bbox 984 1200 1114 1279; x_wconf 90' lang='lat' dir='ltr'><strong>primum</strong></span> <span class='ocrx_word' id='word_1_90' title='bbox 1135 1196 1294 1258; x_wconf 76' lang='lat' dir='ltr'><strong>adhibuisse</strong></span> <span class='ocrx_word' id='word_1_91' title='bbox 1314 1191 1435 1282; x_wconf 80' lang='lat' dir='ltr'><strong>distinctio</strong></span> 
     </span>
     <span class='ocr_line' id='line_1_11' title="bbox 411 1271 1437 1364; baseline -0.008 -22"><span class='ocrx_word' id='word_1_92' title='bbox 411 1300 481 1342; x_wconf 89' lang='lat' dir='ltr'><strong>nem</strong></span> <span class='ocrx_word' id='word_1_93' title='bbox 510 1281 588 1344; x_wconf 80' lang='lat' dir='ltr'><strong>inter</strong></span> <span class='ocrx_word' id='word_1_94' title='bbox 607 1281 732 1344; x_wconf 75' lang='lat' dir='ltr'><strong>scienter</strong></span> <span class='ocrx_word' id='word_1_95' title='bbox 757 1290 786 1344; x_wconf 88' lang='lat' dir='ltr'><strong>et</strong></span> <span class='ocrx_word' id='word_1_96' title='bbox 810 1281 985 1364; x_wconf 57' lang='lat' dir='ltr'><strong>precanter</strong></span> <span class='ocrx_word' id='word_1_97' title='bbox 1003 1299 1073 1344; x_wconf 80' lang='lat' dir='ltr'><strong>com</strong></span> <span class='ocrx_word' id='word_1_98' title='bbox 1087 1278 1223 1362; x_wconf 80' lang='lat' dir='ltr'><strong>persocia</strong></span> <span class='ocrx_word' id='word_1_99' title='bbox 1242 1271 1345 1342; x_wconf 80' lang='lat' dir='ltr'><strong>servilis</strong></span> <span class='ocrx_word' id='word_1_100' title='bbox 1361 1271 1437 1336; x_wconf 76' lang='lat' dir='ltr'><strong>conda·</strong></span> 
     </span>
     <span class='ocr_line' id='line_1_12' title="bbox 412 1355 1437 1444; baseline -0.01 -21"><span class='ocrx_word' id='word_1_101' title='bbox 412 1362 500 1426; x_wconf 82' lang='lat' dir='ltr'><strong>tionis</strong></span> <span class='ocrx_word' id='word_1_102' title='bbox 526 1361 747 1439; x_wconf 62' lang='lat' dir='ltr'><strong>contrahentem</strong></span> <span class='ocrx_word' id='word_1_103' title='bbox 772 1382 837 1426; x_wconf 86' lang='lat' dir='ltr'><strong>eam</strong></span> <span class='ocrx_word' id='word_1_104' title='bbox 855 1364 998 1444; x_wconf 85' lang='lat' dir='ltr'><strong>accepisse</strong></span> <span class='ocrx_word' id='word_1_105' title='bbox 1016 1367 1152 1426; x_wconf 87' lang='lat' dir='ltr'><strong>Summos</strong></span> <span class='ocrx_word' id='word_1_106' title='bbox 1166 1365 1198 1424; x_wconf 86' lang='lat' dir='ltr'><strong>P.</strong></span> <span class='ocrx_word' id='word_1_107' title='bbox 1215 1363 1248 1424; x_wconf 88' lang='lat' dir='ltr'><strong>P.</strong></span> <span class='ocrx_word' id='word_1_108' title='bbox 1261 1377 1322 1422; x_wconf 87' lang='lat' dir='ltr'><strong>cum</strong></span> <span class='ocrx_word' id='word_1_109' title='bbox 1338 1355 1437 1418; x_wconf 82' lang='lat' dir='ltr'><strong>eadere</strong></span> 
     </span>
     <span class='ocr_line' id='line_1_13' title="bbox 412 1437 1436 1526; baseline -0.011 -20"><span class='ocrx_word' id='word_1_110' title='bbox 412 1444 571 1508; x_wconf 79' lang='lat' dir='ltr'><strong>decretales</strong></span> <span class='ocrx_word' id='word_1_111' title='bbox 584 1447 757 1526; x_wconf 90' lang='lat' dir='ltr'><strong>ediderunt,</strong></span> <span class='ocrx_word' id='word_1_112' title='bbox 774 1454 862 1526; x_wconf 88' lang='lat' dir='ltr'><strong>atque</strong></span> <span class='ocrx_word' id='word_1_113' title='bbox 875 1446 916 1506; x_wconf 85' lang='lat' dir='ltr'><strong>ita</strong></span> <span class='ocrx_word' id='word_1_114' title='bbox 941 1445 1096 1506; x_wconf 92' lang='lat' dir='ltr'><strong>inductum</strong></span> <span class='ocrx_word' id='word_1_115' title='bbox 1114 1445 1203 1505; x_wconf 81' lang='lat' dir='ltr'><strong>fuisse</strong></span> <span class='ocrx_word' id='word_1_116' title='bbox 1217 1441 1269 1504; x_wconf 87' lang='lat' dir='ltr'><strong>hoe</strong></span> <span class='ocrx_word' id='word_1_117' title='bbox 1284 1437 1436 1518; x_wconf 82' lang='lat' dir='ltr'><strong>impedimen·</strong></span> 
     </span>
     <span class='ocr_line' id='line_1_14' title="bbox 413 1522 1437 1609; baseline -0.011 -19"><span class='ocrx_word' id='word_1_118' title='bbox 413 1535 476 1590; x_wconf 92' lang='lat' dir='ltr'><strong>tum</strong></span> <span class='ocrx_word' id='word_1_119' title='bbox 495 1555 509 1583; x_wconf 79' lang='lat' dir='ltr'><strong>c</strong></span> <span class='ocrx_word' id='word_1_120' title='bbox 520 1529 697 1592; x_wconf 85' lang='lat' dir='ltr'><strong>Restrictum</strong></span> <span class='ocrx_word' id='word_1_121' title='bbox 707 1527 745 1589; x_wconf 88' lang='lat' dir='ltr'><strong>od</strong></span> <span class='ocrx_word' id='word_1_122' title='bbox 759 1546 869 1603; x_wconf 84' lang='lat' dir='ltr'><strong>cesum,</strong></span> <span class='ocrx_word' id='word_1_123' title='bbox 883 1528 1028 1606; x_wconf 73' lang='lat' dir='ltr'><strong>quocirca</strong></span> <span class='ocrx_word' id='word_1_124' title='bbox 1043 1525 1239 1588; x_wconf 88' lang='lat' dir='ltr'><strong>conditionem</strong></span> <span class='ocrx_word' id='word_1_125' title='bbox 1249 1522 1367 1584; x_wconf 82' lang='lat' dir='ltr'><strong>servilem</strong></span> <span class='ocrx_word' id='word_1_126' title='bbox 1376 1533 1437 1609; x_wconf 76' lang='lat' dir='ltr'><strong>error</strong></span> 
     </span>
     <span class='ocr_line' id='line_1_15' title="bbox 411 1601 1437 1691; baseline -0.012 -22"><span class='ocrx_word' id='word_1_127' title='bbox 411 1609 603 1672; x_wconf 87' lang='lat' dir='ltr'><strong>intervenisse</strong></span> <span class='ocrx_word' id='word_1_128' title='bbox 614 1613 766 1691; x_wconf 83' lang='lat' dir='ltr'><strong>probetur.</strong></span> <span class='ocrx_word' id='word_1_129' title='bbox 781 1637 795 1664; x_wconf 72' lang='lat' dir='ltr'><strong>n</strong></span> <span class='ocrx_word' id='word_1_130' title='bbox 815 1609 872 1673; x_wconf 91' lang='lat' dir='ltr'><strong>Sed</strong></span> <span class='ocrx_word' id='word_1_131' title='bbox 892 1617 926 1669; x_wconf 93' lang='lat' dir='ltr'><strong>ut</strong></span> <span class='ocrx_word' id='word_1_132' title='bbox 939 1611 1037 1689; x_wconf 82' lang='lat' dir='ltr'><strong>pruris</strong></span> <span class='ocrx_word' id='word_1_133' title='bbox 1054 1627 1102 1669; x_wconf 90' lang='lat' dir='ltr'><strong>me</strong></span> <span class='ocrx_word' id='word_1_134' title='bbox 1118 1607 1266 1688; x_wconf 81' lang='lat' dir='ltr'><strong>expediam</strong></span> <span class='ocrx_word' id='word_1_135' title='bbox 1279 1613 1354 1683; x_wconf 78' lang='lat' dir='ltr'><strong>atque</strong></span> <span class='ocrx_word' id='word_1_136' title='bbox 1365 1601 1437 1662; x_wconf 81' lang='lat' dir='ltr'><strong>honr·</strong></span> 
     </span>
     <span class='ocr_line' id='line_1_16' title="bbox 412 1677 1437 1772; baseline -0.009 -20"><span class='ocrx_word' id='word_1_137' title='bbox 412 1691 458 1752; x_wconf 89' lang='lat' dir='ltr'><strong>nis</strong></span> <span class='ocrx_word' id='word_1_138' title='bbox 483 1711 615 1754; x_wconf 86' lang='lat' dir='ltr'><strong>errorem</strong></span> <span class='ocrx_word' id='word_1_139' title='bbox 641 1693 826 1772; x_wconf 77' lang='lat' dir='ltr'><strong>patefaciam,</strong></span> <span class='ocrx_word' id='word_1_140' title='bbox 852 1690 928 1752; x_wconf 89' lang='lat' dir='ltr'><strong>dabo</strong></span> <span class='ocrx_word' id='word_1_141' title='bbox 955 1691 1076 1752; x_wconf 81' lang='lat' dir='ltr'><strong>eoncilia</strong></span> <span class='ocrx_word' id='word_1_142' title='bbox 1098 1690 1176 1768; x_wconf 87' lang='lat' dir='ltr'><strong>duo,</strong></span> <span class='ocrx_word' id='word_1_143' title='bbox 1199 1707 1261 1768; x_wconf 79' lang='lat' dir='ltr'><strong>que</strong></span> <span class='ocrx_word' id='word_1_144' title='bbox 1282 1686 1361 1748; x_wconf 91' lang='lat' dir='ltr'><strong>multo</strong></span> <span class='ocrx_word' id='word_1_145' title='bbox 1381 1677 1437 1742; x_wconf 81' lang='lat' dir='ltr'><strong>unii·</strong></span> 
     </span>
     <span class='ocr_line' id='line_1_17' title="bbox 412 1766 1436 1856; baseline -0.006 -22"><span class='ocrx_word' id='word_1_146' title='bbox 412 1773 515 1850; x_wconf 80' lang='lat' dir='ltr'><strong>quiere</strong></span> <span class='ocrx_word' id='word_1_147' title='bbox 537 1775 675 1838; x_wconf 82' lang='lat' dir='ltr'><strong>Gratiano</strong></span> <span class='ocrx_word' id='word_1_148' title='bbox 691 1783 776 1850; x_wconf 88' lang='lat' dir='ltr'><strong>sunt,</strong></span> <span class='ocrx_word' id='word_1_149' title='bbox 791 1775 901 1837; x_wconf 87' lang='lat' dir='ltr'><strong>scilicet</strong></span> <span class='ocrx_word' id='word_1_150' title='bbox 918 1773 1141 1850; x_wconf 76' lang='lat' dir='ltr'><strong>vermeriense,</strong></span> <span class='ocrx_word' id='word_1_151' title='bbox 1164 1770 1241 1851; x_wconf 82' lang='lat' dir='ltr'><strong>quod</strong></span> <span class='ocrx_word' id='word_1_152' title='bbox 1262 1787 1330 1830; x_wconf 87' lang='lat' dir='ltr'><strong>anuo</strong></span> <span class='ocrx_word' id='word_1_153' title='bbox 1340 1766 1403 1856; x_wconf 68' lang='lat' dir='ltr'><strong>tot,</strong></span> <span class='ocrx_word' id='word_1_154' title='bbox 1414 1767 1436 1854; x_wconf 63' lang='lat' dir='ltr'><strong>fi</strong></span> 
     </span>
     <span class='ocr_line' id='line_1_18' title="bbox 411 1841 1437 1936; baseline -0.01 -20"><span class='ocrx_word' id='word_1_155' title='bbox 411 1855 657 1935; x_wconf 81' lang='lat' dir='ltr'><strong>compendiense,</strong></span> <span class='ocrx_word' id='word_1_156' title='bbox 669 1857 748 1936; x_wconf 88' lang='lat' dir='ltr'><strong>quod</strong></span> <span class='ocrx_word' id='word_1_157' title='bbox 769 1875 846 1922; x_wconf 86' lang='lat' dir='ltr'><strong>suno</strong></span> <span class='ocrx_word' id='word_1_158' title='bbox 860 1857 919 1917; x_wconf 78' lang='lat' dir='ltr'><strong>idi</strong></span> <span class='ocrx_word' id='word_1_159' title='bbox 935 1855 1070 1918; x_wconf 87' lang='lat' dir='ltr'><strong>habitum</strong></span> <span class='ocrx_word' id='word_1_160' title='bbox 1083 1861 1140 1916; x_wconf 79' lang='lat' dir='ltr'><strong>est.</strong></span> <span class='ocrx_word' id='word_1_161' title='bbox 1156 1852 1271 1916; x_wconf 87' lang='lat' dir='ltr'><strong>Duobus</strong></span> <span class='ocrx_word' id='word_1_162' title='bbox 1281 1851 1321 1912; x_wconf 88' lang='lat' dir='ltr'><strong>his</strong></span> <span class='ocrx_word' id='word_1_163' title='bbox 1340 1841 1437 1910; x_wconf 75' lang='lat' dir='ltr'><strong>orcus</strong></span> 
     </span>
     <span class='ocr_line' id='line_1_19' title="bbox 409 1927 1436 2018; baseline -0.013 -20"><span class='ocrx_word' id='word_1_164' title='bbox 409 1937 585 2018; x_wconf 87' lang='lat' dir='ltr'><strong>proponitur</strong></span> <span class='ocrx_word' id='word_1_165' title='bbox 601 1937 792 2000; x_wconf 88' lang='lat' dir='ltr'><strong>disertissime</strong></span> <span class='ocrx_word' id='word_1_166' title='bbox 802 1957 835 2000; x_wconf 88' lang='lat' dir='ltr'><strong>en</strong></span> <span class='ocrx_word' id='word_1_167' title='bbox 859 1937 1022 2016; x_wconf 86' lang='lat' dir='ltr'><strong>distinctio,</strong></span> <span class='ocrx_word' id='word_1_168' title='bbox 1047 1956 1137 2017; x_wconf 66' lang='grc' dir='ltr'>ιιιιιιιιι</span> <span class='ocrx_word' id='word_1_169' title='bbox 1159 1933 1314 2016; x_wconf 83' lang='lat' dir='ltr'><strong>Espeniusa</strong></span> <span class='ocrx_word' id='word_1_170' title='bbox 1332 1927 1436 1994; x_wconf 79' lang='lat' dir='ltr'><strong>Gratiano</strong></span> 
     </span>
     <span class='ocr_line' id='line_1_20' title="bbox 411 2003 1436 2179; baseline -0.005 -98"><span class='ocrx_word' id='word_1_171' title='bbox 411 2021 790 2163; x_wconf 42' lang='lat' dir='ltr'><strong>{aggolpgitpotqanmgputffigg</strong></span> <span class='ocrx_word' id='word_1_172' title='bbox 818 2019 1031 2179; x_wconf 50' lang='lat' dir='ltr'><strong>Verdnerieneis</strong></span> <span class='ocrx_word' id='word_1_173' title='bbox 1044 2037 1128 2080; x_wconf 84' lang='lat' dir='ltr'><strong>cone.</strong></span> <span class='ocrx_word' id='word_1_174' title='bbox 1154 2015 1241 2080; x_wconf 85' lang='lat' dir='ltr'><strong>rerba</strong></span> <span class='ocrx_word' id='word_1_175' title='bbox 1262 2013 1375 2158; x_wconf 45' lang='lat' dir='ltr'><strong>cuzuin}1</strong></span> <span class='ocrx_word' id='word_1_176' title='bbox 1377 2003 1436 2150; x_wconf 53' lang='lat' dir='ltr'><strong>agg}</strong></span> 
     </span>
    </p>

    <p class='ocr_par' dir='ltr' id='par_1_6' title="bbox 408 2117 1438 3410">
     <span class='ocr_line' id='line_1_21' title="bbox 494 2117 1296 2166; baseline -0.002 -4"><span class='ocrx_word' id='word_1_177' title='bbox 494 2146 502 2162; x_wconf 90' lang='lat'><strong>.</strong></span> <span class='ocrx_word' id='word_1_178' title='bbox 588 2119 700 2164; x_wconf 78' lang='lat' dir='ltr'><strong>‚co.</strong></span> <span class='ocrx_word' id='word_1_179' title='bbox 799 2122 853 2162; x_wconf 73' lang='lat' dir='ltr'><strong>:s</strong></span> <span class='ocrx_word' id='word_1_180' title='bbox 895 2121 924 2162; x_wconf 88' lang='lat' dir='ltr'><strong>ur</strong></span> <span class='ocrx_word' id='word_1_181' title='bbox 948 2121 988 2166; x_wconf 82' lang='lat' dir='ltr'><strong>scr</strong></span> <span class='ocrx_word' id='word_1_182' title='bbox 1015 2117 1296 2163; x_wconf 84' lang='lat' dir='ltr'><strong>uxoremsusmun</strong></span> 
     </span>
     <span class='ocr_line' id='line_1_22' title="bbox 411 2183 1430 2264; baseline -0.009 -22"><span class='ocrx_word' id='word_1_183' title='bbox 411 2189 441 2242; x_wconf 90' lang='lat' dir='ltr'><strong>ct</strong></span> <span class='ocrx_word' id='word_1_184' title='bbox 460 2185 569 2263; x_wconf 85' lang='lat' dir='ltr'><strong>accepit</strong></span> <span class='ocrx_word' id='word_1_185' title='bbox 579 2201 644 2244; x_wconf 88' lang='lat' dir='ltr'><strong>eam</strong></span> <span class='ocrx_word' id='word_1_186' title='bbox 665 2183 845 2262; x_wconf 81' lang='lat' dir='ltr'><strong>voluntarie,</strong></span> <span class='ocrx_word' id='word_1_187' title='bbox 871 2201 987 2264; x_wconf 87' lang='lat' dir='ltr'><strong>semper</strong></span> <span class='ocrx_word' id='word_1_188' title='bbox 1010 2191 1110 2264; x_wconf 87' lang='lat' dir='ltr'><strong>postea</strong></span> <span class='ocrx_word' id='word_1_189' title='bbox 1128 2187 1359 2262; x_wconf 80' lang='lat' dir='ltr'><strong>permanentem</strong></span> <span class='ocrx_word' id='word_1_190' title='bbox 1372 2191 1430 2233; x_wconf 73' lang='lat' dir='ltr'><strong>ear</strong></span> 
     </span>
     <span class='ocr_line' id='line_1_23' title="bbox 411 2249 1434 2346; baseline -0.007 -20"><span class='ocrx_word' id='word_1_191' title='bbox 411 2263 539 2328; x_wconf 79' lang='lat' dir='ltr'><strong>Gloriosa</strong></span> <span class='ocrx_word' id='word_1_192' title='bbox 550 2274 619 2330; x_wconf 88' lang='lat' dir='ltr'><strong>sunt</strong></span> <span class='ocrx_word' id='word_1_193' title='bbox 629 2267 717 2330; x_wconf 85' lang='lat' dir='ltr'><strong>etism</strong></span> <span class='ocrx_word' id='word_1_194' title='bbox 729 2265 968 2346; x_wconf 79' lang='lat' dir='ltr'><strong>compendiensis</strong></span> <span class='ocrx_word' id='word_1_195' title='bbox 977 2283 1059 2328; x_wconf 88' lang='lat' dir='ltr'><strong>oonc.</strong></span> <span class='ocrx_word' id='word_1_196' title='bbox 1075 2265 1167 2328; x_wconf 73' lang='lat' dir='ltr'><strong>verm</strong></span> <span class='ocrx_word' id='word_1_197' title='bbox 1175 2283 1239 2327; x_wconf 83' lang='lat' dir='ltr'><strong>coo.</strong></span> <span class='ocrx_word' id='word_1_198' title='bbox 1255 2257 1324 2326; x_wconf 73' lang='lat' dir='ltr'><strong>icoi.</strong></span> <span class='ocrx_word' id='word_1_199' title='bbox 1334 2257 1376 2320; x_wconf 80' lang='lat' dir='ltr'><strong>iii</strong></span> <span class='ocrx_word' id='word_1_200' title='bbox 1386 2249 1434 2314; x_wconf 74' lang='lat' dir='ltr'><strong>iit-⁸</strong></span> 
     </span>
     <span class='ocr_line' id='line_1_24' title="bbox 415 2339 1432 2428; baseline -0.003 -19"><span class='ocrx_word' id='word_1_201' title='bbox 415 2370 429 2400; x_wconf 80' lang='grc' dir='ltr'>ι</span> <span class='ocrx_word' id='word_1_202' title='bbox 443 2347 474 2409; x_wconf 91' lang='lat' dir='ltr'><strong>Si</strong></span> <span class='ocrx_word' id='word_1_203' title='bbox 494 2350 622 2410; x_wconf 86' lang='lat' dir='ltr'><strong>Francus</strong></span> <span class='ocrx_word' id='word_1_204' title='bbox 635 2348 723 2410; x_wconf 90' lang='lat' dir='ltr'><strong>homo</strong></span> <span class='ocrx_word' id='word_1_205' title='bbox 733 2350 843 2428; x_wconf 84' lang='lat' dir='ltr'><strong>accepit</strong></span> <span class='ocrx_word' id='word_1_206' title='bbox 855 2348 1021 2425; x_wconf 86' lang='lat' dir='ltr'><strong>mulierem,</strong></span> <span class='ocrx_word' id='word_1_207' title='bbox 1036 2355 1068 2410; x_wconf 88' lang='lat' dir='ltr'><strong>et</strong></span> <span class='ocrx_word' id='word_1_208' title='bbox 1079 2355 1179 2426; x_wconf 85' lang='lat' dir='ltr'><strong>sperat</strong></span> <span class='ocrx_word' id='word_1_209' title='bbox 1191 2344 1267 2427; x_wconf 88' lang='lat' dir='ltr'><strong>quod</strong></span> <span class='ocrx_word' id='word_1_210' title='bbox 1282 2339 1432 2424; x_wconf 70' lang='lat' dir='ltr'><strong>ingenuei,</strong></span> 
     </span>
     <span class='ocr_line' id='line_1_25' title="bbox 411 2417 1435 2511; baseline 0.002 -22"><span class='ocrx_word' id='word_1_211' title='bbox 411 2437 441 2489; x_wconf 89' lang='lat' dir='ltr'><strong>et</strong></span> <span class='ocrx_word' id='word_1_212' title='bbox 451 2437 550 2508; x_wconf 88' lang='lat' dir='ltr'><strong>postea</strong></span> <span class='ocrx_word' id='word_1_213' title='bbox 563 2431 676 2492; x_wconf 82' lang='lat' dir='ltr'><strong>invenit</strong></span> <span class='ocrx_word' id='word_1_214' title='bbox 689 2431 770 2510; x_wconf 86' lang='lat' dir='ltr'><strong>quod</strong></span> <span class='ocrx_word' id='word_1_215' title='bbox 784 2450 844 2492; x_wconf 91' lang='lat' dir='ltr'><strong>non</strong></span> <span class='ocrx_word' id='word_1_216' title='bbox 862 2439 907 2492; x_wconf 86' lang='lat' dir='ltr'><strong>est</strong></span> <span class='ocrx_word' id='word_1_217' title='bbox 917 2430 1062 2511; x_wconf 77' lang='lat' dir='ltr'><strong>ingenus,</strong></span> <span class='ocrx_word' id='word_1_218' title='bbox 1078 2429 1209 2490; x_wconf 88' lang='lat' dir='ltr'><strong>dimittat</strong></span> <span class='ocrx_word' id='word_1_219' title='bbox 1224 2445 1297 2502; x_wconf 88' lang='lat' dir='ltr'><strong>eam,</strong></span> <span class='ocrx_word' id='word_1_220' title='bbox 1309 2423 1327 2484; x_wconf 87' lang='lat' dir='ltr'><strong>si</strong></span> <span class='ocrx_word' id='word_1_221' title='bbox 1340 2417 1435 2507; x_wconf 50' lang='lat' dir='ltr'><strong>silicet</strong></span> 
     </span>
     <span class='ocr_line' id='line_1_26' title="bbox 410 2507 1437 2658; baseline -0.019 -4"><span class='ocrx_word' id='word_1_222' title='bbox 410 2507 1437 2658; x_wconf 60' lang='lat' dir='ltr'><strong>ttttttitttttttttitttttttttttttttttttt</strong></span> 
     </span>
     <span class='ocr_line' id='line_1_27' title="bbox 411 2613 1436 2756; baseline -0.006 -20"><span class='ocrx_word' id='word_1_223' title='bbox 411 2614 613 2737; x_wconf 53' lang='lat' dir='ltr'><strong>cttemidqis.»</strong></span> <span class='ocrx_word' id='word_1_224' title='bbox 631 2676 725 2740; x_wconf 82' lang='lat' dir='ltr'><strong>liabeo</strong></span> <span class='ocrx_word' id='word_1_225' title='bbox 734 2677 783 2738; x_wconf 87' lang='lat' dir='ltr'><strong>hio</strong></span> <span class='ocrx_word' id='word_1_226' title='bbox 792 2637 982 2738; x_wconf 82' lang='lat' dir='ltr'><strong>disertissime</strong></span> <span class='ocrx_word' id='word_1_227' title='bbox 991 2613 1176 2756; x_wconf 59' lang='lat' dir='ltr'><strong>proplositum</strong></span> <span class='ocrx_word' id='word_1_228' title='bbox 1186 2637 1388 2756; x_wconf 74' lang='lat' dir='ltr'><strong>explicatamque</strong></span> <span class='ocrx_word' id='word_1_229' title='bbox 1396 2656 1436 2720; x_wconf 62' lang='lat' dir='ltr'><strong>dli</strong></span> 
     </span>
     <span class='ocr_line' id='line_1_28' title="bbox 410 2741 1437 2842; baseline -0.007 -24"><span class='ocrx_word' id='word_1_230' title='bbox 410 2757 522 2818; x_wconf 86' lang='lat' dir='ltr'><strong>crimen</strong></span> <span class='ocrx_word' id='word_1_231' title='bbox 535 2757 613 2821; x_wconf 84' lang='lat' dir='ltr'><strong>inter</strong></span> <span class='ocrx_word' id='word_1_232' title='bbox 623 2758 748 2820; x_wconf 82' lang='lat' dir='ltr'><strong>scienter</strong></span> <span class='ocrx_word' id='word_1_233' title='bbox 760 2768 788 2822; x_wconf 87' lang='lat' dir='ltr'><strong>ct</strong></span> <span class='ocrx_word' id='word_1_234' title='bbox 800 2755 972 2842; x_wconf 76' lang='lat' dir='ltr'><strong>ipsorootsr</strong></span> <span class='ocrx_word' id='word_1_235' title='bbox 984 2776 1051 2819; x_wconf 80' lang='lat' dir='ltr'><strong>cum</strong></span> <span class='ocrx_word' id='word_1_236' title='bbox 1061 2757 1201 2841; x_wconf 79' lang='lat' dir='ltr'><strong>personis</strong></span> <span class='ocrx_word' id='word_1_237' title='bbox 1216 2751 1321 2820; x_wconf 78' lang='lat' dir='ltr'><strong>servilis</strong></span> <span class='ocrx_word' id='word_1_238' title='bbox 1332 2741 1437 2812; x_wconf 57' lang='lat' dir='ltr'><strong>wodor</strong></span> 
     </span>
     <span class='ocr_line' id='line_1_29' title="bbox 410 2835 1437 2920; baseline -0.004 -21"><span class='ocrx_word' id='word_1_239' title='bbox 410 2838 458 2900; x_wconf 71' lang='lat' dir='ltr'><strong>ors</strong></span> <span class='ocrx_word' id='word_1_240' title='bbox 469 2838 684 2903; x_wconf 69' lang='lat' dir='ltr'><strong>conuehentes.</strong></span> <span class='ocrx_word' id='word_1_241' title='bbox 697 2839 805 2904; x_wconf 84' lang='lat' dir='ltr'><strong>Eadem</strong></span> <span class='ocrx_word' id='word_1_242' title='bbox 813 2838 1046 2920; x_wconf 81' lang='lat' dir='ltr'><strong>jurisprudentia</strong></span> <span class='ocrx_word' id='word_1_243' title='bbox 1060 2847 1105 2900; x_wconf 88' lang='lat' dir='ltr'><strong>est</strong></span> <span class='ocrx_word' id='word_1_244' title='bbox 1118 2841 1151 2901; x_wconf 90' lang='lat' dir='ltr'><strong>in</strong></span> <span class='ocrx_word' id='word_1_245' title='bbox 1163 2859 1195 2900; x_wconf 84' lang='lat' dir='ltr'><strong>es</strong></span> <span class='ocrx_word' id='word_1_246' title='bbox 1215 2835 1351 2898; x_wconf 85' lang='lat' dir='ltr'><strong>itularibus</strong></span> <span class='ocrx_word' id='word_1_247' title='bbox 1359 2837 1437 2906; x_wconf 58' lang='lat' dir='ltr'><strong>retum</strong></span> 
     </span>
     <span class='ocr_line' id='line_1_30' title="bbox 412 2906 1436 2986; baseline -0.006 -4"><span class='ocrx_word' id='word_1_248' title='bbox 412 2921 590 2984; x_wconf 83' lang='lat' dir='ltr'><strong>Francorum</strong></span> <span class='ocrx_word' id='word_1_249' title='bbox 604 2921 654 2984; x_wconf 80' lang='lat' dir='ltr'><strong>to.</strong></span> <span class='ocrx_word' id='word_1_250' title='bbox 672 2926 690 2984; x_wconf 86' lang='lat' dir='ltr'><strong>o</strong></span> <span class='ocrx_word' id='word_1_251' title='bbox 708 2943 736 2986; x_wconf 86' lang='lat' dir='ltr'><strong>c.</strong></span> <span class='ocrx_word' id='word_1_252' title='bbox 751 2927 792 2986; x_wconf 76' lang='grc'><strong>70</strong></span> <span class='ocrx_word' id='word_1_253' title='bbox 805 2931 876 2984; x_wconf 84' lang='lat' dir='ltr'><strong>tom.</strong></span> <span class='ocrx_word' id='word_1_254' title='bbox 895 2925 908 2982; x_wconf 88' lang='lat' dir='ltr'><strong>i</strong></span> <span class='ocrx_word' id='word_1_255' title='bbox 936 2919 992 2984; x_wconf 83' lang='lat' dir='ltr'><strong>cot.</strong></span> <span class='ocrx_word' id='word_1_256' title='bbox 1010 2923 1070 2983; x_wconf 76' lang='lat' dir='ltr'><strong>ddi</strong></span> <span class='ocrx_word' id='word_1_257' title='bbox 1084 2919 1133 2985; x_wconf 82' lang='lat' dir='ltr'><strong>ed.</strong></span> <span class='ocrx_word' id='word_1_258' title='bbox 1149 2925 1178 2984; x_wconf 89' lang='lat' dir='ltr'><em>B</em></span> <span class='ocrx_word' id='word_1_259' title='bbox 1208 2919 1270 2982; x_wconf 76' lang='lat' dir='ltr'><strong>urii</strong></span> <span class='ocrx_word' id='word_1_260' title='bbox 1290 2919 1351 2979; x_wconf 85' lang='lat' dir='ltr'><strong>Vso.</strong></span> <span class='ocrx_word' id='word_1_261' title='bbox 1365 2906 1436 2976; x_wconf 66' lang='lat' dir='ltr'><strong>iiiia</strong></span> 
     </span>
     <span class='ocr_line' id='line_1_31' title="bbox 409 2997 1437 3086; baseline -0.006 -23"><span class='ocrx_word' id='word_1_262' title='bbox 409 3001 513 3064; x_wconf 84' lang='lat' dir='ltr'><strong>eadem</strong></span> <span class='ocrx_word' id='word_1_263' title='bbox 539 3005 617 3084; x_wconf 89' lang='lat' dir='ltr'><strong>apud</strong></span> <span class='ocrx_word' id='word_1_264' title='bbox 630 3005 792 3068; x_wconf 81' lang='lat' dir='ltr'><strong>Bureherd.</strong></span> <span class='ocrx_word' id='word_1_265' title='bbox 809 3003 859 3066; x_wconf 81' lang='lat' dir='ltr'><strong>to.</strong></span> <span class='ocrx_word' id='word_1_266' title='bbox 883 3006 981 3086; x_wconf 72' lang='lat' dir='ltr'><strong>trop.</strong></span> <span class='ocrx_word' id='word_1_267' title='bbox 1010 3005 1065 3083; x_wconf 78' lang='lat' dir='ltr'><strong>st,</strong></span> <span class='ocrx_word' id='word_1_268' title='bbox 1082 3012 1114 3065; x_wconf 87' lang='lat' dir='ltr'><strong>st</strong></span> <span class='ocrx_word' id='word_1_269' title='bbox 1138 3003 1238 3065; x_wconf 87' lang='lat' dir='ltr'><strong>eadem</strong></span> <span class='ocrx_word' id='word_1_270' title='bbox 1260 2997 1331 3081; x_wconf 87' lang='lat' dir='ltr'><strong>apud</strong></span> <span class='ocrx_word' id='word_1_271' title='bbox 1348 2997 1437 3082; x_wconf 65' lang='lat' dir='ltr'><strong>lvoncp</strong></span> 
     </span>
     <span class='ocr_line' id='line_1_32' title="bbox 408 3069 1438 3170; baseline -0.003 -24"><span class='ocrx_word' id='word_1_272' title='bbox 408 3101 480 3165; x_wconf 83' lang='lat' dir='ltr'><strong>por.</strong></span> <span class='ocrx_word' id='word_1_273' title='bbox 495 3087 514 3146; x_wconf 86' lang='lat'>8</span> <span class='ocrx_word' id='word_1_274' title='bbox 530 3105 598 3170; x_wconf 87' lang='lat' dir='ltr'><strong>cop.</strong></span> <span class='ocrx_word' id='word_1_275' title='bbox 615 3090 654 3149; x_wconf 73' lang='grc'><strong>57</strong></span> <span class='ocrx_word' id='word_1_276' title='bbox 678 3091 769 3150; x_wconf 79' lang='lat' dir='ltr'><strong>coo.</strong></span> <span class='ocrx_word' id='word_1_277' title='bbox 796 3087 910 3150; x_wconf 84' lang='lat' dir='ltr'><strong>Videsi</strong></span> <span class='ocrx_word' id='word_1_278' title='bbox 932 3087 992 3148; x_wconf 89' lang='lat' dir='ltr'><strong>itur</strong></span> <span class='ocrx_word' id='word_1_279' title='bbox 1005 3085 1123 3166; x_wconf 81' lang='lat' dir='ltr'><strong>sspenit</strong></span> <span class='ocrx_word' id='word_1_280' title='bbox 1138 3103 1281 3162; x_wconf 79' lang='lat' dir='ltr'><strong>errorem3</strong></span> <span class='ocrx_word' id='word_1_281' title='bbox 1293 3079 1339 3143; x_wconf 87' lang='lat' dir='ltr'><strong>sed</strong></span> <span class='ocrx_word' id='word_1_282' title='bbox 1359 3069 1438 3136; x_wconf 77' lang='lat' dir='ltr'><strong>esto</strong></span> 
     </span>
     <span class='ocr_line' id='line_1_33' title="bbox 409 3157 1436 3252; baseline -0.006 -27"><span class='ocrx_word' id='word_1_283' title='bbox 409 3166 555 3230; x_wconf 86' lang='lat' dir='ltr'><strong>similibus</strong></span> <span class='ocrx_word' id='word_1_284' title='bbox 572 3177 661 3249; x_wconf 88' lang='lat' dir='ltr'><strong>atque</strong></span> <span class='ocrx_word' id='word_1_285' title='bbox 681 3169 865 3252; x_wconf 74' lang='lat' dir='ltr'><strong>gravioribus</strong></span> <span class='ocrx_word' id='word_1_286' title='bbox 881 3189 914 3230; x_wconf 89' lang='lat' dir='ltr'><strong>re</strong></span> <span class='ocrx_word' id='word_1_287' title='bbox 927 3177 1024 3231; x_wconf 87' lang='lat' dir='ltr'><strong>ertum</strong></span> <span class='ocrx_word' id='word_1_288' title='bbox 1048 3177 1092 3232; x_wconf 83' lang='lat' dir='ltr'><strong>est</strong></span> <span class='ocrx_word' id='word_1_289' title='bbox 1112 3168 1286 3250; x_wconf 80' lang='lat' dir='ltr'><strong>indigestum</strong></span> <span class='ocrx_word' id='word_1_290' title='bbox 1298 3157 1436 3234; x_wconf 69' lang='lat' dir='ltr'><strong>illusimus,</strong></span> 
     </span>
     <span class='ocr_line' id='line_1_34' title="bbox 409 3247 1438 3394; baseline 0.008 -85"><span class='ocrx_word' id='word_1_291' title='bbox 409 3247 488 3390; x_wconf 53' lang='lat' dir='ltr'><strong>31qu</strong></span> <span class='ocrx_word' id='word_1_292' title='bbox 512 3250 649 3394; x_wconf 57' lang='grc' dir='ltr'>ιιιιυίἀςῖιι</span> <span class='ocrx_word' id='word_1_293' title='bbox 667 3271 727 3316; x_wconf 90' lang='lat' dir='ltr'><strong>non</strong></span> <span class='ocrx_word' id='word_1_294' title='bbox 750 3251 898 3335; x_wconf 79' lang='lat' dir='ltr'><strong>intelligo,</strong></span> <span class='ocrx_word' id='word_1_295' title='bbox 926 3250 1110 3334; x_wconf 84' lang='lat' dir='ltr'><strong>quomodon</strong></span> <span class='ocrx_word' id='word_1_296' title='bbox 1136 3249 1303 3333; x_wconf 86' lang='lat' dir='ltr'><strong>quibusdam</strong></span> <span class='ocrx_word' id='word_1_297' title='bbox 1320 3247 1438 3316; x_wconf 54' lang='lat' dir='ltr'><strong>unnim</strong></span> 
     </span>
     <span class='ocr_line' id='line_1_35' title="bbox 422 3349 641 3410; baseline 0.018 -20"><span class='ocrx_word' id='word_1_298' title='bbox 422 3349 458 3390; x_wconf 87' lang='lat' dir='ltr'><strong>ou</strong></span> <span class='ocrx_word' id='word_1_299' title='bbox 481 3350 524 3392; x_wconf 85' lang='lat' dir='ltr'><strong>err</strong></span> <span class='ocrx_word' id='word_1_300' title='bbox 539 3350 641 3410; x_wconf 75' lang='lat' dir='ltr'><strong>possa.</strong></span> 
     </span>
    </p>
   </div>
   <div class='ocr_carea' id='block_1_4' title="bbox 408 3475 1440 4070">
    <p class='ocr_par' dir='ltr' id='par_1_7' title="bbox 408 3475 1440 4070">
     <span class='ocr_line' id='line_1_36' title="bbox 458 3475 1439 3581; baseline -0.005 -33"><span class='ocrx_word' id='word_1_301' title='bbox 458 3475 489 3575; x_wconf 53' lang='grc' dir='ltr'><strong>ς.</strong></span> <span class='ocrx_word' id='word_1_302' title='bbox 529 3475 676 3551; x_wconf 83' lang='lat' dir='ltr'>CXLIV.</span> <span class='ocrx_word' id='word_1_303' title='bbox 714 3479 922 3553; x_wconf 86' lang='lat' dir='ltr'><strong>Postremum</strong></span> <span class='ocrx_word' id='word_1_304' title='bbox 947 3498 1047 3579; x_wconf 85' lang='lat' dir='ltr'><strong>caput</strong></span> <span class='ocrx_word' id='word_1_305' title='bbox 1070 3479 1364 3581; x_wconf 85' lang='lat' dir='ltr'><strong>impedimentorum</strong></span> <span class='ocrx_word' id='word_1_306' title='bbox 1381 3487 1439 3573; x_wconf 59' lang='lat' dir='ltr'><strong>perf</strong></span> 
     </span>
     <span class='ocr_line' id='line_1_37' title="bbox 410 3575 1439 3678; baseline -0.013 -34"><span class='ocrx_word' id='word_1_307' title='bbox 410 3577 494 3646; x_wconf 89' lang='lat' dir='ltr'><strong>tinet</strong></span> <span class='ocrx_word' id='word_1_308' title='bbox 523 3576 565 3647; x_wconf 85' lang='lat' dir='ltr'><strong>sd</strong></span> <span class='ocrx_word' id='word_1_309' title='bbox 590 3577 728 3649; x_wconf 82' lang='lat' dir='ltr'><strong>sormam</strong></span> <span class='ocrx_word' id='word_1_310' title='bbox 769 3597 868 3677; x_wconf 84' lang='lat' dir='ltr'><strong>etque</strong></span> <span class='ocrx_word' id='word_1_311' title='bbox 908 3581 1090 3670; x_wconf 76' lang='lat' dir='ltr'><strong>rationem,</strong></span> <span class='ocrx_word' id='word_1_312' title='bbox 1126 3605 1192 3678; x_wconf 79' lang='lat' dir='ltr'><strong>qua</strong></span> <span class='ocrx_word' id='word_1_313' title='bbox 1221 3575 1336 3672; x_wconf 75' lang='lat' dir='ltr'><strong>nuptie</strong></span> <span class='ocrx_word' id='word_1_314' title='bbox 1360 3584 1439 3668; x_wconf 44' lang='lat' dir='ltr'><strong>cono:</strong></span> 
     </span>
     <span class='ocr_line' id='line_1_38' title="bbox 408 3661 1439 3773; baseline 0.004 -31"><span class='ocrx_word' id='word_1_315' title='bbox 408 3671 542 3752; x_wconf 80' lang='lat' dir='ltr'><strong>liuntur.</strong></span> <span class='ocrx_word' id='word_1_316' title='bbox 579 3675 744 3773; x_wconf 83' lang='lat' dir='ltr'><strong>Principio</strong></span> <span class='ocrx_word' id='word_1_317' title='bbox 782 3675 915 3750; x_wconf 90' lang='lat' dir='ltr'><strong>nullum</strong></span> <span class='ocrx_word' id='word_1_318' title='bbox 946 3694 995 3750; x_wconf 85' lang='lat' dir='ltr'><strong>est</strong></span> <span class='ocrx_word' id='word_1_319' title='bbox 1028 3678 1287 3763; x_wconf 83' lang='lat' dir='ltr'><strong>matrimonium,</strong></span> <span class='ocrx_word' id='word_1_320' title='bbox 1319 3661 1394 3766; x_wconf 72' lang='lat' dir='ltr'><strong>quod</strong></span> <span class='ocrx_word' id='word_1_321' title='bbox 1417 3681 1439 3724; x_wconf 64' lang='grc' dir='ltr'>Ἡ</span> 
     </span>
     <span class='ocr_line' id='line_1_39' title="bbox 409 3769 1440 3873; baseline -0.009 -33"><span class='ocrx_word' id='word_1_322' title='bbox 409 3769 553 3844; x_wconf 84' lang='lat' dir='ltr'><strong>adhibita</strong></span> <span class='ocrx_word' id='word_1_323' title='bbox 584 3772 739 3873; x_wconf 85' lang='lat' dir='ltr'><strong>illatoque</strong></span> <span class='ocrx_word' id='word_1_324' title='bbox 773 3793 864 3848; x_wconf 88' lang='lat' dir='ltr'><strong>metu</strong></span> <span class='ocrx_word' id='word_1_325' title='bbox 898 3791 1103 3852; x_wconf 86' lang='lat' dir='ltr'><strong>contractum</strong></span> <span class='ocrx_word' id='word_1_326' title='bbox 1133 3775 1212 3862; x_wconf 68' lang='lat' dir='ltr'><strong>orit,</strong></span> <span class='ocrx_word' id='word_1_327' title='bbox 1245 3795 1314 3843; x_wconf 89' lang='lat' dir='ltr'><strong>cum</strong></span> <span class='ocrx_word' id='word_1_328' title='bbox 1335 3779 1440 3871; x_wconf 76' lang='lat' dir='ltr'><strong>omnem</strong></span> 
     </span>
     <span class='ocr_line' id='line_1_40' title="bbox 408 3863 1438 3974; baseline -0.006 -33"><span class='ocrx_word' id='word_1_329' title='bbox 408 3893 582 3943; x_wconf 80' lang='lat' dir='ltr'><strong>consensus</strong></span> <span class='ocrx_word' id='word_1_330' title='bbox 635 3871 819 3946; x_wconf 85' lang='lat' dir='ltr'><strong>libertstem</strong></span> <span class='ocrx_word' id='word_1_331' title='bbox 868 3874 1013 3970; x_wconf 85' lang='lat' dir='ltr'><strong>postulet</strong></span> <span class='ocrx_word' id='word_1_332' title='bbox 1063 3871 1215 3974; x_wconf 82' lang='lat' dir='ltr'><strong>nuptialis</strong></span> <span class='ocrx_word' id='word_1_333' title='bbox 1260 3863 1438 3940; x_wconf 55' lang='lat' dir='ltr'><strong>consentius</strong></span> 
     </span>
     <span class='ocr_line' id='line_1_41' title="bbox 410 3958 1439 4070; baseline 0 -28"><span class='ocrx_word' id='word_1_334' title='bbox 410 3991 485 4062; x_wconf 82' lang='lat' dir='ltr'><strong>quae</strong></span> <span class='ocrx_word' id='word_1_335' title='bbox 505 3971 605 4042; x_wconf 86' lang='lat' dir='ltr'><strong>semel</strong></span> <span class='ocrx_word' id='word_1_336' title='bbox 621 3972 682 4044; x_wconf 90' lang='lat' dir='ltr'><strong>rite</strong></span> <span class='ocrx_word' id='word_1_337' title='bbox 697 3974 777 4044; x_wconf 89' lang='lat' dir='ltr'><strong>inita</strong></span> <span class='ocrx_word' id='word_1_338' title='bbox 804 3971 943 4069; x_wconf 87' lang='lat' dir='ltr'><strong>amplius</strong></span> <span class='ocrx_word' id='word_1_339' title='bbox 964 3971 1096 4046; x_wconf 81' lang='lat' dir='ltr'><strong>dissolvi</strong></span> <span class='ocrx_word' id='word_1_340' title='bbox 1111 3997 1180 4046; x_wconf 89' lang='lat' dir='ltr'><strong>non</strong></span> <span class='ocrx_word' id='word_1_341' title='bbox 1206 3981 1318 4070; x_wconf 82' lang='lat' dir='ltr'><strong>potest.</strong></span> <span class='ocrx_word' id='word_1_342' title='bbox 1343 3958 1439 4032; x_wconf 70' lang='lat' dir='ltr'><strong>Vflfflffl</strong></span> 
     </span>
    </p>
   </div>
   <div class='ocr_carea' id='block_1_5' title="bbox 0 0 1574 5168">
    <p class='ocr_par' dir='ltr' id='par_1_8' title="bbox 0 0 1574 5168">
     <span class='ocr_line' id='line_1_42' title="bbox 0 0 1574 5168; baseline 0 0"><span class='ocrx_word' id='word_1_343' title='bbox 0 0 1574 5168; x_wconf 95' lang='lat' dir='ltr'><strong> </strong></span> 
     </span>
    </p>
   </div>
  </div>
 </body>
</html>
