3164 5174
524 537 573 550 -
598 493 664 566 551
695 537 745 551 -

157 643 180 744 ς.
211 643 276 716 XX
330 641 476 742 Simplex
497 633 677 740 ‘depositio'
705 641 858 714 olei-ioum
897 657 1055 740 perpetuo
1097 647 1167 740 qui·

120 741 178 812 dem
214 760 301 814 meet
340 759 397 814 aut
444 741 485 812 ab
530 744 681 813 exercitio
728 739 881 812 ordinum
919 757 1164 838 susceptorum,

120 857 162 910 aut
187 841 225 911 ab
262 843 373 913 officio
411 867 470 912 usu
519 867 537 912 e
566 839 787 912 ecclesiasticas
823 837 1073 936 jurisdictionis,
1110 855 1167 910 aut
1288 853 1292 860 '

120 964 134 1004 a
167 939 343 1029 beneficio,
389 954 445 1010 aut
495 941 614 1036 enique
659 937 701 1008 ab
731 936 853 1010 ordinis
893 939 1043 1008 exercitio
1069 929 1166 1010 'simul

120 1051 145 1104 et
165 1037 265 1109 officio
296 1055 330 1108 et
350 1035 531 1128 beneficio,
563 1036 620 1108 sed
643 1063 711 1108 non
733 1038 769 1106 ei
796 1035 857 1106 sori
880 1052 914 1106 et
939 1029 1069 1106 canonis
1094 1037 1166 1132 pri-

119 1133 249 1228 vilegium
291 1135 425 1226 adimit,
453 1135 592 1232 ideoque
619 1137 705 1232 ipse,
740 1149 778 1204 ut
816 1147 930 1224 antea,
962 1133 1072 1204 subest
1108 1159 1166 1205 eo·

89 1227 270 1304 'desiastioo
317 1236 475 1330 imperio,
522 1259 591 1305 non
622 1232 723 1306 ,laioo
774 1231 954 1329 subjicitur.
1003 1233 1046 1301 tr
1090 1257 1166 1303 vero

121 1328 285 1423 degradatio
321 1357 390 1404 non
423 1347 553 1404 tantum
590 1331 743 1402 olerioum
775 1345 934 1427 perpetuo
971 1331 1077 1426 privat
1108 1355 1165 1402 eo-

119 1425 269 1500 deiratioo
324 1431 525 1524 ministerio,
578 1429 703 1520 officio,
750 1427 929 1517 beneficio,
985 1425 1043 1498 sed
1090 1451 1166 1498 eum

120 1527 200 1595 etiam
222 1527 399 1599 obnoxium
424 1527 500 1599 iacit
536 1527 624 1599 laioae
659 1528 830 1626 potestati,
866 1552 884 1596 a
916 1551 981 1622 qua
1010 1539 1085 1622 post
1112 1524 1167 1596 de·

123 1623 326 1714 gradationem
361 1625 528 1725 judicatur
569 1642 667 1724 atque
713 1628 747 1695 in
787 1649 927 1696 oaroeres
958 1621 1164 1710 detruditur,

120 1737 152 1789 ut
185 1722 333 1796 laieorum
370 1750 460 1798 more
495 1726 649 1796 sustineat
690 1749 821 1821 poenas,
866 1747 940 1820 quae
979 1737 1056 1791 sunt
1098 1720 1167 1818 ejus

119 1819 218 1892 sceleri
228 1825 325 1920 ajuro
343 1825 539 1895 constitutae.
837 1826 842 1834 ’

180 2045 187 2060 .
221 1991 315 2064 XXI.
355 1993 527 2092 Duplieem
554 1993 817 2091 degradationem
859 1992 1029 2088 distinguit
1052 1989 1162 2063 Bonis.

118 2085 156 2156 vt
171 2089 194 2160 1.
229 2091 303 2188 (i),
329 2095 502 2166 verbalem
508 2147 522 2181 ,
552 2119 628 2192 quae
654 2095 751 2164 etiam
779 2093 943 2190 depositio
974 2089 1105 2178 dieitur,
1133 2106 1167 2159 et

117 2188 245 2278 molem,
273 2193 339 2262 sive
363 2193 557 2280 actualem,
586 2215 661 2289 quae
694 2191 829 2287 proprie
864 2189 1068 2288 degradatio
1103 2211 1165 2282 ap-

117 2283 250 2376 pellatur.
292 2289 446 2362 Vertaltt
474 2307 522 2360 est
548 2291 616 2388 ipse
643 2291 820 2380 sententia,
848 2311 1033 2385 perquam
1061 2283 1166 2356 Judex

116 2383 327 2458 oodesiastieus
371 2387 525 2460 alericum
573 2387 615 2460 de
660 2385 763 2482 gradu
813 2386 955 2456 dimovet
1003 2401 1037 2454 et
1086 2383 1166 2454 laico

116 2476 174 2552 soro
207 2485 348 2574 addicit,
375 2488 481 2560 realia
509 2501 620 2558 autem
655 2499 704 2556 est
741 2485 840 2557 tristis
863 2487 932 2580 ipse
965 2497 1073 2572 aetus,
1111 2507 1167 2552 seu

115 2574 224 2654 funeta
270 2587 480 2676 oaeremonia,
535 2611 600 2682 qua
646 2584 815 2680 episeopus
868 2581 1003 2671 clerieo,
1055 2595 1168 2650 eontra

116 2701 200 2769 quem
219 2697 269 2753 est
293 2681 356 2753 lata
387 2681 624 2778 degradationis
650 2683 828 2772 sententia,
860 2679 1004 2751 detrahit
1029 2677 1167 2790 iusignia

114 2775 251 2851 ordinum
289 2780 492 2878 singulorum
506 2775 671 2879 ‘eumque
707 2781 853 2850 saeoulari
887 2780 987 2849 ouriae
1023 2798 1166 2874 punten-

115 2869 181 2946 dum
206 2878 309 2950 tradit
348 2877 423 2976 (ὓ),
448 2879 611 2977 adjunctis
651 2895 761 2949 tamen
797 2876 965 2976 precibus,
998 2891 1036 2944 ut
1068 2899 1167 2972 quam
1207 2924 1214 2936 .

114 2973 264 3049 mitissime
292 2992 461 3050 tractetur.
499 2977 587 3049 Tum
624 3001 699 3048 vero
737 2975 871 3047 alericus
909 2975 1017 3046 omnia
1047 2974 1167 3042 amittit

114 3069 220 3146 ordinis
254 3076 442 3174 privilegia,
467 3090 501 3146 et
535 3099 735 3174 quamquam
771 3075 841 3172 ejus
868 3074 1005 3146 retineat
1028 3085 1167 3169 potesta·

113 3181 187 3262 tem,
210 3199 290 3272 quae
333 3173 404 3245 tolli
438 3199 506 3245 non
535 3187 661 3272 potest,
699 3197 770 3242 eam
799 3187 910 3244 tamen
936 3194 1084 3242 exercere
1112 3193 1168 3239 ne·

114 3269 189 3360 quit,
219 3275 342 3342 amittit
383 3274 461 3342 item
493 3273 602 3344 omnia
639 3267 844 3342 ecclesiastiea
881 3269 1007 3358 officia,
1037 3265 1167 3338 benefi-¹

113 3368 167 3456 eia,
189 3369 471 3466 jurisdictionem,
505 3385 539 3440 et
569 3395 666 3468 poena
694 3367 867 3467 plectitur,
893 3393 992 3465 quam
1023 3369 1166 3438 criminis

114 3467 216 3538 sociam
231 3469 335 3540 laious
350 3467 457 3540 tuder
472 3483 579 3565 putat.

146 3663 183 3746 (i)
203 3671 280 3750 Cap.
301 3663 479 3728 aderens
492 3665 524 3726 in
536 3667 566 3727 6.

144 3747 181 3827 (i)
201 3753 246 3812 De
261 3749 385 3826 clerieo,
405 3750 455 3828 qui
474 3749 568 3810 Curiae
591 3748 734 3824 traditur,
754 3747 863 3809 mentio
883 3745 917 3806 iit
934 3748 964 3807 in
984 3749 1019 3808 t.
1040 3749 1078 3808 59
1101 3745 1164 3806 eod.

115 3824 210 3890 rtet.
224 3830 262 3893 de
274 3831 364 3913 epit'r.
377 3840 405 3892 et
417 3828 535 3907 clorio,
551 3831 584 3892 in
599 3832 633 3892 t.
654 3834 692 3892 tt
702 3829 729 3912 S.
745 3833 760 3892 i
777 3827 840 3892 eod.
858 3829 903 3891 tit.
916 3827 980 3890 eod.
995 3826 1165 3890 luetinioo.

109 3917 133 3968 et
147 3909 176 3971 in
189 3911 289 3975 novel.
316 3914 374 3973 tau
398 3932 464 3996 cop.
492 3915 540 3973 ii.
568 3915 609 3974 Ex
633 3914 680 3974 his
703 3913 772 3973 loeis
799 3911 917 3972 evidens
943 3918 1001 3981 eet,
1029 3907 1166 3970 oierieum

110 3995 193 4054 Curiae
210 3995 292 4056 tradi
313 3997 509 4070 oonsuevisse,
525 4001 559 4056 ut
578 3995 605 4054 ei
623 3995 854 4070 adscriberetur,
880 4005 967 4073 atque
987 3999 1020 4051 ut
1042 3993 1073 4051 in
1097 4009 1167 4073 poa-

111 4080 196 4140 itrum
211 4076 316 4140 crae
328 4076 530 4157 ministraret,
545 4085 578 4136 ut
591 4077 721 4156 loquitur
732 4077 913 4139 lastinianus
927 4075 960 4136 io
973 4072 1025 4135 ert.
1041 4075 1110 4156 Leo.
1128 4075 1165 4134 tt
