3122 5170
565 425 784 496 -665-

187 573 216 674 ᾗ.
260 573 302 644 ll.
344 573 428 644 Loca
471 573 652 670 hospitibus
710 601 747 646 ac
795 579 972 672 peregrinis
1012 579 1208 675 excipiendis

139 671 294 744 destinata
332 673 462 769 proprie
498 671 666 768 hospitalia
700 671 880 761 dicuntur3
930 693 963 746 at
1001 701 1039 747 eo
1077 679 1230 754 nomine„

18 799 24 812 ·
136 769 233 865 vulgo
270 785 426 842 vocantur
454 772 573 841 omnia'
596 770 684 860 loca,
701 787 795 868 ‘quae
826 771 968 862 alendis,
1005 773 1181 846 educandis
1193 813 1215 866 ,·‚

137 868 356 940 sustentandis
396 868 560 966 quibusvis
609 867 794 940 hominibus
836 896 898 968 ope
939 872 1108 966 egentibus
1149 873 1210 946 ad·

138 967 223 1038 dicta
262 982 350 1038 sunt.
387 965 472 1037 Hinc
501 965 596 1064 plura
631 983 708 1038 sunt
743 967 933 1064 hospitalia,
967 996 1040 1066 quae
1070 976 1209 1070 propriis

136 1065 325 1137 nominibus
372 1065 606 1159 designantur,
661 1065 758 1136 veluti
805 1068 1042 1156 taumatia,
1092 1071 1209 1166 quibus

137 1161 280 1260 hospites
320 1165 543 1260 excipiuntur,
587 1163 896 1262 orphanotrophio
930 1165 1082 1261 orphanis
1124 1168 1209 1238 edu·

137 1261 267 1351 candb,
307 1261 515 1335 Nosocomt'o
554 1264 683 1356 aegrotis
718 1262 890 1350 curandis,
942 1265 1209 1364 Ptocltotropltia

138 1359 335 1457 pauperibus
374 1358 613 1450 sustentandis,
654 1359 916 1434 Gerontooomio
956 1361 1079 1433 alendis
1120 1368 1209 1436 seni-

138 1457 222 1548 bus,
257 1459 537 1558 Brepltotropltio
576 1458 758 1529 nutriendis
793 1459 971 1530 infantibus
1011 1479 1205 1558 comparata.

188 1601 218 1704 δ.
246 1604 304 1676 lll.
333 1605 454 1677 Omnia
482 1603 552 1678 haeo
575 1601 646 1676 loca
681 1605 898 1703 subjiciuntur
940 1610 1090 1704 episcopo
1123 1607 1208 1680 dioe-

139 1727 265 1792 ceseos,
302 1705 338 1772 in
375 1731 440 1801 qua
477 1707 537 1775 sita
574 1718 674 1794 sunt,
715 1707 777 1775 nisi
812 1722 960 1804 exempta
1000 1705 1207 1802 probentur,

140 1817 196 1871 aut
228 1801 315 1872 aliud
353 1800 519 1898 postulent
553 1801 661 1898 leges,
694 1825 769 1899 quae
808 1805 844 1873 in
880 1827 993 1876 eorum
1019 1803 1210 1878 fundatione

138 1901 324 1971 constitutae
365 1916 453 1970 sunt.
493 1899 584 1985 Quin
618 1902 715 1970 etiam
751 1917 900 2000 exempta
934 1906 1054 1998 poterit
1090 1908 1209 2000 episco-

137 2021 218 2092 pus,
259 1998 316 2068 ubi
345 2023 426 2096 opus
461 1996 577 2090 suerit,
616 1999 741 2068 visitare
786 2015 885 2097 atque
921 2002 1106 2096 corrigere,
1155 2029 1207 2074 ex·

138 2097 240 2192 ceptis
280 2095 492 2192 hospitalibus
538 2095 727 2168 militarium
769 2097 944 2186 ordinum,
988 2115 1044 2169 aut
1084 2099 1210 2196 religio·

138 2217 268 2284 sorum,
312 2194 429 2292 quibus
468 2195 600 2292 antiqua
644 2195 854 2267 institutionis
887 2196 1014 2269 decreta
1055 2198 1210 2270 servanda

137 2307 215 2361 sunt
239 2291 317 2389 (l),
351 2297 496 2390 itemque
521 2295 660 2390 exceptis
688 2291 919 2390 hospitalibus,
957 2321 1031 2392 quae
1055 2295 1116 2367 sub
1145 2299 1210 2367 im-

138 2389 279 2461 mediata
305 2415 418 2486 regum
447 2395 649 2488 protectione
675 2406 753 2461 sunt
779 2391 847 2490 (ἢ).
876 2391 1000 2463 Verum
1029 2407 1062 2464 et
1089 2395 1209 2466 horum

135 2486 303 2579 locorum,
353 2515 552 2586 quamquam
592 2515 611 2560 a
649 2485 738 2559 laicis
785 2506 958 2586 regantur,
1003 2491 1210 2564 administra-

137 2602 224 2657 tores
250 2589 363 2684 quoria
394 2613 482 2658 anno
515 2585 652 2658 reddere
685 2589 836 2686 episcopo
871 2587 994 2659 debent
1025 2605 1122 2684 gestas
1156 2590 1210 2660 ad-

137 2686 381 2756 ministrationis
419 2687 598 2774 rationem,
641 2686 702 2754 nisi
742 2685 834 2758 aliter
874 2689 909 2758 in
947 2711 1059 2758 eorum
1089 2687 1211 2760 lunda-

138 2783 228 2858 ,tione
252 2801 384 2854 cautum
412 2787 453 2854 sit
480 2783 547 2881 (5).
582 2781 731 2870 Quodsi
762 2783 835 2881 lege
858 2783 982 2882 aliqua,
1014 2785 1207 2882 privilegio,

139 2895 196 2951 aut
229 2880 464 2953 consuetudine
494 2880 565 2953 baec
595 2884 677 2952 ratio
707 2880 776 2952 aliis
806 2881 973 2956 reddenda
1001 2887 1063 2972 sit,
1099 2900 1210 2956 tamen

139 3002 215 3053 cum
240 2981 278 3049 iis
300 2981 397 3050 etiam
422 2981 590 3078 episcopus
614 2983 677 3051 erit
707 2979 924 3052 adhibendus.

181 3143 206 3224 (t
246 3141 337 3206 Clam.
354 3141 409 3225 ἲς.
426 3141 588 3206 Promisso
599 3141 634 3206 dc
647 3139 732 3227 reliq.
747 3142 857 3206 doroth.

179 3227 210 3308 (2
243 3229 331 3289 Cone.
351 3225 435 3288 Trid.
460 3243 531 3288 sesa.
557 3227 597 3287 22
619 3245 685 3307 cap.
714 3227 733 3286 8
754 3225 790 3287 dc
811 3224 934 3309 reform.
952 3227 1028 3290 Vide
1056 3227 1208 3292 Giraldum

140 3325 240 3391 expos.
256 3310 328 3369 latr.
354 3311 444 3369 Post.
470 3327 539 3388 pur.
565 3311 584 3368 2
606 3317 674 3372 sect.
699 3311 739 3370 85
765 3317 835 3370 tom.
862 3311 932 3390 ap.
960 3311 1095 3387 abacti
1118 3311 1211 3389 expli-

139 3400 234 3468 catur,
259 3410 325 3469 que
347 3390 501 3469 hospitalia
526 3391 595 3468 sint,
622 3409 687 3470 qua
712 3390 767 3451 suh
792 3391 959 3452 immediata
979 3411 1082 3472 regum
1095 3401 1211 3470 proteo·

139 3473 220 3534 tione
243 3489 305 3534 esse
328 3473 480 3549 dicantur,
505 3491 628 3552 queque
655 3473 780 3552 episcopi
807 3473 966 3534 visitationi
991 3493 1050 3534 non
1082 3473 1208 3535 subsint.

182 3552 224 3636 (5)
246 3557 332 3617 Cone.
349 3554 433 3616 Trid.
449 3572 520 3616 aeas.
536 3557 576 3615 22
588 3573 655 3638 cop.
673 3557 691 3616 9
706 3554 741 3618 dc
752 3553 871 3638 reform.

188 3700 218 3804 §.
247 3701 306 3774 lv.
335 3701 434 3788 Quod
465 3702 508 3776 de
529 3701 739 3801 hospitalibus
768 3703 861 3796 dico,
891 3703 924 3776 id
961 3706 1057 3774 etiam
1085 3702 1210 3776 dictum
1275 3797 1277 3800 .

141 3801 213 3874 volo
250 3799 293 3872 de
329 3803 443 3872 ceteris
482 3805 543 3900 piis
575 3801 672 3893 locis,
711 3805 760 3874 uti
797 3817 875 3875 sunt
908 3801 1209 3893 confraternitates,

141 3925 221 3998 quas
265 3915 401 3991 vocant,
440 3901 592 3998 mllegia,
636 3917 741 3974 cetera
794 3901 927 3992 similia,
971 3923 1046 3998 quae
1092 3915 1209 3972 cuncta

140 4000 291 4098 episcopo
321 3997 478 4092 subsunt,
517 4023 713 4099 quamquam
747 4025 765 4072 a
800 3999 886 4071 laicis
927 3997 1205 4072 administrentur.
