3140 5168
513 443 659 516 -577
686 486 736 500 -

139 591 169 692 ς.
208 591 251 662 Χ.
293 592 421 682 Preces,
453 595 676 680 ceremonias,
717 594 797 663 ritus
824 597 860 663 in
901 591 1012 666 divino
1051 593 1160 670 officio

85 689 291 762 adhibendos
327 694 494 762 constituit
526 689 616 761 seder
646 689 829 786 Apostoiios
857 691 932 787 (1),
968 693 1058 790 quod
1087 719 1160 766 reo-

85 792 210 860 tissime
238 792 396 860 sancitum
436 804 504 878 est,
545 803 583 858 ut
616 803 826 860 amoveantur
853 789 936 859 mula
965 807 999 861 et
1040 795 1162 864 incom-

88 887 208 977 mode,
254 913 330 986 quae
370 885 449 960 olim
485 913 523 960 ex
569 886 700 958 dirersis
747 885 848 958 divini
883 885 984 960 officii
1015 889 1162 964 formulis

88 989 292 1058 oriebantur.
348 983 505 1082 Quisquis
559 1001 668 1056 sutem
725 987 796 1083 ejus
842 985 1046 1084 persolvendi
1090 989 1162 1086 lege
1242 1039 1250 1056 .

89 1084 326 1180 obstringitur,
370 1086 438 1155 sire
471 1087 623 1181 privatim
674 1082 783 1176 domi,
827 1089 893 1156 sire
942 1085 1072 1183 publice
1129 1091 1163 1158 in

88 1182 246 1272 ecelesia,
299 1181 333 1252 id
372 1195 585 1270 reverenter,
626 1183 789 1255 detineto
836 1209 873 1253 ao
910 1185 1022 1257 devote
1059 1185 1164 1258 fucere

89 1280 192 1352 debet
234 1281 309 1378 (2);
358 1295 392 1352 et
433 1283 578 1379 quisquis
620 1279 700 1350 illud
744 1283 813 1352 sine
844 1284 934 1380 justa
975 1307 1067 1353 eausa
1109 1285 1162 1381 (5)

90 1381 240 1471 omittit,
282 1403 352 1450 non
393 1377 499 1450 solum
529 1377 633 1450 letalis
674 1381 818 1450 oriminis
846 1403 920 1452 reus
944 1380 1073 1472 erudit,
1107 1383 1164 1454 sed

89 1480 210 1568 etiem,
257 1479 282 1548 si
321 1473 516 1550 beneficium
556 1476 692 1570 hubent,
729 1503 791 1575 pro
835 1503 871 1548 en
907 1493 1020 1576 porte,
1065 1507 1163 1577 quum

90 1579 222 1666 omisit,
246 1575 396 1647 beneficii
421 1574 545 1647 fructus
572 1578 741 1648 restituere
758 1575 867 1648 debet.

135 1745 178 1828 (t)
199 1751 272 1810 Cum
287 1767 324 1809 ex
345 1747 514 1810 diversitate
536 1749 729 1810 formularum
735 1794 744 1825 ,
762 1749 870 1828 quibos
884 1747 1018 1809 divinum
1036 1747 1164 1810 officium

91 1837 265 1910 conceptum
294 1839 372 1907 erat,
396 1849 501 1912 magne
524 1850 625 1891 rerum
651 1831 781 1892 eoniusio
808 1839 838 1890 et
858 1832 957 1912 grevia
981 1831 1085 1891 dumne
1104 1834 1165 1892 ori-

94 1921 217 1988 rentur,
233 1921 330 1972 oetum
344 1922 388 1973 est
400 1915 432 1974 in
446 1931 528 1974 oono.
544 1913 628 1976 Trid.
645 1913 683 1974 de
708 1913 853 1973 brevior-io
868 1912 1051 1973 emendando
1071 1913 1166 1992 deque

92 2003 173 2054 certo
184 1996 373 2074 proponendo
388 1995 524 2071 formula,
539 2015 627 2076 quem
641 2015 742 2056 omnes
754 1996 783 2055 in
799 2003 948 2075 posterum
959 2003 1162 2072 sequerentur.

93 2077 152 2138 Sed
178 2077 292 2136 eonciiii
316 2078 450 2138 Patribus
473 2096 544 2140 sess.
565 2079 604 2140 rt
630 2077 662 2137 iu
685 2076 790 2138 derret.
819 2075 855 2138 de
877 2075 983 2138 lodice
1004 2073 1162 2153 librorum,

93 2155 286 2234 catechismo,
314 2157 460 2220 breviario
487 2168 515 2220 et
536 2155 670 2236 missali,
695 2161 785 2220 setius
808 2160 904 2220 visum
926 2169 969 2219 est
986 2177 1050 2220 rem
1076 2168 1167 2220 totum

93 2239 203 2300 summi
221 2244 305 2302 Pont.
327 2241 439 2320 judicio
454 2243 650 2317 committere,
668 2249 755 2321 utque
770 2240 840 2301 hino
853 2243 886 2304 S.
901 2242 971 2302 Pius
985 2244 1012 2302 V
1034 2243 1118 2302 Pont.
1135 2241 1166 2301 id

94 2324 205 2404 negotii
220 2322 302 2382 dedit
315 2324 428 2384 selectis
441 2324 615 2402 quibusdum
633 2324 720 2400 viris,
740 2333 828 2402 etque
846 2341 863 2382 o
901 2341 935 2384 re
954 2321 1087 2383 absoluto
1104 2323 1167 2384 edi-

94 2405 141 2464 dit
160 2405 270 2466 hollam
287 2405 372 2480 Quod
390 2427 409 2466 o
430 2402 512 2468 oobs's
526 2408 565 2467 87
580 2413 650 2466 tom.
666 2409 686 2466 t
698 2425 767 2488 por.
785 2407 803 2466 5
819 2403 858 2466 bu
872 2402 929 2466 lor.
946 2421 1019 2486 pop.
1040 2407 1093 2481 ᾖ,
1114 2405 1166 2466 ubi

94 2495 205 2548 certem
228 2491 378 2566 proposuit
396 2487 533 2548 breviarii
555 2487 710 2549 formulam
728 2488 765 2548 ub
781 2487 917 2548 omnibus
937 2486 1164 2562 observandum,

94 2570 154 2630 iilis
168 2577 282 2629 tuntum
296 2571 436 2650 exeeptis,
451 2571 501 2648 qui
518 2570 555 2630 ub
570 2571 631 2650 ipso
646 2571 739 2649 primo
754 2569 964 2630 institutiones
978 2569 1047 2630 sede
1064 2571 1163 2648 Apost.

93 2652 858 2796 :titttsti&mittitomittit
874 2659 1164 2794 dimittati:

95 2819 166 2877 vlit
189 2823 281 2877 const.
309 2820 383 2878 Cum
404 2816 436 2877 io
456 2813 649 2878 ecclesiaste
665 2825 736 2878 tom.
752 2819 853 2898 tpor.
876 2811 980 2876 rtet.
993 2833 1067 2898 pop.
1088 2817 1163 2892 me,

95 2897 235 2976 deinceps
249 2915 320 2958 vero
338 2899 449 2960 Urban.
470 2903 537 2962 vili
559 2905 651 2960 const.
681 2902 756 2960 Com
774 2894 853 2958 otios
866 2899 925 2957 tto
948 2905 1006 2958 tom
1025 2897 1043 2956 6
1059 2901 1166 2979 pont

94 2999 168 3062 pop.
198 2981 272 3058 580,
295 2979 413 3060 hymnis
434 2979 608 3060 quibusdum
628 2981 709 3040 unxit
732 2987 820 3058 atque
835 2979 1011 3040 emendavit.
1034 2981 1074 3040 Ao
1088 2987 1167 3040 reete

95 3073 126 3122 et
145 3063 214 3141 jure
237 3066 300 3125 tm.
321 3061 477 3124 Pontifices
498 3081 615 3124 omnem
630 3079 746 3140 semper
764 3061 878 3122 dedisse
892 3079 1024 3140 operum,
1045 3069 1077 3120 ut
1092 3063 1168 3122 oooi-

96 3145 228 3204 dentules
243 3145 372 3206 ecclesio
386 3145 557 3206 traditiones
570 3152 600 3204 et
613 3145 688 3206 ritus
707 3145 776 3204 eorl.
797 3147 935 3206 Romnum
950 3145 980 3204 in
995 3143 1167 3206 oelebrsndu

96 3229 200 3302 iiisso,
219 3227 250 3287 in
275 3228 468 3288 sacrementis
488 3225 743 3302 administrandis,
764 3226 796 3286 in
813 3223 992 3302 Psulmodin,
1016 3225 1046 3285 in
1064 3227 1167 3287 ceteris

95 3307 134 3368 ad
155 3307 304 3386 publicum
326 3307 437 3370 cultum
460 3308 675 3388 pertinentibus
692 3309 952 3386 amplecterentur,
976 3307 1104 3369 ostendit
1122 3309 1166 3372 cl.

96 3392 231 3452 Zaeeurin
245 3388 324 3452 uiti.
339 3387 445 3452 rituol.
460 3398 481 3451 t.
499 3395 511 3453 t
530 3387 602 3452 dise.
620 3393 632 3450 i
653 3409 717 3473 cop.
734 3393 754 3450 lu
769 3397 797 3450 et
813 3391 914 3473 δρας.
929 3392 967 3451 29
982 3399 1082 3474 etseq.

139 3471 170 3554 (Ξ
204 3475 291 3534 Cone.
309 3473 392 3536 Trid.
408 3491 479 3535 sees.
503 3475 542 3535 m
557 3470 590 3533 de
604 3469 727 3554 reform.
744 3490 812 3554 cop.
829 3473 878 3533 m.

138 3555 170 3634 (5
204 3557 321 3616 coeuus
338 3565 389 3615 eut
414 3562 509 3636 gravis
534 3555 704 3630 infirmitas,
727 3571 794 3632 quae
818 3553 947 3615 officium
967 3553 1082 3614 reeiteri
1104 3571 1165 3614 non

96 3637 192 3712 sinet,
216 3637 293 3715 justu
315 3655 398 3698 muse
424 3647 483 3713 est,
508 3645 734 3718 propterquam
759 3637 833 3698 iilud
857 3637 978 3715 impuno
1000 3635 1165 3696 omittetur.

96 3723 163 3794 Qun
182 3719 213 3777 in
238 3737 271 3780 re
292 3721 373 3799 sequi
394 3727 508 3800 oportet
529 3719 650 3792 medici,
674 3728 724 3780 eut
749 3719 922 3798 superioris,
943 3725 993 3776 sut
1012 3717 1166 3795 prudentis

98 3801 155 3860 viri
178 3800 334 3878 judicium.
361 3802 502 3864 Similiter
519 3803 542 3862 si
562 3803 628 3880 quis
649 3803 712 3863 sine
729 3821 780 3862 suu
801 3801 884 3880 onlpn
903 3799 1048 3860 breviario
1072 3807 1168 3860 cureat

97 3892 187 3961 atque
204 3882 234 3942 in
259 3884 321 3943 loeo
340 3893 487 3960 versetur,
506 3885 611 3963 inquo
628 3883 701 3944 illud
727 3883 859 3943 invenire
878 3899 936 3942 non
962 3881 1065 3959 possit,
1095 3882 1167 3941 item

97 3965 122 4024 si
139 3966 207 4042 quis
221 3964 426 4028 ndministmre
436 3966 541 4027 debent
552 3973 744 4042 sacramento,
758 3981 854 4043 neque
864 3979 975 4024 morsm
988 3963 1066 4022 serre
1077 3965 1167 4042 possit

97 4047 259 4127 legitimum
282 4050 473 4110 exonsutionis
495 4067 608 4110 oensem
624 4047 733 4109 habere
750 4053 897 4107 censetur.
913 4046 1037 4105 Possunt
1057 4053 1086 4105 et
1103 4045 1167 4106 slioe

201 4153 277 4198 ron.
306 4155 329 4199 ι.
1022 4127 1070 4198 25
