3100 5182
526 486 748 558 -155-

98 633 163 696 illud
185 636 305 715 antiqua
339 635 551 696 eonsuetudine
586 643 736 715 receptum
760 633 937 704 ostendunt,
976 643 1010 694 ut
1041 637 1166 714 proinde

100 718 183 778 nsum
203 726 358 793 moveant,
386 719 437 796 qui
455 717 598 780 etiamad
624 719 678 780 hoo
698 719 747 796 jus
762 715 839 780 sedis
864 716 1036 796 apostoliae
1054 729 1168 796 pertra-

101 798 167 858 hunt
180 800 357 860 laidnrianas
373 799 548 876 decretales,
565 819 631 880 que
644 800 737 862 multo
752 808 849 879 postea
865 797 1049 878 prodierunt.
1067 801 1168 876 Quin?

100 882 222 940 ,iliarum
238 882 398 962 insignium
415 882 608 944 Orientalium
625 883 738 944 sedium
764 881 819 942 hen
846 882 876 940 in
892 899 925 941 re
945 883 1166 964 prerogativam

98 963 157 1040 quis
181 963 319 1042 ignorat?
340 963 530 1024 Antiochense
548 963 627 1038 sedi,
646 983 711 1044 quae
739 967 769 1025 S.
800 967 920 1024 Petrum
940 961 1043 1026 habuit
1065 973 1167 1028 auctu·

98 1063 170 1120 rem,
190 1045 246 1105 lane
259 1045 309 1124 jus
327 1045 357 1106 in
375 1053 437 1107 tuto
458 1047 578 1108 Oriente
597 1045 728 1125 ejusdem
755 1045 832 1106 sedis
855 1045 978 1105 antistiti
1001 1046 1167 1107 Alexandro

97 1129 213 1187 assernit
237 1128 425 1188 lnnooentius
447 1131 460 1190 l
480 1129 565 1210 epist.
587 1131 626 1190 ut
646 1147 730 1189 aum.
753 1132 766 1189 1
788 1127 867 1206 apud
885 1128 1086 1188 coustantium
1109 1127 1165 1190 eal.

100 1209 163 1270 851.
183 1213 220 1270 Ut
239 1208 321 1272 sicat
334 1207 579 1290 atetropolitaoos
596 1211 773 1274 auctoritate
797 1207 921 1270 ordinas
939 1207 1104 1293 aspolam,
1125 1213 1168 1274 air

99 1299 122 1348 at
134 1299 238 1353 aaran
255 1311 316 1354 aaa
335 1291 399 1354 aiae
414 1293 564 1373 permisso
584 1292 816 1374 mactatoque
840 1299 893 1352 tun
919 1289 1003 1354 sinas
1018 1293 1168 1387 eptampm

97 1373 259 1451 pmaarari
280 1377 316 1436 lit
334 1375 478 1436 rationem
496 1385 561 1454 post
577 1393 667 1456 pauoa
691 1373 789 1435 addit:
806 1392 864 1456 qua
883 1371 962 1434 enim
981 1383 1007 1436 te
1032 1393 1167 1436 mama

99 1463 223 1534 expuunt
245 1453 313 1536 (hoe
329 1463 373 1516 oet
392 1464 424 1518 nt
441 1457 564 1538 explieat
587 1455 771 1519 Constantius
800 1453 841 1516 ad
865 1461 892 1515 te
914 1455 1051 1536 pertinet)
1076 1475 1163 1532 cara,

100 1537 241 1618 precipua
255 1547 339 1598 taam
356 1534 460 1598 debent
472 1537 581 1600 mereri
589 1537 753 1622 judiciam.
776 1535 854 1612 Quid
871 1535 965 1596 dinam
983 1537 1020 1597 de
1034 1539 1167 1616 episeopo

102 1619 424 1697 Constantinopolitano,
451 1631 603 1702 postquam
627 1621 659 1682 in
685 1638 749 1680 earn
767 1617 915 1679 civitatem
943 1617 1058 1697 imperii
1083 1619 1166 1680 sedes

104 1700 235 1760 translata
253 1705 310 1761 est?
322 1705 453 1764 Socrates
467 1699 569 1766 taam.
587 1699 745 1766 eoolmiaat.
762 1697 813 1760 lib.
831 1702 849 1760 7
864 1719 929 1782 cap.
951 1699 990 1762 78
1001 1720 1073 1784 pap.
1090 1703 1164 1776 517,

105 1777 172 1841 edit.
191 1783 306 1844 Taena.
326 1785 405 1845 1717
421 1784 514 1866 legem
536 1791 695 1860 memorat,
716 1801 777 1866 qua
793 1781 942 1843 sancitam
956 1791 1011 1859 ast,
1034 1801 1070 1844 rte
1082 1802 1165 1865 proe-

103 1869 145 1922 ter
156 1865 323 1926 mantum
344 1866 476 1961 episcopi
497 1863 819 1948 constantinopolitani
838 1860 903 1925 alla
923 1861 982 1946 fiat
1004 1864 1165 1926 sacerdotis

101 1943 148 2020 (id
161 1953 202 2005 est
214 1947 339 2028 episcopi
351 1947 361 2028 )
376 1946 536 2011 ordinatio.
555 1955 652 2012 Exstat
670 1967 787 2027 quoque
799 1945 957 2008 Theodosii
977 1947 1071 2008 leand
1093 1947 1165 2009 Phi-

98 2025 200 2106 lippum
227 2030 398 2108 proeieatum
424 2034 562 2110 praetorio
589 2031 697 2112 lllyrici
726 2031 762 2090 t.
792 2029 831 2090 15
856 2027 927 2090 Cad.
958 2025 1098 2091 Theudae.
1130 2029 1166 2090 ale

98 2109 177 2248 :pisa
193 2119 222 2170 et
235 2109 348 2188 aleria,
367 2130 424 2192 qna
434 2121 551 2174 nautum
567 2123 628 2190 est,
646 2121 679 2174 ut
696 2111 857 2192 illyricanis
874 2111 1032 2190 provinciis
1048 2111 1165 2208 siquid

118 2187 243 2255 ubam
271 2195 434 2270 merserit,
461 2193 495 2255 id
595 2203 654 2256 teat
668 2211 729 2255 aaa
757 2191 864 2276 absque
888 2191 1012 2254 seientia
1037 2193 1095 2254 aira
1118 2214 1165 2254 re-

99 2273 294 2338 verendissimi
309 2285 506 2340 sacrosancta
538 2277 598 2358 apia
623 2275 766 2337 animatia
787 2273 871 2336 urbia
893 2273 1165 2369 Constantinopoli-

99 2359 184 2432 tanae,
302 2361 403 2420 ltonan
420 2359 525 2420 nemu
547 2359 746 2442 proeropativa
775 2355 909 2433 laetatur,
930 2365 1086 2418 conuentus
1112 2375 1164 2418 ao-

97 2435 185 2498 arrdat
216 2440 228 2500 i
258 2449 418 2522 sanataque
430 2439 548 2523 judicio
574 2441 731 2502 reseruari.
760 2439 892 2500 Proiecto
914 2439 937 2498 si
962 2439 1017 2500 lane
1043 2440 1164 2518 privile-

95 2517 165 2596 gium
184 2541 354 2583 eoncessum
370 2531 413 2582 est
432 2525 564 2602 episeopo
583 2521 919 2599 Constantinopolitano,
941 2522 1018 2598 quod
1038 2540 1070 2582 ea
1093 2522 1163 2584 urbs

95 2601 184 2665 Rama
201 2605 312 2666 asteris
324 2605 526 2700 proerapatiua
542 2601 679 2680 letatur,
707 2603 812 2684 potiori
833 2603 901 2680 jure
923 2601 979 2662 diei
1002 2603 1088 2665 debet
1117 2606 1162 2664 ai-

95 2679 174 2744 lluum
191 2691 334 2748 Romane
362 2685 444 2746 urbia
471 2687 620 2766 episeopo,
649 2695 682 2746 ut
706 2685 735 2744 in
758 2685 851 2744 causis
877 2683 1060 2763 gravioribus
1088 2685 1162 2744 nihil

93 2764 147 2826 sine
171 2769 234 2846 ejus
259 2769 380 2828 seientia
408 2775 438 2827 et
461 2787 601 2829 consensu
630 2767 726 2828 lieret.
751 2770 789 2827 Ea
814 2765 861 2824 lex
885 2773 1016 2824 revocata
1041 2767 1160 2842 quidem

94 2843 217 2928 dunoeps
233 2851 313 2925 iuit3
336 2850 387 2910 sed
411 2869 478 2909 oum
498 2851 587 2910 luerit
611 2849 741 2910 emedio
757 2847 885 2920 sublata,
909 2863 947 2905 ns
965 2846 1031 2926 jura
1054 2851 1160 2908 summi

95 2928 229 2992 ronaldus
256 2932 370 3010 aliquid
397 2941 533 3010 caperent
557 2931 743 3006 detrimenti,
772 2929 958 2990 manifestum
987 2937 1031 2990 est
1059 2930 1160 2991 endem

91 3005 162 3086 jura,
188 3033 260 3093 quae
287 3023 320 3074 ut
344 3013 457 3095 integra
485 3021 689 3090 servarentur,
719 3011 765 3072 lex
792 3011 840 3071 illa
870 3009 1006 3090 abrogata
1031 3009 1103 3088 luit,
1131 3015 1161 3073 in

94 3097 289 3174 tpismporum
304 3095 425 3174 aliisque
438 3095 620 3176 gravioribus
631 3095 724 3155 nausis
739 3093 909 3154 aanlirmatn
924 3093 1023 3154 luisse.

124 3174 161 3254 (ill
180 3181 236 3240 lus
257 3177 503 3256 appellationum,
519 3179 616 3257 inquit
635 3177 743 3241 Natalis
758 3175 922 3236 Alexander
937 3173 1041 3238 tiator.
1058 3175 1158 3238 arulas.

91 3256 215 3322 insat
236 3258 359 3322 dissert.
383 3261 422 3322 28
442 3257 478 3320 de
490 3259 556 3342 jar.
587 3257 821 3342 appellationum
843 3266 913 3334 ata,
944 3267 1013 3320 tam.
1042 3261 1062 3319 1
1086 3278 1159 3340 pap.

91 3337 246 3434 liz-edit.
274 3343 371 3402 Veaet.
393 3361 445 3402 aa.
463 3344 556 3418 1776,
569 3350 625 3436 ,ιιι
651 3338 801 3484 appendia
828 3339 984 3401 Primatua
1003 3343 1034 3402 S.
1053 3343 1156 3417 Patro,

90 3419 1066 3582 lad,{tituli,tillialllnttt'ildllll
1086 3425 1160 3565 {tl

92 3589 212 3666 exempla
227 3525 476 3667 appessationum,
496 3597 645 3667 queunte
662 3586 806 3668 synodum
832 3585 1033 3648 sardicensem
1054 3585 1091 3648 ad
1116 3601 1162 3646 se-

91 3666 145 3729 dan
157 3669 361 3750 Apostolieam
378 3671 480 3732 delate
495 3677 575 3730 sunt.
597 3669 731 3731 videnda
754 3667 904 3748 inprimis
926 3675 973 3728 est
995 3669 1159 3730 dissertatio

91 3751 180 3814 donnae
199 3753 286 3814 edita
301 3770 378 3814 anno
393 3753 472 3814 1768
491 3749 526 3814 de
547 3747 793 3834 appellationibus
816 3747 857 3812 ad
879 3751 1049 3812 liamnaum
1077 3753 1159 3812 Pan-

89 3829 185 3910 te'ficem
214 3843 247 3896 et
272 3835 392 3896 loannis
415 3833 567 3896 llarolaetti
594 3834 758 3896 dissertatio
784 3832 855 3894 item
881 3835 981 3894 Rome
1006 3831 1084 3892 adita
1108 3849 1158 3892 nn.

91 3915 157 3976 1783
186 3913 247 3976 Del
267 3911 386 3978 eoncilia
407 3915 441 3977 ali
464 3915 606 3992 Sardira,
632 3936 647 3976 e
670 3915 716 3976 ‹le'
739 3915 804 3976 ani
823 3913 932 3974 conani
952 3913 989 3974 ati
1012 3911 1042 3972 la
1056 3911 1159 3996 sonna

87 3993 116 4053 de'
140 3995 264 4078 piandizj
290 3995 487 4058 ecclesiastici.
519 4001 630 4060 Verum
658 3999 695 4059 de
721 3995 962 4076 appellationibus
995 3993 1033 4054 ad
1061 3995 1158 4056 sedam

88 4079 282 4158 apostolicam
296 4097 379 4160 agana
391 4081 505 4158 copiose
517 4077 566 4141 lib.
588 4081 648 4140 lll.

183 4185 266 4230 τοι.
296 4186 319 4230 1.
1024 4157 1059 4229 ⁷.
