3122 5178
728 833 959 922 estur
992 833 1078 918 tv.

766 1032 802 1095 lte
814 1032 874 1096 irre
888 1049 935 1095 non
950 1031 1052 1112 Scripta.

840 1192 985 1204 ο--ιι

371 1269 465 1354 xuv'u.
496 1305 615 1357 rmum.
946 1306 1029 1357 xiix.
1043 1303 1326 1372 oeramentum.

371 1367 477 1422 XLVlll.
489 1371 585 1435 Divina,
597 1371 635 1424 rel
646 1373 762 1424 humana.
947 1373 976 1422 t..
990 1371 1155 1424 Consuetudo.

813 1534 843 1636 r.
872 1534 1007 1608 xivu.

421 1727 479 1798 Jus
502 1753 569 1798 non
594 1731 655 1798 seri
682 1743 751 1798 tum
778 1725 953 1797 traditione
979 1726 1271 1821 comprehenditur
1299 1743 1333 1798 et
1361 1751 1447 1798 oon·
1543 1805 1544 1808 Ἴ

372 1823 557 1894 suetudine.
577 1754 775 1894 'Proditionis
792 1825 927 1892 nomine
946 1822 1158 1920 intelligimus
1174 1822 1348 1911 mandata,
1367 1848 1447 1920 quae

373 1945 440 1988 non
459 1923 598 2016 scripto,
626 1918 683 1990 sed
706 1921 775 1988 viva
800 1943 875 1990 vooe
895 1919 1024 2016 populis
1050 1921 1203 1988 nunciata
1229 1935 1306 1988 sunt
1331 1935 1365 1990 et
1386 1946 1448 1992 ec-

373 2015 476 2086 olesiae
495 2017 661 2087 observata
681 2040 840 2086 consensu
858 2020 949 2114 quasi
964 2042 1024 2114 per
1044 2041 1160 2086 manus
1181 2015 1301 2085 tradita
1322 2015 1364 2086 ad
1385 2041 1449 2090 nos

373 2127 605 2208 pervenerunt.
630 2111 771 2183 Maxima
794 2139 923 2210 semper
950 2117 985 2184 in
1013 2113 1144 2184 ecelesia
1172 2113 1235 2184 suit
1259 2111 1448 2187 traditionis
1543 2133 1544 2136 ’

373 2215 545 2282 auotoritas
572 2225 605 2280 et
628 2213 685 2306 qui
705 2236 777 2280 eam
800 2211 1001 2306 despiciunt,
1024 2211 1215 2308 plectuntur
1237 2236 1336 2306 poena
1364 2239 1449 2282 ana-

372 2306 524 2378 thematis
556 2333 574 2376 a
602 2307 739 2379 coneilio
774 2307 969 2379 Tridentino
999 2309 1065 2404 (l).
1099 2308 1176 2379 Non
1205 2311 1293 2378 enim
1328 2333 1447 2380 omnes
1543 2319 1544 2380 3

372 2409 517 2500 oportuit
541 2403 682 2476 ecelesiae
705 2431 755 2476 res
781 2407 902 2501 scripto
931 2405 1108 2495 mandare,
1128 2409 1271 2500 satisque
1300 2405 1381 2496 luit,
1417 2409 1445 2476 si
1543 2495 1544 2498 Ἴ

372 2503 408 2571 in
424 2517 555 2668 pectore
580 2504 783 2573 sacerdotum
801 2517 1026 2591 servarentur,
1051 2528 1127 2573 oum
1150 2502 1345 2593 traditione,
1372 2519 1447 2573 tum
1543 2519 1544 2576 ἶ

374 2603 514 2671 eccesiae
548 2627 606 2671 usu
651 2600 855 2698 quotidiano.
894 2602 1000 2698 Hujus
1030 2600 1223 2696 disciplinae'
1245 2625 1354 2672 causas
1382 2603 1447 2672 viri

374 2697 461 2768 docti
486 2701 614 2796 copiose
649 2715 683 2770 et
710 2699 886 2794 diligenter
908 2697 1112 2794 explicarunt
1143 2697 1210 2795 (1).

373 2830 377 2836 ¹
415 2867 457 2950 (t)
471 2871 584 2934 Semi

415 2951 456 3030 (1)
468 2951 627 3030 Egregios.
642 2949 985 3028 BasiliusupudGratian.
994 2969 1060 3012 oen.
1076 2953 1106 3012 tt.
1118 2949 1189 3014 dist.
1201 2951 1234 3012 tt
1245 2949 1356 3028 inquit:
1367 2953 1447 3033 Dep-
1543 2973 1544 2976 ¹

374 3039 490 3092 matum
508 3039 536 3091 et
549 3031 778 3092 Institutionum
783 3075 792 3106 ,
808 3049 876 3114 quse
888 3031 921 3090 in
935 3028 1052 3092 ammeio
1064 3041 1184 3094 seruato
1196 3040 1280 3107 runt,
1300 3029 1362 3092 alie
1375 3033 1447 3114 pui—
1543 3031 1544 3110 ἧ

374 3110 441 3174 ilem
452 3109 593 3174 labemus
604 3131 639 3173 ee
650 3109 798 3188 doctrino,
813 3131 880 3194 quie
890 3110 996 3174 litteris
1006 3115 1179 3196 omnipnoto
1192 3121 1249 3189 est,
1263 3121 1290 3173 et
1302 3109 1366 3173 olio
1377 3131 1448 3175 uero

375 3211 411 3254 ex
424 3189 626 3274 apostolorum
641 3192 801 3256 traditione
821 3191 862 3256 od
875 3213 929 3258 eos
943 3196 1168 3258 transmissam
1182 3193 1323 3276 mysterio
1336 3211 1382 3254 ree
1420 3195 1450 3254 i·

375 3293 453 3336 mos.
474 3278 548 3352 Quae
562 3283 691 3358 utroque
707 3273 916 3338 eentdemmin
934 3275 975 3338 od
985 3277 1126 3370 pietatem
1146 3274 1382 3371 habenturque
1421 3275 1450 3338 is
1543 3273 1544 3282 ‘

374 3375 445 3418 sone
458 3374 543 3417 emto
556 3355 783 3431 contradixerit,
799 3357 856 3440 qni
875 3355 921 3418 vel
941 3377 1051 3439 emptus
1068 3355 1167 3438 leptim
1184 3355 1450 3419 amtesrmticemm
1543 3379 1544 3388 ¹

372 3437 483 3520 paritio
494 3437 697 3518 sitproeditm.
711 3443 746 3500 Et
759 3439 845 3516 paulo
859 3448 938 3516 post:
953 3441 1024 3500 Non
1036 3439 1116 3500 enim
1132 3438 1170 3500 iis
1186 3440 1314 3500 contenti
1325 3456 1446 3515 mines,

374 3537 503 3602 qnorum
517 3516 675 3599 Apostolus
692 3527 721 3580 et
739 3517 938 3601 Evunpelium
956 3519 1135 3581 mentionem
1150 3518 1300 3602 [estruem
1315 3519 1367 3582 sed
1383 3517 1450 3580 olio

375 3618 491 3684 quoque
506 3617 573 3660 eum
599 3610 702 3675 nemo,
717 3609 780 3661 tum
793 3609 861 3680 post
876 3599 1017 3676 dicimus,
1033 3609 1132 3682 utpote
1145 3621 1212 3684 que
1225 3619 1371 3682 moyseum
1383 3618 1449 3662 eto·

375 3689 508 3742 utentum
522 3680 674 3761 adipsum
686 3681 863 3764 mysterium
885 3679 1012 3743 labeant
1032 3681 1373 3763 doetrinononscriptm
1395 3681 1450 3743 sed

376 3760 490 3826 traditu
506 3761 627 3823 eruditi.
644 3762 713 3824 Vid.
735 3761 950 3824 Tertullianum
961 3762 997 3824 de
1008 3782 1106 3826 coron.
1121 3781 1186 3845 cop.
1206 3768 1238 3839 5,
1257 3783 1328 3846 puy.
1346 3763 1401 3824 101
1420 3773 1452 3824 et
1543 3783 1544 3790 ¹

376 3846 449 3922 101,
463 3843 509 3906 eri.
528 3846 626 3904 Venet.
642 3845 736 3920 rtet,
754 3847 898 3904 Irenoeum
914 3853 983 3906 tem.
997 3848 1032 3921 1,
1046 3849 1082 3921 6,
1096 3849 1131 3922 1,
1144 3851 1176 3908 S.
1190 3849 1403 3924 Hieronymum
1415 3843 1450 3904 in
1543 3859 1544 3890 ἲ

375 3923 495 4008 Diolop.
510 3923 626 3988 advers.
638 3923 770 4008 Lucifer.
781 3945 806 3986 o.
818 3927 837 3986 8
849 3935 918 3988 tom.
930 3927 960 3988 1.
973 3925 1027 3992 eol.
1042 3930 1112 4004 i80,
1123 3925 1170 3990 ed.
1182 3925 1335 4004 Vellersii,
1348 3929 1378 3988 S.
1390 3927 1449 3988 rtu-
1543 3965 1544 3968 =
