3134 5144
497 461 546 474 -
571 419 644 490 en
670 369 724 474 -’

98 567 158 648 papi,
186 567 230 628 tel
257 567 415 648 martyrio,
443 570 488 630 vel
526 569 702 630 monasterio
737 568 761 628 ie
786 569 836 647 qui
869 567 1041 644 ordinator,
1069 567 1143 629 desi·

98 659 194 730 gnetun
209 653 264 710 Eos
277 659 376 711 autem
387 651 438 729 qui
462 652 593 713 absoluta
615 649 805 732 oidinantun,
817 649 946 712 decrevit
965 652 996 712 S.
1014 649 1144 734 synodps

97 731 190 792 oetan
215 749 248 791 ae
268 731 426 792 invalidam
446 732 548 794 haberi
579 731 723 812 ejusmodi
746 750 887 792 manuum
908 731 1143 810 impositionem,

96 822 273 892 etnuaquam
294 833 430 875 metuere
461 835 494 876 ao
517 817 632 894 operari
656 831 740 894 poasa
766 813 804 874 ad
828 814 892 892 ejus
919 813 971 892 qui
999 813 1147 876 ordinavit

97 894 222 971 injuriam.
245 921 258 948 ι
277 896 385 957 Eadem
412 897 501 958 habet
514 898 669 958 oonoilium
684 895 942 958 Franoolordianse
962 913 1019 956 oon
1034 897 1074 958 28
1085 891 1141 956 eol.

97 978 143 1037 tot
160 975 219 1038 eoo.
234 973 306 1038 tao.
334 975 468 1056 Aliquem
489 976 619 1042 obsolute
641 975 784 1040 ordinare
794 975 873 1038 idem
886 983 949 1038 erat
962 985 1050 1056 atquo
1061 975 1146 1039 ordi-

97 1077 154 1118 aore
172 1059 232 1120 aiae
254 1056 356 1137 titulo,
379 1060 435 1121 hoe
448 1071 492 1122 eat
513 1061 603 1122 nulla¹
616 1061 765 1142 designata
784 1058 918 1135 eeclesia,
941 1059 989 1120 eui
1004 1068 1146 1138 perpetuo

98 1139 210 1202 adustae
223 1159 284 1201 ease
305 1161 339 1202 ae
357 1145 468 1204 serviae
484 1143 616 1204 deberet.
638 1147 711 1206 Num
726 1139 832 1204 titulata
853 1139 987 1202 eamdem
1000 1149 1087 1220 atque
1103 1159 1151 1201 ec-

96 1222 167 1284 elesia
187 1222 425 1304 significationem
447 1225 584 1286 habebat.
612 1225 752 1287 Batonius
775 1221 816 1284 od
839 1243 913 1284 aaa.
940 1224 999 1284 119
1020 1241 1105 1283 oum.
1128 1225 1146 1284 5

97 1311 153 1363 om.
167 1306 185 1364 2
201 1323 270 1387 pop.
287 1307 341 1382 68,
364 1305 435 1368 edit.
458 1309 547 1370 Luem
563 1325 638 1368 ona.
657 1307 736 1368 1756
758 1305 847 1384 hujus
860 1305 987 1368 nominis
1000 1305 1145 1366 rationem

95 1383 358 1464 aimthujnsmodi:
375 1389 644 1464 Quemadmodum,
662 1389 776 1468 inquit,
793 1385 880 1448 ilseus
893 1387 1028 1466 imposito
1042 1385 1145 1462 titulo,

97 1465 145 1525 hoe
160 1476 199 1528 ost
212 1469 281 1529 velis
292 1469 485 1548 quibusdam,
509 1473 541 1532 in
564 1471 672 1551 quibua
694 1469 879 1550 imperatoria
893 1469 950 1530 ima
997 1509 1007 1542 ,
1022 1475 1074 1526 aut
1094 1485 1149 1528 no-

97 1565 159 1607 men
181 1549 325 1629 inscripta,
362 1553 594 1633 inscriptumque
623 1560 701 1628 erat,
735 1569 799 1612 nem
825 1550 880 1612 sibi
909 1549 946 1610 ad
972 1547 1080 1622 'oabat,
1109 1549 1148 1608 ita

96 1628 231 1691 christiani
246 1635 336 1694 erneis
360 1633 498 1716 imagine,
524 1643 575 1696 aut
598 1633 707 1698 Christi
719 1635 839 1694 nomine
855 1632 983 1693 aeclesia
1005 1629 1145 1709 inscripto

97 1709 183 1770 locum
201 1713 317 1792 aliquem
340 1714 442 1777 divino
455 1717 545 1778 uultui
571 1715 721 1778 addietum
740 1713 954 1796 signifloabnnt.
972 1711 1030 1774 Sed
1054 1711 1146 1772 oredi-

97 1790 151 1852 bite
168 1811 220 1854 non
232 1805 287 1873 est,
302 1796 475 1860 christianos
500 1817 534 1862 ea
551 1806 738 1878 tempestate,
761 1816 818 1877 qua
832 1795 942 1858 ethnici
959 1795 1084 1872 imperio
1098 1813 1147 1872 po·

97 1873 236 1954 tiebontne,
250 1880 334 1960 signa
348 1879 398 1940 illa
411 1881 441 1940 in
461 1881 522 1942 suis
535 1881 662 1942 oooleaiia
677 1887 745 1942 ante
767 1879 900 1940 omnium
921 1877 1020 1938 oeulos
1039 1895 1148 1956 ponere

95 1955 217 2034 saloim
237 1961 295 2021 nisi
309 1963 385 2022 forte
405 1961 551 2038 dieamus,
577 1963 640 2024 hoeo
664 1964 746 2044 signa
759 1969 873 2022 tantum
893 1957 1059 2020 christianis
1079 1967 1148 2019 nota

93 2037 178 2100 inisse.
195 2043 313 2104 Rectius
332 2043 517 2106 liohillonius
537 2045 741 2108 commotio
761 2041 860 2106 ordio.
885 2044 1012 2103 iioauoa.
1027 2059 1094 2122 cop.
1112 2042 1145 2114 5,

93 2129 117 2178 et
131 2123 234 2184 Reatina
254 2125 374 2186 litator.
398 2123 555 2188 eoeieaiott.
578 2129 623 2188 11.
638 2145 705 2188 amo.
723 2133 793 2188 tom.
809 2127 829 2186 2
843 2121 961 2186 diuam.
991 2125 1006 2184 1
1030 2141 1114 2182 oum.
1131 2123 1149 2182 3

92 2219 155 2284 pop.
169 2207 218 2282 19,
233 2205 306 2268 edit.
330 2208 465 2270 Boatooi
477 2211 569 2270 1769.
597 2207 709 2271 Titulos
730 2207 820 2268 luisse
843 2203 1074 2268 observantiam
1087 2207 1149 2264 Deo

92 2295 247 2363 ommno,
267 2308 337 2368 qum
357 2289 520 2352 moerdatea
542 2297 571 2352 et
583 2290 734 2351 ministros
756 2287 812 2350 siba
836 2287 966 2350 addictos
987 2285 1146 2346 habebant.

91 2367 152 2429 lam
175 2379 203 2432 et
224 2370 301 2450 lapis
316 2379 429 2433 oreatus
442 2380 472 2433 et
498 2377 560 2436 Deo
573 2379 787 2434 oonsaoratusa
811 2369 900 2433 laoob
922 2370 954 2430 in
968 2367 1086 2444 Rethel‚
1102 2367 1150 2430 'ri-

90 2448 156 2510 tulus
167 2451 272 2514 dieitur
296 2453 401 2516 Genea.
424 2473 460 2515 co
484 2457 547 2516 ‚28
565 2473 594 2516 o.
624 2457 663 2516 16
689 2461 718 2518 at
738 2454 794 2530 22,
820 2459 908 2531 atque
932 2469 990 2512 orm
1012 2450 1149 2512 similiter

89 2537 113 2589 et
133 2531 245 2596 delubra
275 2534 425 2596 idolorum
476 2537 545 2598 evit.
569 2555 635 2620 oop.
653 2539 692 2599 96
705 2555 735 2598 o.
757 2537 790 2611 1,
816 2541 846 2594 et
864 2535 989 2596 Numer.
1015 2551 1080 2614 cup.
1105 2533 1144 2592 35

89 2629 111 2669 o.
127 2615 175 2692 ta,
190 2617 281 2678 Tituli
295 2617 491 2696 appellantur.
504 2623 597 2681 Panna
623 2618 686 2681 hae
706 2619 745 2680 de
764 2615 870 2678 'ritulis
895 2613 1017 2675 dioenda
1028 2613 1146 2692 putavi3

89 2698 199 2759 nunead
217 2717 283 2760 nem
306 2699 408 2760 redon
425 2703 534 2761 Omnes
558 2703 649 2782 igitur
673 2702 703 2762 in
727 2697 912 2759 ordinatione
936 2702 1022 2755 certae
1035 2693 1148 2754 adscri-

87 2773 214 2840 hehmtm·
227 2780 377 2858 ecelesiae,
390 2799 477 2860 qnam
501 2782 636 2844 deserere
650 2801 709 2844 non
720 2786 872 2860 poterant,
888 2777 944 2838 n'isi
963 2775 1000 2836 ab
1014 2776 1148 2855 episcopo

86 2855 181 2922 onon
194 2863 336 2938 luissent3
351 2881 410 2941 quo
421 2863 590 2943 spectabunt
606 2871 719 2926 vetem
731 2861 837 2924 litterae
849 2858 1036 2922 dimissoriae.
1050 2861 1147 2934 Quare

86 2938 201 3020 omos,
222 2947 278 3025 qui
302 2945 504 3026 sineepiaoopi
518 2947 602 3008 venia
619 2947 709 3008 asuis
732 2943 859 3006 sodoeiia
879 2941 1086 3016 dieoessoram,
1110 2941 1148 3002 ad

86 3039 123 3082 tta
142 3027 238 3088 radiae
261 3035 392 3108 ungunt,
404 3035 434 3088 et
446 3030 539 3108 pmnia
555 3030 641 3090 etiam
657 3035 792 3090 maneant
813 3029 844 3089 S.
868 3027 925 3087 Leo
947 3025 988 3086 ll.
1014 3021 1100 3106 epist.
1126 3027 1139 3082 1

86 3119 137 3186 cop.
152 3107 238 3172 isal.
258 3111 325 3171 1190
339 3113 440 3170 tamt
464 3129 532 3194 opp.
540 3157 550 3190 ,
570 3109 617 3174 ad.
637 3107 786 3172 Bouaria.
811 3110 902 3172 Veatet
918 3107 1010 3182 17553
1022 3109 1053 3167 s.
1075 3106 1149 3168 Gne-

85 3189 167 3264 gorius
178 3195 219 3254 11.
237 3189 292 3254 isla.
311 3191 426 3274 9epiot.
447 3190 549 3255 iloni.
563 3195 620 3254 981
640 3201 710 3254 toan.
733 3194 767 3270 9,
790 3187 861 3252 adit.
883 3187 1023 3252 Mourisa.
1041 3185 1143 3248 Porio.

87 3270 168 3350 ttot‚·
180 3275 344 3336 concilium
358 3274 525 3336 Arelatenso
546 3294 615 3337 eoo.
632 3276 667 3336 91
693 3271 931 3335 collibitum.
956 3273 989 3347 1,
1014 3272 1147 3330 etFran-

84 3353 249 3420 manatense
266 3373 340 3418 eoo.
356 3357 395 3416 97
409 3354 504 3439 ajoni
537 3353 647 3420 eoiieat.
674 3352 792 3418 Latin.
812 3353 897 3432 Quod
911 3351 990 3414 idem
1004 3351 1147 3414 sancitum

85 3436 229 3500 aoNooei.
247 3441 268 3500 5
285 3456 354 3519 cop.
370 3439 405 3514 9,
426 3447 456 3498 et
476 3440 508 3500 in
521 3436 729 3520 capitularibus
742 3455 847 3519 regum
868 3438 1046 3497 Frunooraam
1065 3431 1149 3528 opud

84 3513 232 3584 Baletium
245 3529 325 3582 mm.
342 3522 357 3581 1
373 3539 408 3581 co
434 3518 526 3584 ‘att
552 3541 604 3584 oo.
620 3522 692 3598 789,
713 3537 779 3601 top.
797 3521 836 3580 91
850 3513 905 3578 ool.
923 3517 993 3579 165.
1011 3513 1144 3598 Capitol.

83 3617 124 3660 aa.
138 3603 194 3664 791
210 3623 284 3686 cop.
311 3603 383 3663 260
417 3604 513 3664 ,196
535 3601 666 3686 Capitad.
684 3607 697 3666 1
725 3601 912 3662 insertiones.
933 3617 1000 3742 pop.
1027 3601 1062 3660 11
1087 3593 1142 3658 eoi.

82 3681 138 3746 iii.
165 3682 305 3768 Capitol.
331 3680 433 3746 carati
449 3687 495 3746 Μ.
520 3682 569 3748 lib.
595 3688 609 3749 1
630 3705 695 3768 oop.
722 3679 817 3746 aaut.
843 3682 917 3760 176,
944 3679 1015 3742 eit.
1041 3681 1141 3742 Venae.

80 3783 140 3826 aaa.
162 3769 258 3830 ¹7⁷2.
279 3766 492 3828 Ordinatonum
507 3769 608 3831 titulos
622 3767 729 3848 populo
750 3763 905 3828 nuntiabat
925 3761 1146 3852 archidiaoonus

80 3863 105 3905 aa
118 3851 257 3930 somata,
276 3865 367 3927 quam
381 3847 550 3912 describunt
568 3851 692 3914 Romani
705 3855 884 3910 oomoetones
904 3843 937 3904 io
950 3863 1016 3906 ooo.
1036 3845 1048 3901 1
1074 3839 1145 3902 diat.

80 3929 178 3994 7616
198 3929 337 3996 eoelesioe
351 3930 435 3991 titulo
450 3949 507 3994 non
530 3934 632 4012 prooul
644 3932 745 3994 aberat
758 3929 861 3991 titulus
882 3921 1061 3988 nonasterii.
1077 3922 1146 3997 Qui·

78 4009 135 4072 dum
158 4017 240 4078 enim
265 4009 498 4094 ordinabantur,
524 4023 556 4076 ut
584 4035 663 4078 saona
690 4011 867 4076 oonlioerent
890 4007 921 4070 in
946 4004 1056 4068 satollia
1082 4021 1147 4065 mo·
