3142 5188
830 426 1050 496 -656-

405 577 614 674 eleemosynis
656 577 827 648 sustentari
873 575 996 672 possint
1040 571 1108 670 (5).
1157 571 1306 670 Denique
1344 577 1474 647 monis.

403 678 485 748 lium
518 677 710 745 monasterio
737 697 804 744 non
830 675 889 743 nisi
914 675 950 742 in
974 670 1108 742 urbibus
1139 672 1199 740 situ
1229 697 1297 742 esse
1324 672 1472 762 debent,

403 799 445 844 ne
470 771 608 844 obnoxia
635 775 702 843 sint
724 769 864 868 praedae*
884 797 921 843 uc
952 771 1065 843 ceteris
1087 794 1261 866 pravorum
1304 769 1474 842 hominum

401 870 634 968 cupiditatibus
654 871 721 966 (i).

445 1033 487 1116 (i)
507 1038 586 1098 Novo
596 1035 771 1096 monisterio
781 1033 844 1094 sine
858 1032 983 1112 episoopi
999 1049 1141 1093 consensu
1154 1029 1293 1093 editionri
1308 1051 1369 1094 nou
1378 1051 1470 1112 posse,

404 1119 505 1178 stituit
525 1121 612 1179 Gonu.
629 1117 713 1180 trid.
730 1134 801 1180 sees.
823 1118 863 1178 25
879 1134 904 1176 ο.
927 1116 945 1176 5
964 1111 999 1176 de
1018 1109 1112 1196 requi.
1126 1113 1330 1178 Tridentinorn
1346 1113 1420 1175 hano
1431 1115 1474 1175 le-

317 1193 320 1202 ’
403 1218 470 1280 gem
484 1199 666 1278 explioorunt
681 1200 773 1262 Clem.
788 1200 856 1260 vltt
870 1203 962 1258 coust.
979 1195 1127 1272 Quoniam
1141 1193 1183 1257 od
1209 1195 1383 1258 institutam
1399 1193 1471 1258 tutt.

404 1285 478 1342 tom.'
493 1283 511 1342 5
520 1300 590 1364 pur.
606 1283 624 1342 5
640 1299 712 1364 pap.
731 1283 784 1358 ii,
801 1288 830 1340 ot
845 1282 932 1358 Greg.
950 1281 1004 1340 XV
1021 1287 1114 1340 coust.
1131 1279 1207 1339 Cum
1219 1275 1298 1340 eiius
1313 1281 1355 1339 70
1369 1287 1439 1338 um.
1454 1283 1471 1340 t

400 1381 472 1444 por.
485 1366 503 1425 u
514 1381 587 1446 puy.
602 1362 653 1424 ii.
667 1365 778 1424 Verum
792 1379 860 1422 curu
875 1360 959 1424 Trid.
974 1359 1104 1440 synodus
1118 1378 1151 1420 ee
1164 1360 1471 1434 dominumtuum,

404 1444 839 1588 ititttdd‘tttdts
849 1452 883 1504 ¹¹‘
896 1441 1227 1586 „ffiffipp
1241 1443 1474 1586 ‘didiffl

403 1609 497 1687 quirit
507 1546 538 1670 iun
548 1627 614 1690 cop.
628 1546 713 1670 unici
724 1607 751 1690 §.
765 1545 961 1691 deufiinidtos
971 1604 1007 1668 de
1020 1601 1104 1688 rainy.
1121 1533 1346 1669 mpospm
1358 1607 1393 1668 iu
1406 1627 1471 1690 cup.

403 1689 485 1752 uitio.
498 1687 535 1752 de
550 1691 657 1752 Buces.
669 1688 791 1773 produt.
807 1689 840 1752 in
860 1691 893 1766 6,
911 1707 969 1768 qua
985 1687 1023 1748 de
1037 1706 1070 1750 ue
1085 1687 1163 1750 edito
1181 1695 1225 1748 est
1251 1689 1290 1750 ub
1312 1691 1414 1750 Innoe.
1435 1694 1472 1752 Χ.

404 1775 503 1834 Const.
518 1771 731 1836 Instauraudoe
751 1773 810 1834 157
826 1768 899 1832 butt.
920 1779 941 1830 t.
965 1771 1067 1853 opor.
1087 1771 1105 1832 5
1122 1789 1157 1852 p.
1174 1771 1245 1842 253,
1259 1791 1317 1850 quu
1330 1775 1475 1834 mutuum

404 1861 466 1926 est,
484 1861 517 1914 ut
530 1855 594 1915 sine
608 1855 693 1918 venio
707 1853 785 1918 sodis
802 1861 895 1934 opust.
914 1870 1023 1914 novum
1037 1853 1246 1914 monasterium
1271 1854 1394 1916 excitari
1422 1873 1475 1914 ne-

403 1943 506 2014 quent,
525 1943 613 2014 utque
628 1945 661 1998 ut
675 1938 806 2016 primum
821 1939 928 2016 Congu.
945 1935 1034 2013 episc.
1052 1942 1082 1994 et
1099 1934 1226 2015 reguntur.
1249 1934 1409 2018 diligenter
1430 1937 1475 1996 vi-

404 2015 482 2092 deit,
498 2037 569 2078 nutu
581 2027 688 2097 prosto
700 2019 759 2080 sint
777 2017 892 2094 omnia,
905 2036 972 2096 quae
988 2017 1196 2095 requiruntur,
1212 2025 1246 2076 ut
1260 2017 1318 2078 rito
1327 2027 1474 2080 monsue-

401 2099 480 2160 rium
504 2099 677 2161 oediiiuetun.
705 2103 777 2178 Quo
804 2100 972 2162 eonstitutio
991 2118 1169 2178 quemquam
1186 2096 1224 2158 ud
1246 2100 1361 2162 italiam
1385 2109 1472 2180 utque

404 2181 441 2240 od
464 2181 526 2259 ejus
539 2181 647 2242 insutus
667 2185 822 2262 pertinent,
838 2191 936 2242 tumen
952 2181 1039 2242 etism
1055 2191 1136 2242 extro
1155 2180 1266 2244 ltuliurn
1284 2183 1394 2262 ubique
1410 2201 1474 2244 ser-

404 2270 501 2324 untur.
520 2266 618 2340 Quoue
634 2265 666 2324 in
683 2284 758 2326 novo
777 2265 952 2326 monasterio
972 2263 1112 2343 erigendo
1135 2272 1165 2324 et
1186 2264 1312 2344 episcopi
1342 2273 1372 2326 et
1395 2265 1474 2325 sedis

405 2345 505 2488 pposp
523 2347 783 2490 veniupeoessuuiu
797 2355 852 2409 est.
873 2345 979 2409 Confer
997 2347 1068 2408 Beu.
1090 2347 1161 2410 XiV
1174 2343 1211 2406 de
1228 2364 1299 2430 syn.
1315 2345 1397 2408 dioec.
1418 2343 1472 2408 tit.

438 2445 464 2488 c.
512 2446 597 2488 num.
637 2473 644 2488 .

445 2507 488 2590 (ἢ)
508 2510 600 2570 clem.
621 2513 688 2572 vlu
708 2509 758 2572 eit.
779 2517 874 2572 coust.
896 2507 1062 2588 Quoniam,
1081 2516 1112 2570 et
1129 2513 1219 2592 ureg.
1241 2514 1295 2574 XV
1312 2510 1359 2572 eit.
1375 2519 1471 2574 toust.

407 2590 481 2650 Cum
498 2587 576 2651 aiios
599 2587 709 2652 duitor.
731 2591 778 2654 ed.
805 2593 891 2654 Rom.
911 2589 968 2652 uit.
988 2590 1030 2673 (5)
1051 2591 1127 2654 Vide
1150 2595 1238 2674 ureg.
1268 2597 1322 2658 XV
1347 2591 1402 2656 ioe.
1420 2594 1471 2654 eit.

444 2669 487 2750 (t)
506 2675 594 2734 Cone.
611 2671 694 2736 Trid.
708 2690 780 2734 tus.
796 2669 1074 2756 interequitans.
1090 2675 1120 2735 t.

453 2825 484 2926 §.
513 2827 574 2900 ΙΙΙ.
610 2826 817 2924 Regularium
846 2831 1039 2901 monasteria
1071 2827 1113 2900 de
1141 2830 1282 2996 episcopi
1315 2845 1472 2928 potestute

304 2931 308 2938 '
404 2923 585 3016 subtracto,
611 2929 676 2996 sive
699 2941 871 3024 exempto,
894 2943 929 2998 et
951 2929 1011 2998 uni
1034 2927 1186 2998 Pontifici
1210 2953 1248 2999 su
1266 2929 1355 3026 jectu
1380 2947 1468 3000 sunt.

403 3023 488 3109 Quae
516 3027 678 3121 exemptio
703 3028 923 3122 antiquissimu
955 3027 991 3095 in
1020 3025 1151 3097 eeclesia
1181 3043 1230 3098 est
1261 3029 1339 3124 (t),
1369 3053 1473 3125 eaque

402 3127 561 3218 repetitur
583 3148 623 3192 ex
654 3123 848 3220 amplissimo
881 3137 1063 3220 potestate,
1105 3149 1166 3221 per
1196 3149 1297 3222 quum
1326 3149 1473 3196 summus

401 3217 552 3290 Pontifex
582 3237 686 3292 cenos
716 3224 867 3318 episcopo
895 3220 1041 3293 subditos
1070 3221 1213 3294 adimere
1241 3239 1369 3322 potest,
1399 3249 1474 3296 eos-
1567 3285 1568 3300 ,

402 3341 466 3414 que
503 3317 554 3388 vel
591 3317 678 3409 aliis,
719 3319 770 3390 vel
809 3319 938 3390 sibimet
965 3323 1022 3390 uni
1061 3319 1228 3420 subjioere.
1266 3321 1376 3392 Etiam
1409 3349 1473 3419 pu-

399 3413 547 3487 triurchae
581 3415 753 3488 orientales
784 3419 819 3488 in
851 3419 900 3487 sui
933 3418 1129 3490 Exurchatus
1170 3419 1365 3490 monasterio
1398 3445 1474 3492 um-

399 3511 580 3609 plissimum
623 3515 786 3586 habebant
825 3517 999 3613 imperium
1038 3518 1113 3612 (2),
1162 3533 1197 3588 et
1238 3543 1331 3589 nuno
1374 3521 1473 3590 etiam
1566 3559 1567 3576 2

400 3611 486 3708 opud
513 3615 597 3710 ipsos
627 3617 712 3708 viget
725 3621 795 3714 jus
827 3621 1044 3712 stuumpepe‘e'
1075 3629 1109 3686 et
1146 3615 1199 3704 id,
1233 3614 1370 3712 quidem
1406 3641 1473 3689 non

400 3708 514 3780 fraude
549 3737 587 3782 ao
617 3709 775 3782 violenter
812 3729 999 3810 arreptum,
1033 3712 1090 3784 sed
1129 3715 1351 3810 antiquissima
1392 3740 1475 3787 eon·

399 3807 571 3880 suetudine
598 3811 789 3906 acquisitum
816 3809 889 3908 (5),
920 3809 1010 3908 quod
1042 3813 1077 3880 in
1099 3835 1139 3883 eo
1165 3814 1310 3908 positum
1337 3829 1408 3902 αἱ,
1438 3831 1475 3883 ut
1565 3871 1566 3876 1

398 3907 433 3975 in
462 3909 647 3979 monasterii
677 3906 868 3980 fiindutione
896 3909 1101 4006 patriarcha,
1139 3911 1168 3982 si
1209 3907 1305 3999 velit,
1339 3935 1470 3983 crueem

397 3999 496 4097 figat,
521 4027 626 4102 eoque
652 4022 725 4078 netu
756 4031 878 4079 novum
909 4011 1141 4080 monesterium
1172 4007 1215 4077 ab
1250 4011 1395 4108 epioeopi
1414 4011 1473 4104 jn—
