3122 5178
581 436 751 482 artemio.
1159 438 1204 482 Vll

128 565 265 633 tationes
299 559 359 632 has
386 583 475 630 meas
497 557 703 648 illustrandas
730 559 867 646 curavi,
890 559 1047 655 quoniam
1072 555 1143 630 haec
1171 561 1206 628 in

127 687 237 780 primis
258 709 374 756 aarum
396 680 643 753 scribendarum
658 683 760 773 ratio,
775 697 809 754 et
823 680 885 752 hoo
901 681 1104 778 propositum
1123 680 1200 752 luit.

125 789 289 876 Nimirum
302 805 536 900 ,institutiones
566 819 695 875 tantum
720 806 815 876 certis
837 817 985 875 constare
1013 804 1200 900 principiis,

124 955 159 998 ac
180 926 518 1022 modieisregiopibus
533 928 787 1024 circumscriptae
798 951 866 998 esse
891 924 1033 1016 debent,
1048 941 1081 997 et
1091 950 1201 1024 quaes-

126 1053 229 1122 tiones
251 1035 410 1152 suumin
427 1051 465 1118 iis
494 1047 605 1119 locum
630 1047 753 1121 habent
782 1049 924 1121 nullum.
945 1049 1057 1136 Quare
1078 1073 1138 1120 nos
1161 1051 1206 1120 ita

11 1197 12 1220 ¹
127 1188 252 1244 testum
276 1171 546 1268 conscripsimus,
581 1173 676 1242 utin
704 1195 762 1261 eo,
776 1188 938 1270 quantum
963 1174 1204 1268 nostraepatie-

126 1283 366 1382 bantur'rircs,
390 1318 499 1390 neque
519 1293 642 1391 aliquid
668 1293 810 1386 abesset,
827 1295 918 1393 quod
933 1297 1106 1392 proprium
1123 1310 1206 1366 essct

126 1419 395 1506 institutionum,
423 1441 531 1514 neque
549 1415 760 1488 redundaret.
777 1415 843 1488 Sed
860 1443 936 1514 quae
958 1432 1050 1488 textu
1068 1417 1204 1488 strictim

128 1543 273 1636 exposita
294 1554 388 1628 sunt,
407 1564 445 1610 ea
465 1541 499 1608 in
513 1537 683 1610 academiis
710 1541 781 1608 riva
802 1564 879 1610 voce
892 1538 1034 1608 doctoris
1049 1541 1084 1608 in
1101 1538 1210 1610 lucem

128 1662 345 1760 proferuntur
366 1659 528 1758 latiusque
547 1661 775 1758 explicantur3
805 1675 839 1732 et
862 1675 944 1730 tuno
962 1685 1013 1730 res
1028 1661 1133 1730 omnis
1160 1686 1209 1731 ac-

129 1785 273 1854 curatius
293 1783 487 1879 expend'ttur
507 1798 606 1881 atque
630 1787 729 1854 etiarn
759 1785 968 1880 attinguntur
990 1784 1207 1880 quaestiones,

130 1930 204 2002 quae
217 1909 301 1976 scitu
317 1905 462 1977 utiliores
477 1931 544 1978 asse
555 1905 744 1998 videantur,
757 1923 795 1978 ut
807 1909 854 1977 ita
863 1932 928 1977 una
941 1931 1017 1978 cum
1031 1905 1211 1978 seminibus

129 2051 274 2124 propago
290 2052 424 2124 quoque
439 2027 592 2100 studiosis
604 2043 704 2126 atque
721 2053 810 2124 seges
820 2043 970 2100 occurrat
980 2028 1208 2100 materiarum.

130 2147 167 2218 ld
189 2173 251 2220 nos
279 2151 315 2218 in
337 2151 423 2220 notis
438 2151 669 2245 prestitimus,
682 2149 740 2221 ubi
767 2175 834 2222 non
848 2165 980 2220 tantum
996 2147 1211 2219 indicarimus

130 2270 237 2360 locos,
256 2269 348 2341 unde
364 2285 494 2367 sumpta
513 2287 591 2342 sunt
606 2297 664 2362 ea,
685 2296 759 2369 quae
774 2273 810 2342 in
826 2287 918 2343 textu
940 2269 1140 2360 traduntur,
1153 2267 1210 2340 sed

131 2393 229 2462 etiam
257 2394 294 2462 in
320 2393 423 2488 magis
450 2391 595 2464 abditam
623 2419 660 2465 ac
688 2393 890 2492 penetralem
914 2389 1211 2492 jurisprudentiae]

131 2539 323 2605 excurrere,
352 2531 386 2586 et
408 2517 712 2613 praecipuas.etiam
727 2519 921 2614 quaestiones
934 2517 1094 2611 attingere
1112 2511 1213 2584 volui-

131 2663 222 2727 mus,
248 2654 287 2706 ut
307 2653 483 2735 postquam
505 2664 581 2710 cum
596 2639 634 2710 iis
649 2641 830 2738 primarum
853 2664 891 2711 ae
914 2653 1078 2710 certarum
1101 2661 1212 2709 rerum

130 2783 251 2852 genera
268 2761 339 2856 ipsa
361 2758 536 2851 didicistis,
557 2760 683 2858 reliqua
709 2787 778 2833 non
804 2758 1016 2832 incommode
1040 2782 1213 2856 persequa-

132 2883 225 2952 mini.
258 2880 413 2968 Quodsi
446 2884 520 2980 quis
545 2885 636 2981 copia
672 2900 706 2954 et
735 2884 887 2954 varietate
917 2905 1051 2971 rerum,
1079 2903 1153 2977 quae
1176 2881 1212 2948 in

132 3005 220 3075 notis
236 3001 469 3100 disputantur,
485 3004 637 3104 impediri
650 3031 684 3076 se
694 3020 810 3102 putet,
833 3001 1096 3100 addiscendoque
1110 2999 1215 3072 deter-

132 3129 217 3216 reri,
245 3127 291 3215 is,
316 3124 393 3198 licet
414 3125 513 3217 hino,
540 3142 702 3224 quantum
735 3129 766 3198 ei
792 3125 977 3215 ridebitur,
1006 3121 1216 3196 circumcidat

131 3265 233 3345 atque
248 3265 421 3345 amputet,
441 3264 551 3320 tamen
579 3265 686 3322 textus
708 3249 881 3323 sobrietate
905 3263 1098 3336 contentus,
1116 3243 1216 3316 habe·

131 3371 201 3462 bit,
235 3371 329 3468 quod
350 3369 392 3441 ad
420 3373 637 3444 instituendos
662 3375 801 3473 juvenes
832 3369 1117 3444 accommodatum
1150 3383 1212 3439 est.

133 3494 360 3579 Quamobrem
374 3497 519 3591 pergite,
534 3512 572 3567 ut
592 3495 716 3587 facitis,
734 3497 850 3594 optimi
863 3493 1101 3582 adolescentes,
1115 3505 1215 3587 atque

134 3616 176 3686 nd
194 3618 267 3691 haec
287 3616 395 3690 studia
411 3617 621 3710 contendite,
637 3637 675 3691 ut
693 3635 727 3691 ct
742 3618 832 3691 vobis
851 3617 988 3707 honori,
1010 3631 1044 3686 et
1061 3611 1214 3711 reipubli-

133 3763 181 3814 cae
193 3741 326 3810 utilitati
344 3767 413 3812 esse
426 3743 572 3838 possitis,
590 3768 628 3813 ao
648 3743 749 3836 magis
769 3737 1047 3812 commendemini
1072 3759 1216 3808 stncrrs-

133 3887 205 3934 srao
216 3889 367 3954 emuniri,
381 3865 475 3964 cujus
484 3864 643 3962 exquisita
656 3863 817 3954 doctrina,
833 3861 1016 3956 intelligens
1027 3858 1206 3958 judicium,

131 3985 235 4056 effusa
244 3989 281 4057 in
297 3987 425 4058 litteras
440 3985 655 4058 beneficentia
668 4011 721 4060 vos
734 3985 773 4057 ad
786 3984 855 4058 haec
864 3982 970 4055 studia
984 3979 1211 4054 cohortantur.
