3164 5174
577 443 798 554 ..5557-

146 589 259 676 Quare
280 590 359 662 olim
385 593 531 688 quisquis
555 616 616 688 pro
650 593 786 664 crimine
812 589 976 690 publicam
1010 610 1120 688 egerat
1145 621 1220 692 poe·

146 692 337 778 nitentium,
367 716 445 760 cum
476 715 545 764 non
571 705 694 762 careret
716 694 805 790 justa
837 690 1106 790 reprehensione,
1142 717 1220 790 quas

146 786 285 860 dedocet
314 813 440 859 sacrum
470 789 706 880 ministerium,
736 815 803 887 quo
834 787 965 860 clericos
988 789 1080 886 iungi
1119 815 1222 888 opor-

145 901 217 976 tet,
258 885 298 956 ab
329 885 498 958 ordinibus
518 885 760 985 repellebatur.
790 885 887 960 Nunc
916 887 1018 958 luxata
1053 889 1220 960 severitate

145 987 302 1081 antiquae¹
341 982 537 1082 discipline,
576 1011 614 1056 eo
653 984 823 1056 dumtaxat
864 987 999 1056 crimina
1033 985 1222 1082 irregulari-

147 1097 251 1154 tatem
280 1081 458 1171 inducunt,
487 1107 562 1180 quse
595 1082 760 1180 infamiam
789 1081 944 1174 offerunt,
967 1083 1010 1156 ob
1038 1085 1218 1174 maculam,

147 1207 213 1277 qua
241 1179 331 1251 inde
360 1183 552 1252 criminosus
584 1179 808 1278 adspergitur,
836 1181 887 1254 rel
921 1205 995 1278 quac
1028 1185 1222 1254 nominatim

147 1304 296 1375 expressa
328 1294 418 1349 sunt.
445 1278 641 1378 Hujusmodi
670 1282 854 1370 criminosi,
896 1282 954 1376 qui
984 1281 1177 1352 nominatim
1204 1307 1223 1350 a

142 1379 221 1474 jure
262 1375 496 1472 designantur,
532 1392 611 1450 sunt
648 1380 730 1450 serio
772 1403 809 1450 ac
848 1381 987 1449 scienter
1024 1377 1223 1474 baptismum

149 1479 321 1565 iterantes,
354 1489 389 1546 et
420 1477 477 1572 qui
503 1474 611 1574 palam
637 1475 790 1574 baptismi
817 1477 979 1548 iterationi
1007 1477 1222 1548 ministerium

148 1573 383 1670 impenderunt
430 1573 498 1670 (2),
551 1577 717 1647 simoniaci
760 1573 834 1670 (5);
881 1573 1021 1646 ordinati
1070 1599 1130 1669 per
1164 1572 1223 1643 sal·

152 1686 228 1740 tum
250 1673 315 1768 (t),
344 1673 402 1768 qui
424 1670 591 1745 inordina
617 1695 685 1744 non
717 1689 867 1770 suscepto
891 1673 1118 1742 ministrarunt
1151 1670 1221 1767 (5),

155 1770 215 1864 qui
239 1767 280 1838 ad
300 1769 518 1867 suscipiendos
548 1769 677 1842 ordines
706 1793 774 1840 non
819 1769 1007 1868 approbati,
1033 1794 1094 1840 nec
1117 1771 1224 1840 'vocati

154 1865 367 1964 obrepserunt
399 1867 470 1965 (6);
508 1871 565 1968 qui
594 1868 723 1940 ordines
755 1882 988 1966 susceperunt,
1020 1882 1078 1938 aut
1109 1893 1223 1940 eorum

146 1967 220 2061 jam
270 1980 492 2064 susceptorum
536 1982 754 2040 exercuerunt
795 1992 952 2054 munera,
994 1991 1071 2038 cum
1107 1967 1223 2064 majori

149 2067 506 2156 excommunicatione,
568 2065 667 2136 aliare
717 2090 851 2136 censura
906 2080 1098 2135 tenerentur
1145 2063 1221 2160 (7);

149 2165 210 2258 qui
250 2161 490 2254 voluntarium,
533 2179 632 2262 atquc
669 2164 827 2261 injustum
871 2161 1082 2234 homicidium
1113 2177 1225 2258 patru-

151 2275 235 2330 runt
250 2260 320 2356 (8).

193 2399 238 2482 (5)
259 2401 412 2480 spostolus
426 2399 468 2464 ud
493 2401 711 2464 76666166
729 2411 758 2462 ct
777 2401 850 2478 7,Ι
867 2398 908 2461 cd
929 2396 1058 2462 7565656.
1084 2401 1140 2460 111
1158 2417 1187 2458 6.
1206 2400 1226 2460 9

150 2491 182 2544 et
196 2485 255 2558 5ος
272 2485 358 2545 conc.
372 2485 484 2546 Nicen.
497 2503 566 2544 curs.
584 2487 603 2546 9
619 2491 647 2544 ct
666 2481 754 2544 9665.
771 2485 805 2544 75
829 2491 856 2544 et
872 2485 910 2544 75
926 2491 995 2544 tom.
1016 2479 1107 2542 9665.
1121 2478 1228 2541 Loddes'

151 2585 223 2626 666.
253 2567 307 2641 55,
332 2569 386 2644 56,
410 2567 463 2641 58,
491 2567 529 2626 59
555 2573 584 2626 et
608 2568 648 2627 60
670 2563 741 2627 dist.
769 2567 824 2640 50,-
847 2567 877 2626 S.
904 2564 1061 2643 Gregorius
1076 2565 1116 2624 Μ.
1135 2560 1184 2623 tit.
1208 2565 1226 2623 5

151 2665 202 2728 ep.
219 2647 260 2708 59
275 2645 329 2708 cot.
348 2649 426 2726 660,
443 2655 470 2708 ct
485 2643 536 2709 556.
556 2651 577 2710 5
597 2667 643 2744 cp.
665 2649 704 2708 50
720 2665 788 2729 opp.
807 2653 830 2706 t.
853 2642 943 2707 9665.
964 2645 1038 2721 698,
1059 2641 1105 2704 ed.
1121 2643 1225 2705 Puris.

151 2731 256 2806 5705,·
277 2732 307 2791 S.
324 2732 430 2790 Petrus
454 2730 588 2824 pamian.
611 2749 645 2792 us
668 2724 825 2824 Gmnorrd.
846 2745 924 2822 cup..
938 2729 956 2788 5
972 2735 1001 2788 et
1018 2743 1079 2808 seq.
1102 2743 1168 2820 cup.
1187 2727 1226 2786 65

151 2808 1227 2972 26..55556555565655158555569555855

152 2977 300 3058 Origenes
313 2983 416 3036 costra
434 2971 621 3038 0616666556.
639 2977 657 3037 5
675 2994 742 3058 cap.
762 2977 795 3036 55
819 2993 887 3056 opp.
906 2981 977 3036 tom.
995 2977 1009 3034 5
1027 2991 1062 3054 p.
1078 2973 1157 3048 558,
1178 2969 1227 3032 ed.

154 3059 261 3120 Puris.
283 3059 362 3118 5755
384 3057 487 3134 tradit,
513 3057 622 3138 lapsos,
642 3059 692 3137 qui
707 3055 913 3136 resipuissent,
936 3056 968 3117 in
992 3053 1228 3116 communionem

152 3161 210 3222 par
226 3139 429 3220 poenitentiam
452 3140 543 3219 recipi
570 3139 768 3216 consuevisse,
796 3136 848 3199 sed
871 3136 946 3222 quia
973 3134 1054 3220 lapsi
1077 3143 1165 3212 aunt,
1192 3133 1229 3196 66

53 3251 56 3256 ·
153 3223 242 3286 omni
313 3219 380 3282 stac
401 3219 544 3316 dignitate
563 3229 592 3284 et
601 3220 785 3318 praefectura
804 3219 838 3280 ia
855 3217 976 3282 ccclesia
999 3217 1058 3280 Dei
1078 3225 1227 3280 arcentur.

156 3307 235 3368 Hinc
251 3305 261 3364 i
284 3303 324 3364 ud
342 3303 455 3364 concilii
474 3302 709 3386 carthaginensis
724 3305 763 3364 tv
777 3319 845 3362 cors.
862 3303 901 3363 68
915 3300 993 3382 apud
1005 3299 1153 3363 Lubbeum
1174 3308 1195 3360 t.
1209 3303 1229 3361 9

154 3384 213 3450 sot.
241 3387 322 3447 5559
346 3385 392 3447 cd.
424 3387 523 3448 Venct.
548 3403 584 3446 es
602 3381 811 3468 penitentibus
831 3383 979 3479 (quamuis
991 3383 1032 3444 sit
1044 3379 1147 3463 56666)
1171 3379 1229 3442 cic-

156 3470 241 3530 ricrss
254 3485 316 3529 666
329 3466 500 3530 ordinatur.
516 3467 709 3530 consentiunt
722 3469 754 3528 S.
770 3465 892 3528 siricus
905 3483 952 3548 ep.
971 3467 984 3526 5
1007 3462 1048 3526 ud
1060 3463 1230 3526 Himerium

163 3555 361 3612 Tarraconen.
374 3567 460 3611 num.
474 3551 513 3611 58
526 3548 605 3630 apud
618 3547 818 3612 coustantium
833 3544 889 3610 col.
906 3550 965 3610 656
970 3569 983 3623 ,·
997 3547 1129 3609 Zosimus
1147 3543 1227 3606 decr.

158 3653 195 3694 co
218 3677 227 3693 .
249 3632 362 3711 5apud
377 3630 526 3694 Pithoeum
542 3629 606 3694 eod.
628 3649 697 3692 coss.
717 3639 773 3692 set.
790 3627 889 3692 666566.
905 3632 1032 3692 lisama.
1054 3647 1127 3710 pap.
1153 3629 1228 3703 955,

202 3715 231 3774 ’.
248 3714 351 3776 Paris.
374 3715 469 3788 5687,·
487 3715 519 3774 S.
535 3714 715 3794 Augustinus
730 3731 778 3796 cp.
799 3714 960 3775 tatinum.
977 3714 1018 3773 55
1035 3727 1104 3806 app.
1125 3711 1231 3770 56669

157 3794 215 3859 ccl.
237 3797 311 3874 660,
330 3793 399 3858 edit.
420 3795 557 3856 Mauris.
581 3797 680 3860 Versat.
698 3797 793 3870 5799,·
818 3798 848 3857 S.
869 3795 998 3858 lsidorus
1025 3791 1171 3869 iirspsien.
1194 3787 1230 3850 de

157 3875 261 3940 eccles.
293 3873 378 3959 Offiu.
403 3875 454 3939 td.
475 3879 494 3938 2
519 3897 585 3960 cop.
612 3879 722 3960 dpcy.
747 3878 806 3939 579
830 3895 899 3959 opp.
919 3875 988 3938 edit.
1015 3871 1118 3934 Paris.
1137 3871 1212 3932 5605
1221 3915 1229 3932 .

158 3965 197 4022 Et
211 3977 284 4022 vero
296 3959 394 4040 gravis
408 3959 529 4020 crimina
543 3979 601 4020 non
613 3967 727 4019 tontum
741 3958 897 4038 publicaet
908 3957 1069 4032 manifesto,
1082 3951 1230 4014 sedetiam

158 4041 274 4104 occulta
292 4041 537 4123 irregularitatem
556 4041 745 4104 inducebant.
763 4039 821 4103 Sed
837 4048 901 4101 orta
920 4039 1055 4116 deinceps
1082 4036 1159 4096 iuter
1174 4053 1231 4114 pu-
