3164 5174
566 475 615 489 -.
640 433 712 506 509
737 477 785 490 .-

143 593 199 682 est,
213 585 263 680 qui
277 559 577 664 praetervolantium
591 582 743 646 bominem
760 573 924 662 interierit,
938 603 999 646 non
1012 585 1144 648 adbibita
1159 586 1207 650 di-

142 669 274 748 bgentra,
299 685 388 746 mam
413 665 555 728 adbibere
573 675 709 745 opoptet:
729 685 795 750 eop.
810 669 844 746 7,
865 669 900 746 8,
924 669 963 729 tu
986 664 1022 728 de
1048 665 1205 748 bomioril„

141 751 245 830 qrriqoe
263 749 421 810 fortuitum
442 747 635 810 homicidium
655 748 790 826 admisit,
817 768 885 811 oum
901 768 966 810 rem
991 750 1128 826 vetitam,
1147 751 1209 811 sive

140 833 267 893 illicitam
281 840 396 914 gereret
409 849 477 912 cop.
496 831 533 892 49
549 828 613 892 eod.
639 832 696 908 Qui
710 840 808 892 autem
821 849 885 892 rem
907 831 1066 908 medioam,
1083 841 1135 894 aut
1148 831 1208 892 ebi-

141 915 284 996 rurgioam
298 919 507 989 marcuerunt,
522 929 590 973 eum
608 922 688 974 reete
703 915 790 992 periti
808 914 886 974 ‘artis
902 923 1014 992 ment,
1032 931 1209 994 omnemque

143 997 170 1057 iu
185 995 325 1058 curandis
340 997 457 1078 egrotis
474 1013 575 1056 euram
593 1013 626 1056 oo
645 996 829 1077 diligentiam
846 996 1063 1073 adhibuerunt,
1082 997 1107 1057 si
1121 997 1208 1076 poulo

143 1079 301 1140 arenatius
323 1078 516 1158 expendimus
537 1078 705 1140 eanonicam
723 1078 1003 1158 jurisprudentiam,
1033 1079 1209 1160 irregulares

143 1180 198 1224 oon
211 1168 298 1238 suut,
314 1161 384 1222 lioot
399 1169 526 1242 aegrotus
538 1161 643 1239 aliquis
657 1161 823 1224 decesserit.
844 1186 859 1214 «ι
872 1160 988 1240 Pbysiei
1002 1161 1046 1222 vel
1059 1161 1208 1244 chirurgi,

142 1245 164 1304 si
174 1244 259 1323 periti
266 1248 327 1303 siut
337 1245 369 1304 in
379 1251 442 1304 orte
453 1251 483 1303 et
493 1243 568 1304 nibil
575 1244 737 1306 omiserunt
746 1243 783 1306 de
795 1241 1043 1325 oontiugeutibus‚
1054 1253 1082 1305 et
1095 1243 1208 1306 babue-

142 1325 199 1386 rint
211 1344 300 1404 super
315 1325 371 1385 boo
381 1343 480 1386 sanam
499 1326 720 1403 conscientiam,
736 1333 875 1406 poterunt
888 1327 1071 1405 promoveri,
1087 1326 1111 1386 si
1124 1345 1208 1386 eausa

143 1425 240 1468 eorum
252 1407 365 1486 aliquid
377 1407 408 1467 in
422 1405 543 1468 bomine
553 1409 723 1488 eontigerit,
737 1433 751 1462 n
767 1409 865 1486 inquit
875 1411 907 1470 S.
921 1411 1025 1469 Petrus
1037 1407 1209 1468 Coelestinus

141 1489 172 1549 in
285 1534 293 1549 .
312 1492 331 1550 7
345 1497 429 1571 port.
445 1493 465 1551 4
480 1499 549 1552 sect.
571 1492 586 1550 4
604 1509 671 1572 cop.
689 1492 706 1550 5
723 1497 796 1551 tom.
811 1491 851 1551 bd
866 1486 1008 1550 ottttort.
1029 1491 1109 1565 ΡΡ.,
1134 1487 1206 1549 edit.

142 1573 206 1654 Lep
226 1591 280 1632 un.
300 1590 334 1653 p.
350 1573 421 1632 822.
440 1570 539 1634 Nihilo
552 1579 650 1632 tumen
664 1574 762 1633 minus
779 1591 847 1632 eum
864 1570 896 1632 bi
914 1569 1068 1633 ordinibus
1087 1569 1209 1631 initian-

144 1661 204 1729 tur,
216 1654 350 1731 quomam
370 1680 383 1708 a
394 1663 474 1714 certo
487 1673 545 1714 non
557 1655 669 1730 sciunt,
684 1663 718 1714 ut
727 1655 769 1716 oit
782 1654 957 1716 Benedictus
967 1655 1036 1714 XIV
1051 1651 1087 1714 de
1097 1651 1204 1735 synod.

143 1733 255 1796 dieseos.
278 1732 324 1797 to.
343 1738 381 1797 to
401 1755 468 1818 top.
487 1739 527 1796 to
541 1755 625 1798 nont.
644 1739 681 1810 4,
701 1755 817 1816 semper
831 1755 899 1796 usos
912 1737 1001 1797 tuisse
1020 1735 1157 1796 omnibus
1171 1735 1208 1795 ab

144 1826 207 1878 erte
223 1819 393 1898 proscriptis
413 1819 524 1898 regulis
538 1819 576 1879 ud
595 1818 799 1897 expellendum
819 1818 972 1896 morbum,
992 1818 1042 1895 qui
1065 1825 1208 1898 regnotum

145 1900 304 1976 interemit,
319 1899 376 1960 sibi
393 1901 486 1961 tutius
501 1899 652 1961 oonsulere
671 1903 837 1980 cupientes,
851 1901 1043 1981 rescriptum,
1059 1899 1105 1959 vel
1120 1899 1209 1959 breve

143 1981 358 2061 dbpemutiouis
372 1981 409 2042 ab
424 1983 640 2064 irregularitate
657 1983 695 2044 ud
711 1983 852 2044 seutdom
871 1991 1006 2066 satagunt
1025 1981 1170 2042 obtinere.
1187 2006 1201 2036 n

143 2067 175 2126 Et
194 2065 262 2124 lieet
277 2065 347 2124 olim
363 2065 460 2125 uertat
475 2083 534 2125 non
549 2063 779 2144 prohiberentur
791 2065 935 2126 medieam
948 2075 1041 2127 artem
1054 2081 1206 2138 exeruere,

141 2163 215 2207 nune
229 2154 329 2208 tumen
346 2146 377 2207 id
393 2147 464 2226 ipsis
480 2147 605 2207 vetitum
623 2153 689 2206 ests
705 2147 809 2208 eoncil.
834 2151 1027 2209 Laterananse
1044 2148 1083 2206 22
1100 2163 1169 2206 ooo.
1187 2147 1206 2206 9

141 2225 193 2290 rol.
209 2231 289 2290 ttoe
308 2237 378 2289 toro.
397 2231 450 2305 tt,
468 2226 574 2290 consil.
592 2226 659 2290 toll.
676 2229 783 2290 labbei
800 2249 826 2290 r.
844 2231 863 2290 5
880 2238 909 2291 et
922 2233 972 2291 40.
990 2232 1036 2292 Ne
1048 2225 1146 2290 eterit.
1163 2224 1209 2288 orl

35 2315 37 2352 ³
140 2309 296 2386 monoelr.,·
317 2311 442 2390 ideoque
462 2311 617 2390 apostoliea
638 2312 741 2387 venia,
759 2313 822 2374 sive
843 2312 959 2374 indulto
982 2331 1055 2392 opus
1079 2309 1206 2384 babent,

35 2417 37 2448 r
140 2401 170 2453 ut
194 2403 289 2454 artem
315 2393 393 2454 ibam
418 2411 554 2454 exerrare
573 2394 695 2472 possint.
721 2397 794 2471 Ques
815 2395 899 2455 venia
924 2395 1094 2456 oonoeditur
1120 2393 1208 2454 sertis

35 2473 36 2542 ἴ
139 2475 253 2554 adjectis
267 2475 391 2554 ligibus,
404 2495 476 2555 quas
491 2484 626 2536 numerat
639 2476 813 2538 Benedictus
827 2479 896 2539 XIV
911 2475 947 2540 de
959 2475 1067 2561 synod
1088 2473 1204 2538 diuers.

35 2561 36 2588 i
141 2554 188 2620 bb.
204 2560 243 2620 45
264 2576 331 2639 cop.
348 2560 388 2618 to
401 2577 487 2619 nom.
504 2560 534 2619 8.

176 2639 218 2722 (4)
238 2640 325 2736 Olim·
337 2639 585 2738 mbilintorerot,
601 2659 674 2702 num
694 2641 761 2720 quis
784 2639 852 2736 dolo
871 2640 963 2715 mdo,
980 2658 1018 2700 an
1038 2638 1077 2700 ob
1094 2637 1207 2735 suitu-

35 2857 36 2884 ,
138 2721 221 2882 iii?
229 2720 1098 2886 ltfflttttt‘tltttt:ttlptt‘dltdutltt
1111 2719 1208 2898 titt

35 2905 36 2928 i
138 2895 228 2964 potest
249 2905 289 2949 ex
313 2905 378 2969 cop.
401 2889 441 2948 rt
460 2885 496 2948 do
517 2884 658 2950 homicid.
679 2888 737 2950 Sed
757 2887 892 2950 clemens
908 2891 934 2950 V
952 2885 985 2947 in
1010 2884 1099 2947 Cion.
1123 2904 1205 2946 unm.

139 2967 197 3031 eod.
217 2971 269 3032 rit.
285 2969 478 3050 irregularem
493 2989 552 3032 non
566 2987 629 3031 esse
646 2969 799 3049 respondit
811 2987 896 3046 eum,
915 2968 971 3053 qai
981 2977 1108 3029 mortem
1121 2965 1208 3028 aliter

138 3050 228 3114 uitare
238 3069 305 3113 uon
317 3049 421 3113 uolens
434 3070 524 3113 suom
538 3051 642 3113 oceidit
646 3098 656 3130 ,
669 3049 716 3113 oei
729 3049 881 3114 mutilavit
892 3051 1070 3113 invasorem·

174 3133 215 3218 (b)
240 3131 335 3197 clm.
351 3152 405 3194 oo.
418 3130 601 3196 deltomieid.
613 3132 729 3196 votum.
745 3131 792 3196 uel
802 3131 918 3197 mosol.

180 3289 211 3390 ς.
246 3290 309 3361 IV.
344 3289 498 3362 Deiectus
530 3293 595 3360 sire
632 3293 766 3382 vitium,
801 3291 852 3361 rel
884 3308 932 3363 est
964 3291 1131 3388 eorporis,
1157 3289 1213 3361 rel.

138 3391 245 3460 animi.
279 3387 369 3458 Vitio
390 3391 534 3487 eorporis
559 3388 749 3484 irregulares
778 3405 874 3480 sunt,
907 3393 964 3488 qui
991 3413 1057 3460 non
1085 3388 1207 3459 habent

140 3503 290 3577 aetaoem,
333 3513 432 3584 quam
465 3513 526 3584 pro
571 3487 704 3584 siugulis
742 3486 911 3559 ordinibus
951 3489 1030 3559 sacri
1070 3513 1207 3561 canones

139 3589 342 3657 constituunt
370 3601 403 3656 et
428 3612 527 3682 quam
549 3587 708 3682 superiori
729 3585 800 3659 loeo
825 3585 1049 3684 descripsimus
1073 3585 1139 3682 (4).

175 3757 216 3839 (4)
238 3757 320 3821 Vide
335 3757 380 3818 tit.
398 3761 417 3820 4
433 3767 501 3820 sect.
521 3757 579 3840 4).
599 3763 648 3821 ld.

181 3913 212 4012 §.
252 3913 296 3982 V.
339 3912 404 3984 Sed
439 3918 643 4012 potissimum
687 3917 729 3988 ad
767 3917 855 3989 buno
888 3917 998 3988 looum
1041 3915 1207 4008 pertinent

139 4011 391 4107 irregularitates
427 4039 562 4104 eorum,
607 4018 664 4112 qui
703 4018 820 4111 insigni
857 4014 964 4110 aliqua
1003 4011 1208 4086 deformitate
