3100 5182
784 426 1008 496 -ttt-

358 576 551 646 munionem
577 571 752 644 ostendant
780 573 847 670 (i).
879 570 1000 642 lisdem
1019 570 1067 642 de
1108 572 1210 644 causis
1230 567 1328 664 longa
1356 594 1436 642 con-
1537 653 1538 664 .

355 671 529 742 suetudine
552 685 682 766 recepta
710 670 783 767 (2),
812 688 846 741 et
871 672 991 766 scripta
1014 672 1112 740 etiam
1140 667 1212 763 lege
1240 667 1435 740 confirmata

357 784 405 838 est
441 771 579 839 visitatio
611 793 776 840 sacrorum
810 767 963 838 liminum
1006 765 1226 862 apostolorum
1268 766 1357 836 Petri
1399 782 1436 836 et

356 865 470 954 Pauli,
505 891 605 962 qnam
640 891 754 937 omnes
786 866 927 961 episcopi
968 867 1063 936 variis
1104 863 1307 960 temporibus
1338 887 1436 958 expe·

358 961 428 1032 dire
457 962 598 1048 debent3
636 964 791 1034 nimirum
822 987 1023 1059 unoquoque
1051 963 1191 1032 triennio
1222 961 1340 1058 quiin
1372 959 1437 1030 lta-

357 1058 399 1130 lia
443 1059 622 1157 insulisque
670 1058 911 1157 adjacentibus,
962 1061 998 1130 in
1044 1057 1226 1146 Dalmatia,
1271 1055 1436 1128 finitimis·

358 1183 422 1253 que
460 1156 650 1230 Graecorum
685 1157 870 1252 regionibus
905 1171 1162 1229 commorantur.
1204 1154 1313 1226 Ceteri
1355 1179 1435 1224 vero

357 1257 519 1352 episcopi,
546 1257 605 1352 qui
637 1254 765 1348 longius
796 1255 936 1344 absunt,
966 1257 1052 1324 intra
1082 1270 1223 1350 quatuor
1256 1267 1313 1322 aut
1337 1253 1438 1348 quin-

358 1377 443 1446 que,
470 1369 528 1422 aut
554 1355 652 1424 etiam
674 1350 787 1423 decem
812 1377 934 1442 annos,
960 1375 1022 1448 pro
1045 1349 1170 1421 diversa
1200 1349 1347 1422 locorum
1369 1347 1436 1420 dis-
1470 1433 1476 1444 Ι

359 1451 459 1518 tantia
498 1450 566 1545 (5).
604 1450 678 1520 Pari
703 1449 775 1546 lege
814 1449 912 1548 hujus
954 1450 1141 1518 visitationis
1180 1448 1434 1542 obstringuntur

358 1545 509 1636 abbates,
546 1549 689 1644 priores,
736 1549 902 1644 prepositi
943 1549 1109 1644 ceterique
1154 1571 1287 1634 omncs,
1333 1545 1434 1614 etiam

358 1643 555 1733 cardinales,
596 1647 653 1742 qui
686 1648 898 1732 monasteria,
931 1659 989 1714 aut
1024 1643 1170 1715 ecclesias
1199 1641 1322 1714 habent
1355 1666 1433 1712 cum
1537 1705 1538 1714 .

352 1740 581 1833 jurisdictione
621 1743 712 1836 quasi
749 1741 945 1837 episcopali,
992 1746 1031 1812 'ac
1081 1743 1245 1812 territorio
1286 1751 1434 1834 separato

358 1837 425 1932 (d).
458 1836 525 1922 Qui
553 1836 692 1908 definito
717 1853 866 1936 tempore
889 1840 987 1932 justis
1013 1839 1182 1910 decausis
1210 1862 1269 1908 suo
1296 1861 1435 1906 munere
1537 1909 1538 1914 .

358 1933 451 2029 fungi
478 1950 666 2031 nequeunt,
691 1959 799 2005 causas
823 1939 906 2033 ipsas
921 1939 1023 2034 jurati
1055 1933 1174 2007 docere
1196 1934 1337 2024 debent,
1362 1933 1436 2004 Ro-

359 2055 513 2128 mamque
561 2035 692 2114 mittere
729 2049 976 2128 procuratorem
1020 2036 1127 2104 virum
1164 2031 1432 2119 ecclesiasticum,

360 2131 417 2224 qui
433 2128 509 2200 huic
522 2129 586 2224 legi
601 2129 771 2201 satisfaciat
784 2130 854 2227 (5).

399 2273 441 2357 (t)
462 2277 587 2338 Consule
597 2275 788 2338 benedictum
802 2277 872 2338 XIV
885 2277 918 2338 in
931 2275 1061 2358 append.
1078 2284 1149 2338 tom.
1168 2279 1202 2354 t,
1219 2275 1284 2360 ejus
1299 2271 1437 2337 Baliarir'

359 2375 444 2418 nam.
471 2361 486 2418 t
514 2378 586 2441 pop.
612 2359 688 2434 570,
715 2355 784 2418 edit.
806 2359 907 2420 nocto
926 2361 1027 2458 tvm,
1046 2357 1098 2419 ubi
1114 2359 1152 2420 de
1167 2358 1224 2420 hoc
1241 2366 1302 2420 toto
1317 2356 1435 2438 negotio

359 2438 514 2500 instructio
528 2441 714 2520 proponitur.
1537 2477 1538 2484 .

400 2518 442 2601 (2)
465 2525 539 2582 Coo.
558 2525 578 2582 t
594 2521 664 2583 diat.
681 2522 733 2582 95.
752 2521 808 2597 Qui
824 2539 950 2582 canona
972 2521 1110 2585 Gratiano
1132 2520 1276 2582 tribuitur
1298 2519 1437 2583 Anaeteto

359 2608 389 2660 ct
403 2603 561 2664 Zacharia.
578 2607 690 2665 Verum
704 2603 835 2664 Anacleti
849 2611 929 2664 certe
943 2621 1002 2664 non
1014 2611 1073 2680 est,
1089 2602 1141 2664 sed
1158 2603 1255 2682 potius
1268 2601 1438 2663 adscribeu·
1537 2601 1538 2684 ᾗ

359 2681 414 2743 dus
431 2684 595 2761 Zacharia,
612 2685 655 2746 uti
671 2691 755 2763 putat
771 2683 958 2746 Sebastianus
976 2685 1122 2747 Berardus
1147 2684 1290 2747 Gratiam
1307 2700 1454 2745 conones.

357 2763 674 2908 &mmipggetcris
694 2764 814 2828 discreti
838 2773 910 2843 etc,
937 2769 1048 2848 paud
1071 2785 1137 2850 rap.
1159 2769 1178 2828 2
1189 2785 1263 2850 pop.
1285 2767 1339 2845 5⁷,
1361 2763 1435 2828 edit.

400 2926 443 3007 (5)
464 2929 570 2989 Confer
583 2928 822 2988 constitutionem
835 2929 988 2990 acaunus
1002 2928 1146 3012 Pontifex
1159 2931 1215 3008 rt,
1231 2929 1344 2991 Sixtiv
1361 2935 1434 2988 tom.
1537 2885 1538 2934 3

359 3009 463 3088 *W-
480 3011 585 3148 dppp.
604 3009 663 3068 1⁷5
679 3005 1105 3074 BulloriiMaivtordi.1585,
1537 3033 1538 3040 ,

361 3085 506 3252 radii&
521 3171 571 3246 ra,
587 3169 658 3231 eurr.
675 3168 724 3230 ar.

401 3249 443 3331 (a)
465 3251 541 3312 vua
554 3251 604 3313 co.
621 3251 866 3315 enarrassem
879 3253 1160 3337 racusanus.
1177 3257 1208 3316 c.

408 3381 440 3480 ς.
470 3381 530 3452 XI.
559 3384 602 3454 Et
620 3387 696 3481 quia
718 3403 806 3458 recte
833 3411 892 3457 suo
918 3385 1011 3482 fungi
1037 3411 1174 3459 munere
1200 3385 1343 3484 episcopi
1372 3409 1438 3455 ne-
1537 3389 1538 3476 ξ

360 3495 506 3577 queunt,
536 3483 597 3552 nisi
628 3485 663 3553 in
697 3481 826 3556 dioecesi
857 3499 1125 3573 commorentur,
1157 3485 1223 3554 sive
1254 3481 1436 3571 resideant,

356 3577 480 3650 idcirco
520 3601 574 3648 cos
618 3578 758 3652 residere
791 3595 922 3678 oportet
956 3582 991 3652 in
1035 3583 1223 3679 episcopatu
1260 3605 1319 3652 suo
1383 3579 1434 3672 i).

360 3677 447 3748 Hinc
474 3677 635 3772 episcopi,
667 3679 724 3772 qui
750 3703 810 3773 per
850 3703 905 3749 sex
937 3695 1113 3776 perpetuos
1153 3701 1280 3750 menses
1320 3675 1361 3748 ab
1376 3701 1439 3747 ue-
1537 3681 1538 3766 J

360 3777 428 3846 rint
456 3799 474 3843 a
504 3771 634 3844 dioecesi
670 3799 748 3862 sua,
780 3777 949 3870 privantur
990 3792 1105 3874 quarta
1138 3790 1232 3874 parte
1267 3774 1437 3845 fructuum

565 3095 639 3149 retus
651 3091 720 3151 xlv
733 3087 857 3149 Constit.
876 3089 963 3169 Quod
977 3102 1084 3156 sancto
1101 3095 1120 3154 ⁷
1135 3101 1206 3155 tom.
1225 3095 1239 3154 t
1247 3137 1258 3170 ,
1275 3091 1345 3176 ejus
1357 3087 1439 3153 Bat-
1537 3135 1538 3138 ,

362 3875 456 3942 unius
490 3871 587 3961 anni,
620 3887 694 3966 qu‘ae
719 3871 917 3944 conferenda
947 3890 997 3944 est
1039 3875 1074 3944 in
1113 3872 1267 3944 fabricam
1294 3872 1439 3944 eoelesiae
1537 3883 1538 3926 ἲ

361 3987 417 4040 aut
443 3971 479 4040 in
498 3967 645 4042 levamen
673 3993 879 4069 pauperum,
914 3969 1063 4046 absentes
1091 3997 1146 4044 sex
1173 3969 1312 4042 aliorum
1338 3995 1439 4041 men-
