3140 5168
848 447 1068 518 -508-

422 607 475 664 est.
502 603 582 662 liano
598 615 667 660 sane
685 595 887 676 loquutionem
904 597 937 658 in
959 597 1064 678 vulgus
1081 595 1215 676 probari,
1236 615 1269 657 ae
1290 596 1424 678 vulgares
1439 597 1476 658 lo-

420 682 530 763 quendi
543 679 644 742 modos
657 679 727 760 ipsis
739 680 877 740 Romanis
889 678 1108 741 lurisoonsultis
1120 679 1256 758 probatos
1267 687 1391 741 onustat.
1403 679 1475 742 Adde

392 807 394 814 ,
417 774 450 826 et
465 763 553 840 illud,
565 761 652 841 ,quod
670 762 724 842 ipsi
746 770 858 822 veteres
880 761 1002 823 llomani
1020 761 1162 841 sponsalia
1181 759 1216 823 ale
1231 761 1376 844 praeusti
1381 807 1390 838 ,
1414 781 1477 840 qua-

183 893 188 910 .
272 847 276 858 '
418 849 458 908 lia
471 863 594 908 mounes
609 851 784 924 agnoscunt,
800 843 880 904 hand
899 843 1046 924 ignorasse
1061 842 1215 922 videntur,
1231 842 1312 923 quod
1328 853 1407 906 reete
1425 853 1476 903 tra·

128 931 144 972 ·“
168 933 175 1004 ,³
258 921 262 930 '
420 930 464 991 dit
477 923 769 1008 lluberusobajur.
785 922 837 986 lib.
853 927 872 987 2
888 944 955 1008 cop.
972 927 1002 988 8.

270 1085 273 1092 ’
396 1109 397 1114 ’
437 1083 497 1186 §.
533 1082 605 1155 CX.
629 1081 797 1179 Sponsalia
817 1107 972 1155 consensu
1005 1083 1241 1180 perficiuntur,
1267 1107 1373 1180 eaque
1400 1099 1474 1154 reete

421 1183 621 1257 contrahunt
652 1206 782 1270 omnes,
811 1183 868 1278 qui
899 1183 934 1250 in
960 1179 1107 1251 loturum
1133 1183 1382 1252 matrimonium
1407 1208 1475 1252 cnu-

417 1284 550 1364 tentire,
569 1293 716 1377 possunt.
743 1279 885 1368 Furiosi,
910 1294 1073 1368 amentes,
1107 1281 1254 1376 itemque
1285 1283 1401 1376 pueri,
1427 1283 1474 1376 qui

419 1380 569 1453 nondum
609 1404 628 1447 e
671 1379 840 1474 septennio
878 1391 1100 1468 excesserunt,
1136 1377 1251 1448 eadem
1294 1377 1473 1449 contrahere

419 1477 571 1550 vetantur
600 1475 674 1572 (l);
705 1473 759 1546 aad
793 1476 930 1574 majores
955 1490 1078 1572 septem
1107 1477 1220 1566 annis,
1243 1478 1301 1572 qui
1326 1499 1386 1547 suo
1404 1499 1474 1546 eon-

421 1603 515 1648 sensu
543 1574 667 1645 luturas
699 1573 827 1669 nuptias
858 1571 995 1669 probare
1022 1587 1178 1668 possunt,
1208 1589 1295 1645 recte
1327 1573 1384 1644 illa
1406 1599 1474 1645 eon-

423 1675 553 1760 ciliant3
592 1670 720 1759 modu,¹
749 1673 775 1741 si
809 1673 874 1742 sint
908 1669 968 1741 filii
1004 1669 1156 1761 familias,
1192 1687 1343 1768 parentas
1377 1698 1474 1743 assem

420 1776 562 1859 tiantur,
600 1785 656 1840 aut
678 1768 791 1838 saltem
817 1793 884 1840 uon
915 1769 1128 1856 dissentiant,
1160 1793 1235 1865 quae
1262 1770 1415 1840 naturalis
1435 1785 1474 1839 eat

419 1869 619 1956 reverentia,
651 1893 716 1964 qua
739 1865 823 1938 filios
846 1869 1000 1964 prosequi
1024 1865 1117 1938 decet
1144 1882 1295 1964 parentes
1318 1893 1391 1940 suos
1415 1865 1470 1964 (l).

419 1967 583 2054 Quoniam
612 1989 688 2036 vero
720 1965 883 2062 impuberi
908 1965 1032 2036 lubrica
1063 1980 1160 2054 aetas,
1193 1982 1293 2061 atque
1325 1967 1473 2038 iuoerturn

420 2083 453 2138 et
489 2087 634 2162 praeceps
670 2063 840 2136 eonsilium
876 2080 946 2154 est,
983 2059 1056 2134 ideo
1093 2079 1201 2160 potest
1232 2085 1251 2133 a
1285 2063 1473 2162 sponsalibus

420 2161 555 2249 resilire,
580 2186 655 2232 eum
675 2161 831 2256 pubertas
852 2159 981 2234 advenit
1003 2159 1068 2258 (5).
1095 2161 1161 2257 lpsi
1183 2187 1315 2260 quoque
1336 2177 1473 2258 parentes

418 2287 479 2356 pro
513 2258 588 2331 filiis
613 2257 837 2354 impuberibus
872 2257 950 2332 dare
981 2275 1118 2356 possunt
1149 2257 1252 2330 loturi
1288 2260 1472 2330 matrimonii

418 2357 540 2443 lidem3
579 2371 613 2426 at
647 2381 685 2428 ea
714 2355 773 2428 filii
806 2359 867 2454 ipsi
898 2384 966 2430 non
999 2355 1205 2452 obligantur,
1246 2361 1305 2430 nisi
1334 2381 1471 2454 expresse

419 2473 476 2528 aut
511 2457 605 2526 tacite
643 2457 883 2546 consenserint,
922 2471 1097 2553 postquam
1139 2453 1278 2552 puberes
1312 2469 1472 2526 eraserunt

418 2555 485 2652 (4).
514 2551 580 2624 Sed
608 2569 642 2626 et
671 2579 732 2650 pro
753 2551 828 2624 filiis
852 2553 1031 2651 puberibus
1056 2569 1207 2651 parentes
1230 2553 1384 2652 sponsalia
1403 2577 1472 2624 eon·

419 2653 547 2724 trabere
581 2667 739 2750 possunt,
776 2677 889 2723 rerum
924 2668 961 2722 ut
993 2679 1029 2724 ea
1061 2654 1126 2722 vim
1161 2651 1322 2743 habeant,
1352 2651 1470 2726 illorum

420 2775 577 2823 consensu
602 2775 684 2848 opus
712 2765 761 2822 est
792 2745 1331 2846 (15).Χ

457 2911 499 2992 (1)
520 2913 591 2994 Lep.
608 2913 627 2974 8
640 2919 668 2972 et
683 2909 767 2994 liff.
786 2908 821 2972 de
835 2908 972 2992 Sponsol.
989 2931 1015 2972 e.
1035 2913 1071 2974 l5
1086 2910 1121 2974 oe
1135 2907 1266 2994 nepos.

456 2993 498 3076 (2)
519 2995 588 3077 lep.
614 2997 632 3055 7
645 2991 680 3076 ff.
704 2991 740 3054 «te
764 2989 957 3076 Sponsolibus
981 3013 1047 3056 eon.
1067 2995 1079 3056 1
1100 3003 1129 3056 et
1154 2997 1172 3056 5
1195 3014 1278 3056 euru.
1307 2999 1349 3058 50
1369 3015 1415 3078 pu.
1442 2993 1467 3051 s.

418 3079 459 3138 Aa
477 3075 621 3156 sponsalia
640 3074 760 3152 quidem
778 3095 794 3136 a
815 3069 1008 3137 liliisiamilias
1033 3078 1105 3138 inita
1127 3077 1298 3156 parentibus
1322 3079 1415 3140 inseiis
1427 3073 1467 3132 tel

413 3159 491 3237 juste
505 3158 621 3234 invitis,
643 3157 754 3218 etiamsi
766 3157 864 3236 jurata
884 3159 957 3234 sint,
978 3157 1089 3219 nullius
1110 3160 1250 3220 momenti
1267 3177 1346 3236 esse,
1361 3159 1468 3220 demon-

414 3248 489 3316 strat
502 3243 551 3302 Fr.
567 3241 607 3302 ll.
626 3239 797 3300 liuseettula
811 3237 883 3301 elisa
905 3237 940 3301 sle
953 3241 1059 3322 Spona.
1078 3247 1108 3302 et
1118 3240 1258 3303 Matrim.
1277 3261 1346 3326 quse
1360 3236 1468 3384 osilia-

414 3319 552 3404 somilios
565 3317 783 3382 contrabantur
796 3319 970 3404 parentibus
983 3321 1085 3384 inscias
1098 3321 1144 3384 uel
1149 3323 1232 3406 juata
1243 3323 1362 3402 irruitis,
1396 3319 1435 3383 sl.
1450 3321 1467 3378 l

416 3423 501 3466 raum.
519 3405 577 3465 115
591 3413 692 3486 etseq.
708 3421 780 3486 pop.
798 3405 856 3464 107
872 3411 971 3487 etseq.
988 3403 1035 3466 ed.
1050 3407 1134 3466 lione
1151 3407 1241 3468 itta.

454 3485 485 3565 (5
521 3488 593 3568 Cup.
610 3487 629 3545 8
645 3481 680 3545 sle
694 3487 871 3566 Desponaot.
886 3484 1031 3568 impubes.

456 3569 486 3649 (l
517 3571 609 3630 Vetus
633 3567 785 3646 disciplina
805 3575 885 3644 erat,
907 3577 941 3628 ut
961 3579 1096 3647 parentes
1113 3586 1166 3648 pro
1192 3568 1262 3630 liliis
1279 3567 1468 3650 impuberibus

414 3651 557 3731 sponsalia
571 3647 794 3725 contraherent,
810 3667 902 3728 eaque
914 3649 967 3710 filii
983 3653 1057 3731 ipsi,
1076 3669 1144 3712 eum
1159 3651 1197 3712 ad
1209 3652 1394 3732 pubertatem
1408 3667 1468 3729 par-

372 3753 375 3762 *
413 3739 569 3810 venerant,
588 3749 703 3792 servare
724 3730 919 3814 ungebantur,
938 3733 981 3792 uti
1000 3743 1078 3812 patet
1093 3753 1134 3794 *ea
1151 3753 1217 3816 cap.
1242 3737 1256 3794 1
1279 3733 1315 3796 de
1333 3739 1466 3814 Desponsa.

324 3855 326 3858 -
359 3867 363 3876 .
413 3813 559 3897 impariter.
582 3817 693 3874 Verum
711 3811 767 3874 hoe
787 3812 836 3892 jus
857 3813 1007 3895 abrogavit
1025 3816 1120 3878 llonil.
1145 3817 1214 3878 Vlll
1233 3815 1264 3876 in
1287 3819 1320 3879 C.
1345 3815 1419 3878 usia.
1435 3809 1467 3871 sle

369 3906 373 3921 “
412 3901 558 3980 Deaporas.
577 3893 689 3978 impul).
715 3895 749 3957 in
775 3897 808 3972 il,
829 3897 1002 3975 statuitque,
1023 3907 1055 3958 ut
1073 3898 1118 3958 his
1144 3899 1327 3977 sponsalibus
1345 3897 1398 3959 alit
1415 3910 1464 3954 nan

411 3985 582 4054 teneantur,
610 3979 667 4038 nisi
690 3995 723 4038 ea
745 3985 810 4056 post
833 3979 1016 4058 pubertatem
1043 3999 1096 4041 suo
1117 3997 1258 4041 consensu
1279 3977 1462 4060 probaverint.

413 4061 537 4120 Consule
560 4061 669 4122 Bened.
690 4063 759 4123 xlv
779 4069 869 4122 ronst.
886 4057 978 4122 Probe
999 4062 1036 4122 51
1053 4059 1079 4142 §.
1097 4064 1121 4123 b
1136 4069 1207 4124 tona.
1225 4065 1244 4124 5
1261 4061 1379 4126 Bullor.
1395 4075 1460 4141 pop·

412 4141 468 4204 tlt
486 4139 532 4203 ecl.
547 4141 640 4204 indic.
653 4142 696 4226 (5)
712 4141 767 4206 Cit.
781 4159 847 4226 cup.
862 4142 943 4205 unic.
960 4139 986 4224 S.
999 4139 1054 4206 ult.
