3122 5170
650 477 685 534 :;
833 459 981 544 -·’674
1007 509 1056 524 -

320 641 324 652 '
372 687 376 700 .
409 648 469 719 pro
507 619 631 717 populo
671 615 829 705 fundunt,
867 630 908 686 et
948 643 1022 686 curn
1063 614 1114 686 alii
1157 617 1221 686 sint
1252 615 1384 703 elarini,
1422 619 1473 712 qui

203 770 258 806 ·r.
287 798 291 806 A
321 787 323 792 ,
408 718 558 792 omnibus
588 717 772 812 Iunguntur
819 714 1025 803 muneribus,
1067 737 1144 810 quae
1181 737 1240 811 pro
1284 713 1472 785 christiano·

305 847 310 859 ’
379 811 482 888 'rum
511 817 668 911 regimine
702 829 736 884 et
765 812 867 884 salute
884 807 974 883 'sunt
1001 837 1195 900 necessaria,
1229 828 1318 888 recte
1350 811 1471 884 ecelesia

408 913 565 1012 quosdam
595 913 652 982 alit
684 911 842 1000 clericos‚'
864 933 1005 1008 quorum
1036 912 1204 1007 occupatio
1237 911 1270 982 iu
1306 909 1471 982 fundendis

405 1013 556 1109 precibus
583 1027 617 1083 et
648 1009 755 1080 altaris
779 1011 956 1080 ministerio
989 1007 1094 1080 defixa
1123 1025 1173 1080 est
1200 1007 1266 1105 (ἓ).

460 1185 489 1264 t)
510 1189 584 1267 Cap.
600 1185 619 1245 ἢ
634 1180 669 1244 cle
682 1181 829 1264 Rescript.
845 1181 878 1243 a'o
892 1183 923 1244 6.

460 1265 490 1348 2)
510 1265 684 1346 Huiusmodi
699 1265 887 1340 clericorum,
903 1283 1030 1344 quorum
1048 1271 1164 1325 tantum
1179 1271 1243 1324 crat
1260 1263 1348 1325 altari
1369 1265 1471 1324 secure

407 1370 439 1411 ac
450 1350 584 1430 precibus
602 1357 632 1410 et
648 1349 773 1410 orationi
789 1365 907 1422 vacare,
926 1347 987 1425 jam
1006 1349 1047 1410 ΙΙΙ
1062 1365 1129 1407 saec.
1156 1344 1283 1408 habebat
1303 1345 1420 1406 ecclesia
1444 1353 1470 1406 et

407 1451 509 1494 eorum
519 1431 639 1512 quidem
653 1430 764 1492 mentio
778 1439 820 1490 ast
834 1427 912 1509 apud
923 1433 1012 1509 Cypr.
1027 1447 1074 1510 ep.
1093 1431 1106 1490 t
1122 1447 1156 1511 p.
1174 1429 1233 1490 {69
1246 1426 1293 1490 erl.
1310 1427 1363 1491 cit.

454 1587 485 1690 ς.
513 1587 604 1660 VIII.
633 1585 759 1659 Cuncta
792 1585 870 1657 olim
903 1583 1061 1657 beneficia
1096 1583 1278 1656 residentia
1312 1583 1384 1680 lege
1423 1598 1471 1654 te-

408 1687 587 1775 rebantur,
636 1684 691 1756 sed
734 1685 828 1781 lapsu
867 1699 1054 1780 temporum
1098 1682 1267 1754 reditibus*
1297 1683 1471 1754 imminutis

406 1783 660 1873 beneficiorum,
695 1780 775 1853 adeo
816 1797 853 1854 ut
889 1807 928 1853 ex
960 1783 997 1851 iis
1028 1780 1134 1852 clerici
1171 1782 1346 1853 neceuaria
1375 1781 1471 1878 perci·

406 1910 484 1982 pera
516 1907 585 1954 nou
611 1897 760 1978 possent,
796 1878 1031 1952 consuetudine
1058 1878 1231 1951 inductum
1258 1895 1327 1965 est,
1357 1895 1396 1949 ut
1423 1877 1471 1948 bo·

406 1980 523 2053 neficio
553 1980 663 2050 donati
693 1979 817 2050 fructus
849 1994 1020 2076 caperent,
1054 1975 1131 2048 licat
1163 1979 1199 2048 in
1228 1976 1383 2048 beneficii
1405 1976 1471 2047 loco

408 2105 475 2152 non
494 2094 719 2167 morarentur,
744 2093 782 2148 ut
814 2077 874 2147 sibi
904 2079 1025 2146 rictum
1054 2074 1129 2146 alibi
1157 2092 1385 2172 compararent
1406 2074 1467 2170 (l).

405 2179 503 2250 Nunc
536 2178 633 2272 igitur
667 2177 725 2272 qui
754 2175 803 2246 his
830 2172 995 2245 benefieiis
1030 2171 1202 2262 fruuntur,
1234 2189 1366 2244 tantuna
1391 2171 1471 2242 dele

355 2293 358 2300 ’
405 2291 483 2344 runt
513 2291 680 2346 tonsuram
707 2299 744 2344 ac
776 2289 878 2344 vestes
911 2271 1070 2343 clericales
1104 2287 1137 2344 et
1179 2271 1272 2342 horas
1310 2273 1471 2343 canonicas

407 2372 553 2470 quotidie
574 2371 775 2470 persolvunt.

445 2523 486 2606 (t)
509 2521 649 2586 Gouzalez
661 2521 694 2580 io
704 2540 730 2582 c.
749 2525 946 2604 Conquereota
957 2541 988 2580 n.
1004 2521 1024 2580 2
1038 2515 1155 2582 declar.
1171 2537 1232 2581 oon
1246 2519 1336 2582 raeiri.

451 2669 482 2768 §.
512 2667 572 2738 lx.
600 2667 723 2737 Rursus
767 2668 826 2738 alia
872 2667 1029 2738 beneficia
1074 2681 1170 2756 suut,
1211 2691 1289 2764 quae
1336 2669 1470 2767 majora,

404 2769 483 2857 alia,
522 2791 598 2864 quae
640 2766 766 2836 minora
798 2763 1016 2862 appellantur.
1055 2763 1179 2863 Majora
1220 2781 1317 2855 sunt,
1360 2765 1470 2861 quibus

405 2865 533 2940 baerent
566 2865 728 2962 principes
766 2865 801 2933 in
834 2861 973 2934 Ecclesia
1000 2862 1117 2958 gradus
1153 2889 1228 2934 cunr
1252 2889 1331 2934 cura
1358 2867 1470 2933 anima

404 2991 477 3036 ram
514 2979 547 3034 at
587 2987 674 3033 sacra
694 2961 946 3127 purisdiotiouQ
986 2961 1093 3058 qualia
1132 2959 1293 3033 beneficia
1328 2961 1472 3033 obtinent

403 3087 550 3134 summus
594 3061 692 3131 Ponti
707 3085 765 3148 ax,
805 3057 1012 3156 patriarchae,
1044 3059 1150 3130 arobie
1175 3061 1294 3156 iscopi,
1337 3061 1471 3158 episcopi

351 3171 354 3174 '
402 3177 437 3230 et
472 3159 603 3230 abbates
628 3183 703 3228 curu
737 3160 827 3254 quasi
863 3156 1035 3254 episcopali
1061 3085 1301 3255 jurisrlictione.
1325 3157 1469 3256 Reliqua,

402 3281 476 3355 quae
508 3257 592 3326 infra
630 3253 700 3328 haec
733 3271 828 3346 sunt,
866 3257 992 3326 minora
1023 3254 1180 3327 beneficia
1213 3255 1384 3328 dicuntur.
1419 3255 1473 3327 Co

400 3373 508 3426 terum
542 3355 665 3452 majora
699 3351 752 3422 illa
786 3351 942 3424 beneficia
970 3357 1137 3424 communi
1167 3353 1320 3426 beneficii
1345 3359 1474 3427 nornine

402 3477 469 3525 nou
499 3451 840 3550 comprehenduntur3
870 3453 952 3550 quin
985 3477 1027 3522 ne
1059 3451 1224 3547 dignitatis
1255 3452 1392 3549 quidem
1416 3478 1472 3523 ro-

402 3551 537 3638 cabulo,
565 3577 639 3622 cum
655 3551 773 3714 potius
798 3551 863 3620 sint
884 3551 988 3646 apices
1012 3549 1220 3644 dignitatum.

450 3647 480 3747 ᾗ.
508 3649 552 3718 Χ.
583 3649 653 3718 Divi
680 3661 780 3716 untur
817 3651 916 3718 etiam
956 3647 1113 3720 beneficia
1156 3651 1192 3719 in
1238 3647 1403 3721 secularia
1444 3666 1476 3719 at

401 3745 571 3842 regularia.
608 3743 780 3816 Saecularia
818 3761 915 3834 sunt,
959 3771 1034 3842 quaa
1071 3769 1138 3818 non
1177 3749 1239 3818 nisi
1270 3745 1475 3818 sacularibus

401 3843 541 3932 clericis³
587 3841 765 3938 regularia,
817 3867 891 3940 quaa
940 3860 1069 3914 tantum
1113 3844 1316 3939 regularibus
1355 3845 1475 3918 clericis

388 3942 608 4031 tribuuntur,
650 3937 738 4010 unde
775 3963 887 4011 corum
929 3966 1051 4013 nornen
1096 3957 1236 4014 tractum
1283 3959 1343 4015 est.
1392 3943 1474 4014 Hinc

400 4039 556 4128 abbatiae,
612 4055 783 4134 ceteraque
830 4037 937 4110 officia
987 4039 1166 4141 claustralia
1222 4042 1288 4112 suis
1336 4044 1474 4140 propriis
