3142 5188
568 437 617 451 —
642 395 710 466 591
747 439 788 453 -

34 505 36 516 ¹
135 543 345 621 observabant,
373 545 417 607 uti
441 552 553 606 constat
582 563 618 607 ex
642 548 777 622 Cassiano
799 545 865 610 coti.
892 549 928 610 11
969 556 990 608 t.
1021 550 1061 610 16
1087 557 1115 610 et
1146 567 1210 636 seq.

134 647 210 712 pop.
242 629 301 689 568
322 635 427 712 etseq.
451 626 498 690 ed.
517 627 566 688 cit.
596 628 654 690 Sed
675 629 756 690 nulla
773 637 872 691 tamen
893 649 995 690 cerum
1016 630 1210 714 quadraginta

138 711 258 772 dicrum
282 727 440 770 numerum
454 710 603 789 explebat,
620 729 686 772 oum
705 711 763 771 illas
783 712 847 773 dies
870 712 1054 788 Dominioos,
1074 711 1122 773 has
1143 733 1214 776 vero

139 793 230 853 etiam
244 791 368 855 Sabbata
392 793 574 872 exciperent,
590 801 620 853 et
634 794 700 854 ideo
718 801 834 854 tantum
846 811 882 854 ex
903 792 1007 854 diebus
1021 795 1143 876 triginta
1165 815 1215 858 sex

136 875 285 954 jejunium
307 881 467 949 constaret,
483 874 589 956 Chrys.
613 878 702 936 Hom.
727 878 761 937 1Ι
790 875 823 936 in
843 877 949 938 Geras.
974 881 1076 958 capt
1105 881 1213 940 toret

137 977 173 1038 p.
191 959 231 1018 st
245 953 291 1016 ed.
318 955 385 1033 cit,
401 965 431 1017 et
450 957 551 1018 Ambr.
569 953 604 1016 dc
627 955 699 1018 utta
712 976 778 1040 cap.
795 960 836 1018 10
847 975 933 1019 num.
958 959 997 1018 st
1024 965 1095 1020 tom.
1116 963 1131 1022 l
1158 959 1212 1024 ccl.

141 1041 203 1100 655
218 1037 265 1100 ed.
283 1039 356 1100 Veto.
374 1040 468 1117 tsts,
492 1046 580 1117 etque
592 1039 633 1100 ita
655 1039 775 1119 quidem
789 1039 1042 1120 quadragesimam
1066 1059 1159 1122 usque
1175 1043 1214 1104 ad

140 1129 259 1181 aetatem
271 1121 403 1202 Gregorii
416 1123 455 1182 st.
472 1121 654 1182 observatam
667 1122 757 1184 luisse
768 1130 879 1183 constet
892 1139 928 1182 ex
941 1121 1005 1202 ejus
1017 1125 1109 1185 Hom.
1125 1127 1164 1186 16
1181 1125 1214 1186 iu

143 1207 263 1286 Eccos.
278 1211 347 1265 tom.
363 1206 375 1263 1
395 1199 472 1265 tos
489 1222 575 1265 num.
590 1200 748 1292 teotltt
760 1203 807 1266 ed.
820 1205 872 1266 cit.

194 1382 224 1485 §.
260 1383 319 1454 tlt.
356 1383 439 1456 Stati
462 1385 664 1484 je'uniorum
693 1383 761 1458 dies
798 1401 892 1458 erant
919 1387 1017 1458 etiam
1046 1403 1160 1483 quarta
1186 1404 1219 1458 et

142 1499 232 1554 sexta
260 1482 339 1554 seria
368 1485 403 1554 in
434 1412 580 1582 quadibet
619 1481 846 1574 hebdomade,
880 1509 956 1582 quae
992 1485 1119 1582 jejunia
1141 1486 1218 1652 sjam

143 1581 223 1652 inde
253 1607 270 1651 a
296 1583 409 1678 primis
437 1581 560 1654 saeculis
589 1600 719 1680 receptu
752 1598 853 1672 sunt,
877 1581 967 1680 quod
995 1598 1109 1680 quarta
1153 1585 1218 1653 erin

143 1678 251 1751 Judaei
291 1679 349 1750 ad·
372 1678 588 1752 occidendum
631 1679 797 1752 Christum
839 1679 1008 1753 consilium
1063 1682 1217 1769 inierint,

142 1777 224 1848 seria
243 1794 329 1850 sexta
351 1777 574 1850 interfecerint
601 1778 667 1876 (l).
700 1779 829 1878 Jejunia
863 1778 955 1868 haee,
987 1802 1063 1876 quae
1085 1777 1219 1874 singulis

143 1875 421 1967 hebdomadibus,
469 1879 609 1975 exceptis
647 1879 884 1975 quinquaginta
924 1875 1039 1949 diebus
1083 1902 1101 1947 a
1144 1875 1220 1947 Pas-

143 1973 238 2046 chate
263 1973 305 2044 ad
336 1973 575 2062 Pentecosten,
617 1975 892 2068 observabantur,
924 2001 991 2048 non
1028 1973 1069 2046 ad
1110 2000 1220 2072 vespe-

143 2098 214 2162 ras,
253 2075 302 2144 uti
346 2072 652 2170 quadragesimalia,
693 2073 984 2170 producebantur,
1040 2071 1097 2144 sed
1139 2071 1217 2145 hors

144 2196 233 2242 nona
264 2171 465 2244 finiebantur
506 2171 572 2269 (2).
614 2171 722 2243 Latini
775 2172 817 2242 ab
861 2172 1083 2269 antiquissima
1125 2186 1221 2243 {etate

144 2271 243 2340 mam
269 2271 436 2368 jejunium
460 2267 593 2341 sabbati
621 2269 828 2361 habuerunt,
856 2269 946 2368 quod
986 2294 1115 2367 semper
1155 2295 1219 2340 uns

146 2393 224 2438 cum
249 2371 377 2467 Jejunro
402 2385 501 2442 sextae
525 2368 613 2440 feriae
642 2370 871 2456 retinuerunt3
897 2370 912 2468 j
947 2369 1061 2438 unium
1088 2383 1219 2466 quartae

145 2465 235 2537 seriae
258 2465 442 2538 labentibus
472 2469 564 2538 annis
595 2465 754 2565 paulatim
789 2465 882 2538 desiit
907 2393 975 2564 (ed).
1010 2463 1109 2538 Nunc
1133 2465 1221 2537 ferite

145 2579 261 2677 sextas,
293 2581 328 2636 et
356 2563 489 2637 Sabbati
511 2565 676 2664 jejunium
717 2581 894 2638 tantumn
940 2562 1092 2638 carnibus
1124 2563 1223 2634 absti-

148 2677 261 2734 nentia
274 2679 334 2736 est.

188 2859 231 2942 (l)
250 2862 385 2923 Clemens
399 2862 481 2923 Alex.
505 2861 616 2923 Str-om.
638 2859 688 2924 lib.
704 2863 723 2924 7
742 2879 809 2944 cap.
836 2861 875 2922 11
953 2905 960 2920 .
979 2858 1040 2920 877
1053 2857 1101 2921 ed.
1121 2859 1220 2921 Venet.

148 2943 248 3018 1757,·
263 2943 369 3024 Epiph.
386 2940 491 3006 turea.
508 2945 547 3006 56
568 2943 629 3006 siue
649 2943 688 3004 76
707 2943 903 3004 66665616
934 2940 973 3003 it.
995 2944 1013 3003 5
1032 2959 1098 3023 cup.
1117 2943 1131 3002 l
1147 2959 1220 3024 pap.

149 3027 210 3086 608
224 3033 252 3087 et
265 3027 325 3087 stu
339 3024 386 3088 ed.
401 3023 503 3088 Coton.
521 3029 619 3100 1681;
635 3027 709 3106 lug.
733 3043 779 3108 cp.
797 3027 837 3086 86
851 3043 904 3086 scu
919 3025 958 3085 56
974 3021 1014 3085 od
1036 3019 1224 3085 Catulorum

151 3115 223 3168 torn.
240 3110 259 3169 1
274 3127 342 3191 cup.
360 3111 398 3170 15
411 3127 496 3169 num.
521 3111 560 3170 50
574 3105 628 3169 eol.
647 3109 687 3168 80
708 3105 754 3168 ed.
773 3109 873 3168 Vocet.
892 3107 972 3166 1719
979 3129 992 3182 ,·
1012 3107 1116 3167 Petrus
1139 3106 1223 3166 Alex.

149 3207 219 3249 cao.
245 3192 283 3250 15
297 3187 352 3251 eol.
369 3189 408 3251 15
429 3189 508 3270 apud
534 3193 672 3272 Bevereg.
688 3185 736 3250 ed.
762 3187 872 3250 oxonii
892 3188 989 3264 1671,·
1005 3195 1108 3248 auctor
1129 3194 1222 3249 const.
1348 3253 1353 3264 p

149 3273 256 3352 Apcet.
279 3268 329 3332 tit.
355 3273 459 3354 deep.
480 3273 534 3350 15,
551 3271 630 3352 apud
651 3271 776 3334 coteler.
801 3271 865 3331 ΡΡ.
893 3269 996 3352 Apost.
1022 3277 1092 3332 tom.
1116 3272 1128 3330 l
1148 3287 1222 3351 pap.

151 3354 212 3414 511
227 3349 272 3414 ad.
288 3349 412 3416 Amstel.
426 3355 518 3414 1711.

191 3507 234 3590 (1)
254 3513 348 3572 AEtnte
361 3509 494 3572 liutharii
507 3507 701 3584 Veronensis,
719 3505 770 3586 qui
791 3515 860 3567 ante
878 3506 1011 3568 medium
1028 3523 1094 3566 sec.
1118 3501 1224 3565 Xvitoe

151 3609 241 3652 usura
254 3591 420 3669 fruebatur,
434 3591 562 3672 mitigari
576 3597 702 3670 coeperat
721 3589 841 3668 antiqua
854 3587 1017 3668 disciplina,
1040 3593 1069 3646 et
1077 3585 1224 3666 jejunium

151 3672 403 3754 quadragesimale
416 3691 476 3734 non
494 3673 618 3752 amplius
631 3672 669 3733 ad
683 3689 832 3752 vesperes.
857 3671 908 3733 scd
931 3677 1045 3731 tantum
1059 3667 1097 3729 sd
1116 3685 1224 3729 nonam

150 3755 382 3836 producebatur,
406 3757 449 3816 uti
477 3755 604 3816 ostendit
628 3755 691 3834 ipse
714 3754 872 3817 liutherius
896 3762 974 3816 orat.
1008 3748 1145 3834 synodis.
1183 3747 1224 3812 od

150 3834 281 3920 presbyt.
295 3856 381 3898 num.
399 3839 436 3898 15
451 3833 507 3898 col.
519 3839 580 3898 tto
591 3835 661 3899 edit.
682 3837 788 3898 Veron.
805 3838 895 3898 1766.
913 3834 1069 3899 sedetiam
1083 3841 1148 3911 post
1159 3849 1223 3892 enm

152 3927 283 3996 etatem,
309 3927 452 4064 pptusum
476 3918 658 4000 disciplinam
693 3918 800 3980 alicubi
829 3919 944 3980 stetisse
970 3923 1092 3977 monent
1117 3915 1224 3976 irrues

155 4001 305 4064 Balleriuii
326 4000 333 4014 '
351 4043 359 4061 .
374 4007 437 4063 not.
454 4003 506 4064 ts.
