3122 5178
794 366 992 437 -lu-

357 513 555 580 disturbans?
577 514 659 577 Idem
688 513 799 576 habent
829 516 1020 595 carpendus,
1050 511 1086 575 de
1110 513 1179 596 jur.
1195 513 1309 580 'corbe
1335 515 1386 582 lib.
1414 521 1434 582 2

357 598 420 683 def.
439 600 516 675 ult,
541 603 572 658 et
588 597 710 658 Voetius
727 595 762 658 de
783 593 908 679 politica
927 595 1140 676 ecclesiastico,
1168 597 1276 676 alitque
1303 603 1434 682 complu·

356 701 415 743 res.
439 680 517 744 vide
542 679 731 742 vincentium
757 679 901 756 Lupolnm
924 675 1055 762 praelect.
1078 677 1146 760 jur.
1167 697 1281 741 cornu
1306 701 1374 766 cop.
1402 687 1431 760 ll,

356 762 383 844 S.
400 766 529 846 tetseq.
543 768 613 821 tou.
628 765 656 840 l,
669 779 742 842 pop.
760 763 815 822 ltt
832 768 860 821 ct
873 755 947 844 se'q„
967 761 1017 820 ubi
1033 761 1109 824 lusti
1126 761 1263 842 Enningii
1279 765 1454 826 Boehmeri·

358 863 393 906 ca
415 844 453 907 de
471 862 505 904 re
518 861 634 904 errores
653 843 838 920 refutantur3
857 861 890 903 ae
904 843 972 902 ride
990 843 1022 902 in
1045 842 1150 921 primis
1167 845 1362 908 Mamaelrium
1385 866 1399 906 e
1423 891 1430 906 .

357 925 433 988 lud
452 924 567 987 lustin.
588 923 777 986 Febrouiuut.
794 922 820 1005 §.
842 925 962 984 tuum.
990 925 1040 1000 to,
1061 942 1134 1006 pop.
1153 925 1213 986 285
1232 933 1302 988 torn.
1323 932 1354 1005 l,
1382 867 1433 988 ubi

357 1009 421 1070 haee
444 1006 596 1086 inequalis
620 1007 766 1068 societatis
791 1007 866 1068 ratio
892 1005 1032 1090 adversus
1058 1007 1237 1068 Febronium
1263 1011 1433 1089 gravissime

356 1091 630 1166 accuratissimeque
649 1089 820 1168 explicatur.
1225 1109 1228 1116 ¹
1261 1109 1263 1114 ·

398 1171 441 1315 (ὅ)
462 1171 569 1235 confer
586 1170 774 1232 Melchiorem
790 1173 901 1232 Canum
919 1165 955 1230 de
970 1165 1026 1232 loc.
1047 1165 1183 1251 Theolop.
1205 1165 1256 1231 lib.
1277 1173 1307 1248 l,
1328 1177 1429 1254 capt

357 1259 387 1315 et
405 1275 425 1316 u
440 1261 461 1314 t.
481 1273 497 1314 a
518 1271 577 1332 quo
596 1253 628 1313 in
650 1253 753 1332 primis
775 1251 868 1312 solido
896 1259 926 1310 et
950 1251 1118 1312 luculentur
1135 1253 1304 1313 refutantur
1325 1253 1434 1316 delira-

356 1343 456 1397 menta
469 1353 583 1410 eorum,
597 1335 648 1413 qui
664 1333 842 1406 invisibilem
853 1333 1001 1395 ecclesiam
1016 1332 1144 1414 fingunt.

398 1415 441 1498 (i)
461 1415 616 1497 Apostolus
636 1415 675 1478 ad
693 1419 779 1478 Rom.
799 1420 838 1478 X.
865 1418 903 1477 ll
926 1423 956 1477 et
980 1435 1041 1495 seq.
1066 1413 1219 1492 Quouwdo
1242 1414 1431 1495 invocabunt,
1540 1489 1542 1494 ,

357 1499 470 1577 iuquit,
504 1498 538 1559 iu
562 1516 650 1580 quem
674 1515 735 1559 uon
758 1495 971 1560 crediderumt
998 1505 1054 1559 out
1076 1495 1222 1580 qsuomodo
1245 1497 1366 1559 credent
1389 1501 1431 1577 ci,

356 1599 446 1664 quem
458 1598 520 1640 uon
532 1578 714 1642 audierunt?
727 1577 873 1662 quomodo
887 1589 988 1642 nutem
1001 1577 1124 1640 audient
1128 1624 1137 1656 ‚
1154 1579 1217 1640 sine
1268 1578 1434 1642 edicente?

356 1665 439 1744 Eupo
448 1659 525 1742 fides
544 1679 581 1721 eu
595 1659 715 1736 auditu,
731 1659 856 1721 nuditus
874 1668 975 1720 autern
985 1679 1042 1740 per
1055 1658 1177 1722 uerbum
1199 1665 1224 1723 G
1244 1661 1322 1723 nisti.
1339 1663 1435 1742 Atque

357 1743 417 1804 huc
445 1743 533 1803 etiarn
558 1747 668 1820 spectat
693 1739 767 1800 illud
794 1739 924 1801 llettbaei
949 1744 1047 1803 XVlll
1073 1762 1103 1803 v.
1132 1743 1195 1802 17:
1224 1743 1260 1804 Si
1282 1740 1435 1805 ecclesium

357 1842 420 1884 uon
446 1821 591 1899 audierit,
617 1822 659 1883 sit
681 1819 735 1882 tibi
755 1819 834 1882 sicut
859 1819 1008 1901 ethnicus,
1034 1831 1062 1884 et
1080 1820 1272 1904 publicanus.
1298 1825 1379 1885 Pauli
1408 1829 1432 1887 l.

358 1903 644 1968 Timoth.111.to:
678 1905 717 1962 Ut
738 1903 817 1964 scios
842 1903 988 1984 quemodo
1010 1913 1146 1986 oportent
1171 1913 1197 1964 te
1217 1904 1250 1964 iu
1271 1904 1358 1966 domo
1378 1908 1437 1968 Dei
1476 1961 1479 1965 .
1550 1965 1559 1996 u

357 1983 539 2080 conuersuri,
553 2002 621 2080 pute
633 1991 677 2045 est
686 1980 808 2078 ecclesie
818 1985 878 2045 Dei
887 1985 958 2047 uiui.
972 1989 1056 2048 Lucas
1067 1993 1123 2046 net.
1136 1991 1204 2048 XX.
1217 1988 1272 2046 28:
1286 1987 1435 2050 Attendite

357 2065 451 2142 uobu,
472 2073 501 2126 et
515 2084 653 2128 uniuerso
667 2083 761 2146 propt,
782 2085 815 2126 iu
832 2085 892 2149 quo
909 2085 960 2129 uos
977 2068 1109 2150 Spiritus
1125 2069 1156 2128 S.
1168 2069 1271 2150 posuit
1285 2069 1435 2165 episcopos

245 2165 250 2172 ·
356 2165 457 2230 repere
481 2145 635 2208 ecelesiam
650 2147 718 2208 Dei.
735 2150 813 2210 Num
841 2148 878 2208 nd
905 2149 1054 2210 ecclesiam
1078 2149 1187 2210 deterri
1205 2151 1329 2226 crimen,
1352 2172 1383 2211 rn
1402 2171 1435 2212 ea

359 2231 426 2308 quis
441 2231 567 2306 versari,
589 2229 749 2308 eademque
764 2229 828 2311 repi
842 2238 958 2312 posset,
983 2230 1045 2292 uisi
1068 2240 1173 2314 aperto
1198 2233 1318 2294 onttsino
1344 2240 1433 2309 esset,

360 2308 607 2396 utqueoisibilis?

407 2465 440 2566 ς.
484 2465 526 2536 V.
567 2465 668 2552 Quod
705 2469 731 2536 si
769 2467 900 2538 visibilis
931 2485 980 2538 est
1010 2467 1160 2559 ecclesia,
1195 2467 1308 2538 visibili
1338 2472 1436 2539 etiem

357 2567 520 2662 imperio,
547 2581 581 2636 et
605 2563 885 2636 administratione
904 2583 1036 2661 regatur
1061 2591 1189 2638 necesse
1218 2583 1277 2638 est.
1304 2566 1377 2652 Qua
1401 2569 1436 2636 in

359 2689 395 2734 re
420 2663 625 2758 gravissimus
647 2679 695 2735 est
718 2687 809 2735 error
831 2663 982 2752 illorum,
1007 2665 1064 2760 qui
1091 2680 1228 2760 putant,
1260 2667 1435 2761 imperinm

360 2765 394 2830 in
417 2760 584 2832 hominem
603 2763 648 2832 ita
670 2761 774 2832 aDeo
797 2786 864 2832 esse
885 2760 1046 2852 divisum,
1072 2763 1201 2833 civilem
1225 2765 1310 2833 inter
1338 2779 1436 2858 atquc

360 2857 606 2930 ecclesiasticam
633 2875 849 2955 potestatem,
882 2874 921 2929 ut
956 2859 1025 2931 haee
1048 2875 1178 2930 tantum
1214 2861 1349 2947 animis,
1379 2859 1435 2930 illa

361 2981 438 3027 vero
462 2956 653 3052 corporibus
679 2959 819 3052 imperet
856 2983 893 3028 ac
914 2958 991 3054 jura
1021 2961 1209 3028 constituat.
1239 2955 1286 3026 lta
1316 2957 1436 3029 scilicet

360 3077 430 3124 non
467 3051 639 3124 hominum
681 3055 814 3124 societas
850 3069 932 3124 esset
962 3053 1113 3144 ecelesia,
1149 3053 1206 3124 sed
1231 3057 1434 3143 animorum,

361 3151 426 3222 hoc
448 3164 510 3237 est,
532 3150 749 3222 incideremus
766 3153 801 3220 in
818 3175 961 3222 errorem
977 3155 1229 3248 protestantium
1242 3151 1282 3220 de
1304 3150 1437 3223 ccclesia

363 3247 538 3334 invisibili3
566 3273 674 3345 neque
697 3248 801 3319 civilis
825 3249 1005 3345 respublica
1032 3249 1225 3340 hominum,
1245 3248 1301 3320 sed
1324 3275 1437 3346 corpo

363 3371 438 3416 rum
456 3347 608 3417 societate
627 3361 801 3416 constaret.
828 3344 904 3429 Quo
922 3345 1003 3443 quid
1025 3345 1088 3418 dici
1111 3363 1220 3444 potest
1242 3343 1435 3436 absurdius,

364 3461 422 3513 aut
439 3444 601 3513 exitiosius
622 3467 690 3514 non
708 3441 851 3514 ecclcsiae
872 3443 998 3535 solum,
1023 3445 1080 3514 sed
1102 3447 1200 3515 etiam
1225 3444 1308 3516 cirili
1325 3447 1438 3540 reipu-

363 3538 483 3612 blicaei
509 3539 594 3612 Nam
614 3543 641 3610 si
670 3539 802 3612 ecclesia
828 3539 903 3611 solis
922 3545 1037 3612 animis
1066 3541 1289 3640 praelieiatur7
1317 3567 1385 3614 non
1408 3546 1437 3613 ei

363 3637 477 3711 licebit
509 3662 560 3708 ex.
595 3662 644 3732 gr.
674 3637 761 3734 leges
799 3637 840 3708 de
867 3639 1001 3738 jejuniis
1030 3643 1248 3730 constituere,
1281 3641 1437 3735 qnoniam

364 3761 478 3809 eorum
509 3733 690 3808 observatio
729 3735 796 3806 solo
821 3760 957 3832 corpore
988 3736 1179 3834 perficitur3
1215 3736 1322 3808 civiles
1361 3761 1438 3807 vero

366 3835 452 3929 leges
484 3827 615 3904 inutiles
650 3848 748 3902 erunt
782 3857 894 3903 omnes
936 3849 1036 3931 atque
1070 3833 1233 3926 ridiculae,
1266 3859 1342 3906 eum
1378 3835 1439 3904 im-

365 3947 483 4026 perent
500 3933 643 4030 corpori,
666 3929 756 4028 quod
787 3931 856 4002 sine
876 3934 985 4004 animo
1003 3957 1117 4029 parere
1137 3957 1205 4004 non
1230 3947 1337 4028 potest
1359 3929 1432 4028 (1).
