3134 5144
741 396 1018 470 -960-.

314 548 449 634 uitales,
485 544 534 614 ad'
564 569 731 616 summum
770 542 989 638 Pontificem,
1029 541 1071 614 ad
1109 544 1297 640 episcopos,
1340 545 1386 616 ad

216 655 219 664 '
310 642 557 814 ‘illaedibile
583 641 768 733 mulares,
799 645 865 716 site
893 641 1076 739 regulares,
1106 645 1163 740 qui
1196 641 1279 782 eliis,
1292 667 1388 782 pig..

367 884 397 988 ς.
436 887 494 958 lll.
532 887 716 959 Romanum
746 884 943 959 Pontificem
974 887 1016 956 ab
1041 888 1195 990 ,antiquis
1232 887 1389 986 tempori·

313 991 379 1062 bus
404 985 531 1082 eligunt
556 985 751 1077 cardinales,
786 985 828 1056 de
853 1011 920 1084 quo
943 985 1062 1074 multa
1082 999 1160 1056 sunt
1183 983 1279 1056 editae
1297 1011 1391 1056 eon-

317 1081 498 1160 'stitutiorres
527 1084 599 1181 (l),
627 1110 706 1182 quas
731 1109 856 1156 serrare
882 1099 1012 1182 oportet
1041 1081 1234 1180 diligenter,
1266 1099 1306 1154 ut
1334 1109 1391 1154 res

185 1205 188 1214 “
317 1188 400 1257 tanti
427 1185 584 1254 momenti
616 1185 677 1252 rite
710 1197 863 1280 reeteque
892 1181 1094 1280 expediatur.
1132 1181 1170 1252 ln
1205 1181 1266 1254 hae
1296 1180 1390 1253 elee-

318 1287 406 1357 tione
441 1283 603 1378 praecipua
636 1296 730 1371 sunt,
771 1279 859 1377 quod
898 1295 971 1376 post
1015 1280 1119 1351 soluta
1149 1282 1238 1378 justa
1279 1281 1391 1351 suneri

318 1381 464 1454 defuncti
489 1376 674 1469 Pontificis,
698 1405 758 1474 per
786 1378 854 1449 dies
878 1403 1016 1468 norem,
1045 1375 1222 1448 cardinales
1245 1377 1297 1450 die
1321 1375 1389 1448 de-

124 1461 128 1470 ,
211 1555 214 1562 ,
317 1483 400 1552 cima
434 1475 584 1550 conclave
626 1476 873 1574 ingrediuntur,
902 1492 1013 1574 postca
1039 1502 1113 1548 uam
1146 1478 1241 1548 missa
1278 1475 1391 1574 Spiri-

318 1593 371 1649 tus
394 1574 505 1647 Sancti
527 1573 715 1648 solemniter
747 1573 907 1646 celebrata
934 1590 994 1646 est.
1053 1589 1158 1646 ostero
1189 1589 1298 1646 autem
1331 1572 1390 1646 die

319 1674 489 1747 inchoatur
524 1673 657 1763 electio,
700 1698 808 1770 neque
843 1671 1039 1763 cardinales,
1082 1675 1139 1769 qui
1170 1675 1207 1743 in
1244 1672 1391 1744 conclavi

319 1789 415 1864 sunt,
449 1770 595 1842 absentes
623 1786 811 1868 exspectare
845 1785 1028 1870 eoguntur,
1063 1796 1170 1869 neque
1199 1770 1391 1844 absentibus

321 1873 396 1943 licet
407 1868 593 1963 suffragium
606 1893 702 1938 suum
717 1868 811 1942 alteri
826 1872 1042 1944 committere.

359 2065 401 2149 (l)
426 2069 470 2128 De
483 2064 622 2125 electione
635 2065 742 2125 summi
757 2065 906 2126 Pontifleis
919 2065 1048 2126 celebres
1060 2065 1093 2125 in
1113 2065 1217 2144 primis
1229 2069 1295 2125 sunt
1310 2081 1386 2125 oon-

320 2149 486 2210 stitutioues
505 2145 661 2208 Alexandri
683 2150 723 2208 lll
745 2147 779 2207 r'n
793 2167 859 2230 cap.
879 2151 898 2209 6
915 2145 950 2209 de
964 2145 1061 2222 elect.,·
1078 2147 1212 2228 Gregorii
1227 2149 1255 2208 X
1272 2147 1302 2206 in
1317 2164 1388 2207 oon-

320 2231 386 2292 cilio
401 2229 588 2310 lugdunensi
611 2230 713 2310 caps
735 2227 771 2290 de
788 2227 867 2290 elect.
887 2231 920 2291 in
942 2231 973 2306 63
993 2229 1150 2292 clementis
1167 2231 1194 2291 V
1211 2226 1341 2289 decent.
1364 2231 1390 2290 2

320 2311 356 2374 de
372 2309 504 2374 electiore.
524 2317 665 2389 preterea
686 2310 782 2372 missis
795 2313 898 2374 ceteris
918 2330 985 2390 que
1004 2311 1106 2372 multe
1125 2318 1210 2389 sunt,
1226 2311 1293 2372 dure
1313 2311 1392 2374 ilre-

319 2394 394 2475 gorii
418 2397 474 2455 XV
496 2391 733 2468 constitutiones,
758 2412 883 2472 quarum
907 2393 999 2454 altera
1032 2401 1077 2455 est
1105 2393 1273 2454 constitutio
1299 2395 1394 2455 Decet

322 2479 492 2538 flmmeum
514 2473 607 2535 Ponti
709 2475 745 2538 dl
794 2494 843 2558 og.
863 2477 880 2538 li
905 2483 975 2536 lom.
1002 2478 1020 2537 t
1040 2483 1121 2558 port.
1149 2477 1178 2552 b,
1205 2475 1295 2537 altera
1317 2493 1392 2538 con-

321 2557 435 2619 stitutio
447 2555 597 2618 AEterm't
632 2573 704 2640 paq.
720 2493 793 2620 toti
805 2566 875 2618 tom.
899 2553 1259 2639 bpcrt.lb1tllcr.edit.
1274 2555 1337 2636 cit,
1353 2559 1394 2620 in

320 2639 428 2720 quibua
444 2638 594 2700 Pontificis
608 2637 710 2700 electio
729 2647 863 2700 accurate
883 2639 1069 2702 describitur.
1096 2643 1205 2702 Omnes
1222 2645 1321 2700 autem
1332 2658 1394 2701 an-

319 2723 459 2802 tiquicres
473 2720 511 2781 de
524 2721 631 2782 summi
646 2721 796 2783 Pontilieis
815 2721 956 2782 electione
970 2722 1190 2784 constitutiones
1204 2719 1396 2784 confirmavit

321 2803 454 2866 Clemens
467 2806 522 2865 xll
536 2803 569 2864 in
588 2803 710 2866 constit.
738 2799 928 2886 apostolam
952 2805 991 2864 tt
1003 2821 1074 2902 pag.
1098 2805 1158 2866 502
1173 2813 1243 2866 tom.
1262 2805 1301 2864 {5
1322 2801 1396 2865 brel-

321 2883 395 2946 lorit'
412 2883 483 2948 edit.
505 2885 568 2962 cit,
593 2885 645 2946 ubi
662 2886 746 2964 plura
771 2884 809 2946 de
826 2885 968 2948 conclavis
991 2885 1154 2969 regimine,
1181 2903 1214 2947 ae
1238 2885 1395 2950 derebus

321 2966 471 3047 gerendis,
488 2965 557 3027 sede
574 2967 737 3045 Apostolicu
755 2977 890 3044 vacante,
909 2967 1024 3028 decreta
1042 2977 1121 3029 sunt.
1146 2973 1190 3032 De
1204 2968 1272 3046 jure
1288 2977 1396 3031 autem

321 3047 513 3110 cardinalium
526 3049 556 3108 in
569 3048 704 3128 eligendo
719 3067 835 3110 summo
853 3049 994 3112 Pontidce
1007 3049 1152 3112 videndus
1165 3051 1197 3110 in
1210 3049 1312 3129 primis
1326 3053 1396 3112 lle·-

321 3129 452 3190 machius
462 3128 503 3190 orl
512 3136 629 3192 auctor.
641 3147 741 3214 opusc.
754 3129 834 3209 Quid
843 3133 1005 3216 eatPcpc?
1016 3132 1102 3216 epist.
1116 3135 1229 3195 lenm.
1243 3134 1258 3192 l
1272 3139 1392 3217 etseq„

322 3229 393 3295 pag.
407 3212 446 3273 tt
456 3218 484 3272 et
497 3229 557 3296 seq.
571 3219 641 3272 torn.
657 3215 689 3274 2.

367 3386 398 3490 §.
437 3389 496 3462 lv.
532 3387 616 3462 Cum
645 3389 759 3464 electio
792 3390 833 3464 fit
867 3417 927 3489 per
963 3394 1155 3466 scrutinium
1186 3393 1277 3490 (nam
1310 3390 1393 3464 lieri

321 3499 426 3586 potest
462 3489 559 3559 etiam
605 3515 665 3585 per
707 3493 975 3588 compromissum
1010 3507 1044 3563 et
1076 3495 1167 3588 quasi
1199 3491 1395 3588 inspiratio-

320 3611 417 3675 nem,
447 3611 529 3683 quos
560 3587 701 3681 singulos
724 3587 864 3684 eligendi
892 3587 1006 3661 modos
1040 3589 1138 3687 paulo
1167 3605 1242 3686 post
1279 3587 1396 3685 expli-

320 3683 477 3780 cabimus)
510 3707 578 3755 non
605 3699 735 3756 tontum
766 3691 1006 3775 ecrnclim‘nm,
1031 3687 1209 3760 sedetiam
1230 3713 1398 3764 aeoesm

319 3781 505 3856 adhibetur.
554 3782 717 3854 Nimirum
758 3810 834 3858 cum
896 3783 1036 3857 ublicato
1070 3788 1243 3876 scrutinio,
1286 3809 1396 3860 uerno

319 3878 439 3952 electus
475 3879 777 3979 deprehenditura
813 3811 938 3955 duabus
975 3910 1014 3956 ex
1049 3883 1152 3955 tribus
1194 3883 1395 3980 eligentium

319 3979 483 4072 partibus,
519 4005 599 4079 quas
636 3981 778 4078 postulat
812 3979 926 4054 electio
956 3984 1075 4054 summi
1120 3980 1287 4056 Pontificio
1311 3982 1327 4078 (
1351 3981 1391 4078 ),
