3122 5170
792 305 1012 428 -otoss-

368 507 419 572 to.
436 505 616 582 sotim,
638 525 683 590 ῳ.
700 505 719 568 r
735 501 822 570 too
847 503 902 580 nt.
919 509 994 584 ooo,
1018 525 1063 590 φ.
1085 507 1125 569 or
1150 503 1201 568 no.
1218 506 1252 568 n
1270 502 1327 569 nt.
1355 508 1431 570 troo

288 637 314 656 ..
364 600 394 654 et
408 593 537 660 ΗΜ
553 609 598 672 ῳ.
615 592 654 650 tt
674 587 726 650 til.
750 589 788 650 lt
803 585 858 650 cot.
874 591 954 650 luto
969 597 991 651 t.
1015 590 1034 650 t
1055 585 1103 652 od.
1126 589 1227 652 Parin
1248 589 1298 650 ott.
1324 591 1432 652 venun

235 667 240 676 '
342 719 346 728 .
367 671 495 753 synodus
516 676 633 735 Bracar.
654 673 667 733 l
690 689 757 732 cun.
778 671 796 735 ,7
810 667 865 732 ool.
892 673 947 732 551
978 677 1050 733 tom.
1075 673 1094 732 5
1115 669 1183 733 coll.
1206 671 1301 734 llard.
1322 677 1433 732 mutum

351 755 519 816 ‘mnstituit
540 762 637 832 partes
651 761 726 829 tres,
741 771 865 832 quarum
887 769 975 814 uuam
1001 754 1154 833 episcopo,
1173 753 1296 814 ulter-am
1310 753 1430 830 doricis,
1528 789 1529 814 r

364 837 482 898 tertiam
496 835 627 896 adificiis
645 843 675 896 et
688 835 816 897 ecclesio
830 833 1026 898 luminaribus
1041 835 1193 896 adscribit.
1209 840 1245 898 ln
1265 835 1321 896 hue
1338 843 1431 898 uuoeut
1528 823 1529 846 ¹

367 919 524 998 partitione
538 919 672 998 episcopo
686 917 866 998 hospitalitas
882 919 1045 980 exeroenda
1058 917 1293 997 relinquebatur.

417 1022 448 1124 §.
478 1023 551 1096 Vll.
581 1025 731 1122 Denique
758 1026 838 1097 certi
873 1025 997 1096 reditus
1034 1023 1270 1123 parochialibus
1301 1024 1433 1098 ecclesiis

367 1122 521 1220 adscripti
558 1139 653 1214 suut,
689 1140 723 1195 et
762 1123 903 1214 clericis,
943 1125 1001 1222 qui
1037 1122 1166 1221 pridem
1197 1149 1237 1194 ex
1273 1123 1431 1212 eodem,

367 1225 419 1294 cui
443 1237 536 1292 erant
578 1221 724 1314 addicti,
759 1221 916 1294 reditibus
947 1221 1137 1310 alebantur,
1174 1237 1261 1293 certo
1289 1247 1433 1294 muccoso

367 1335 445 1392 suut
476 1318 616 1392 eocleoiae
648 1320 754 1411 bonu,
787 1345 930 1418 quorum
964 1347 1077 1392 curam
1104 1335 1279 1416 gererent,
1318 1336 1356 1392 et
1397 1345 1433 1392 er

369 1417 487 1516 quibus
516 1422 722 1516 perciperent
749 1422 923 1490 necessarie
953 1419 993 1491 ad
1029 1423 1128 1490 vitum
1160 1417 1298 1489 honeste
1328 1417 1435 1489 tradu-

368 1516 517 1589 cendam.
552 1517 657 1589 Hodie
688 1520 787 1614 igitur
818 1543 875 1589 sua
905 1535 983 1590 sunt
1018 1517 1105 1590 bons
1141 1515 1283 1606 clericis,
1321 1533 1359 1586 et
1381 1543 1434 1588 sos
1530 1531 1531 1534 ’

368 1617 447 1686 item
479 1613 636 1706 ecclesiis,
674 1641 748 1714 quae
784 1631 924 1714 utraque
951 1619 1123 1716 separatim
1154 1613 1431 1686 administrentur.

369 1713 460 1786 Bono
502 1713 571 1785 haec
610 1712 799 1812 temporalia
840 1713 998 1804 dicimus,
1034 1711 1125 1812 qnod
1161 1738 1276 1784 eorum
1315 1711 1436 1784 rodino

367 1810 606 1908 impenduntur
641 1817 676 1884 in
705 1811 900 1908 temporales
931 1837 1007 1884 usus
1043 1810 1248 1884 ecclesiarum
1283 1827 1319 1883 et
1349 1811 1436 1882 oleri

367 1935 501 1997 corum3
528 1935 643 1980 rerum
672 1935 748 1982 cum
780 1935 909 2008 semper
936 1910 1145 1983 ecclesiastica
1176 1913 1262 1994 sint,
1292 1933 1332 1981 eo
1366 1935 1436 1980 ceu·
1531 1979 1532 2006 ἶ

371 2005 470 2078 sendo
512 2023 589 2078 sunt
623 2009 719 2106 jure,
759 2033 826 2106 quo
873 2025 1046 2082 censentur
1088 2009 1174 2082 bona
1209 2007 1433 2094 ecclesiarum.¹

370 2130 446 2202 quae
472 2108 540 2177 sine
575 2104 717 2202 legitime
755 2109 846 2178 venia
880 2107 1014 2178 distrahi
1042 2121 1233 2206 noqueunt,
1265 2123 1301 2176 et
1321 2106 1436 2202 quihus

370 2228 487 2296 nemo,
527 2219 694 2302 tamquam
730 2205 873 2303 profanis
909 2205 1023 2298 bonis,
1059 2207 1108 2276 uti
1142 2223 1175 2276 et
1207 2204 1301 2276 abuti
1333 2219 1435 2300 potest

372 2326 430 2372 suo
453 2301 623 2376 arbitratu.

666 2827 969 2910 muws
1005 2827 1154 2910 XIV.

718 3023 754 3086 lle
765 3023 904 3088 Prehendi
916 3033 941 3088 et
951 3024 1088 3090 Reccidit.

371 3278 391 3330 l.
402 3277 468 3342 Quid
477 3277 642 3330 beneficium?
943 3283 986 3333 Vl.
999 3281 1074 3333 Praci
1094 3295 1153 3332 uum
1167 3281 1313 3336 clericorum
1324 3285 1432 3338 officinm.

371 3345 402 3396 ll.
426 3344 599 3396 Benelldorum
614 3345 678 3397 inter
693 3345 795 3398 clcrlcoe
813 3346 862 3398 dis·
943 3348 987 3400 vll
1004 3347 1066 3400 etll
1103 3383 1109 3397 .
1129 3347 1253 3400 &nebda
1273 3351 1434 3404 rcridmtinria

438 3411 547 3464 tributio.
1007 3423 1092 3465 ctoou
1104 3413 1283 3468 residentiaria.

368 3473 413 3527 Ill.
437 3477 593 3528 Beneficiaa
619 3475 756 3546 prebendis
778 3475 864 3528 diutiu-
945 3477 985 3530 lx.
999 3477 1092 3545 ldajora
1102 3490 1126 3530 et
1137 3479 1241 3531 minora.

472 3554 555 3593 untur.
943 3545 973 3594 x.
985 3543 1116 3595 Saecularis
1126 3555 1152 3596 ot
1164 3547 1297 3614 molaria.

370 3606 402 3658 lv
413 3615 438 3658 ct
470 3609 578 3661 horum
589 3607 693 3660 indoles.
944 3609 986 3661 xl.
999 3610 1128 3674 Collatino,
1140 3611 1403 3682 electimpatronota.

854 3722 884 3824 p
919 3723 947 3796 1.

416 3843 576 3918 Bruarrcn
611 3871 730 3918 nomen
772 3845 859 3944 apud
899 3845 1030 3921 Latinos
1065 3854 1236 3948 scriptores
1279 3852 1435 3949 siguificat

367 3943 527 4038 praedium
561 3945 688 4036 fiscale,
730 3945 820 4042 quod
848 3943 985 4018 ducibus
1022 3973 1060 4019 co
1102 3949 1281 4040 militibus,
1314 3953 1434 4048 optime
