3164 5174
809 403 1029 476 ..988-

382 557 487 621 labbei
508 554 562 618 eol.
580 557 639 616 277
655 563 772 636 rogatus
795 563 840 614 cst
859 573 991 614 summus
1012 553 1161 628 Pontifex,
1184 560 1219 613 ut
1233 561 1353 614 snnatm
1368 553 1453 614 tolle-

381 651 439 716 ret,
457 657 523 700 cum
539 639 660 717 polliciti
680 639 804 698 luissent
825 637 941 697 concilii
955 640 1068 712 Patres,
1097 653 1161 696 sese
1174 634 1294 696 daturos
1315 653 1453 714 operam,
1530 695 1531 716 ,

381 731 415 782 nt
430 721 509 782 aliud
522 730 696 780 annatarum
714 721 776 780 lcco
789 718 947 779 obtineret.
966 718 1025 779 Sod
1041 737 1110 778 cum
1124 718 1261 797 deinceps
1281 716 1358 778 nibil
1370 737 1405 779 ee
1419 719 1455 779 de

380 822 413 863 re
433 803 633 882 praestitissent
649 803 764 864 concilii
789 803 906 875 Patres,
930 817 1064 861 summus
1089 800 1223 860 Pontifex
1239 807 1361 860 annates
1381 803 1455 860 reti-

381 885 463 958 nuit,
478 903 551 964 quas
566 893 651 946 antea
669 883 859 964 percipiebat.
880 882 1018 962 Ejusdem
1038 883 1154 942 concilii
1179 885 1278 943 Patres
1296 901 1365 942 nrm
1379 884 1455 944 male

382 968 501 1028 animati
523 975 619 1027 essent
636 967 667 1026 iu
689 986 792 1028 verum
810 963 981 1027 Pontificem
1006 966 1169 1048 Eugenium
1183 968 1240 1039 tv,
1255 983 1271 1024 a
1285 983 1345 1044 quc
1365 984 1455 1040 syno-

382 1049 438 1109 dus
459 1057 590 1110 revocata
600 1050 713 1126 luerat,
735 1058 855 1110 sunaus
868 1049 1050 1108 sustulerunt
1069 1065 1142 1109 sess.
1160 1049 1196 1108 il
1214 1045 1286 1108 ibid.
1302 1043 1359 1108 col.
1378 1049 1452 1123 517,
1531 1069 1532 1072 ¹

382 1131 434 1192 sed
447 1139 546 1210 postea
569 1149 640 1193 sess.
656 1133 696 1192 ts
709 1129 782 1192 ibid.
798 1127 855 1193 eol.
878 1131 939 1191 448
953 1137 1085 1205 annates,
1099 1149 1171 1208 quas
1192 1129 1223 1189 in
1235 1129 1367 1210 legitimo
1379 1133 1456 1190 Pon-

382 1213 461 1273 tibce
483 1213 764 1289 condemnaverant,
789 1213 936 1274 dedemnt
958 1211 1166 1291 pseudo-pape
1191 1211 1277 1272 Felici
1304 1213 1343 1286 V,
1372 1213 1455 1290 cuijus

382 1305 480 1374 partes
498 1295 667 1356 tuebantur.
693 1296 766 1358 Alie
779 1297 1048 1356 adsersusannatas
1061 1295 1149 1356 editae
1161 1293 1318 1375 suntlegcs
1329 1294 1456 1354 insane-
1532 1352 1533 1380 ζ

383 1377 462 1438 tione
474 1379 668 1458 Pragmatica3
681 1378 732 1438 sed
746 1397 779 1440 ea
793 1378 905 1440 sublata
919 1377 1010 1458 pactis
1031 1377 1182 1438 merentis
1195 1377 1274 1436 inter
1286 1379 1415 1437 Leonem
1428 1378 1454 1436 X
1532 1399 1533 1422 2

383 1467 413 1518 et
435 1461 619 1520 Franciscum
636 1464 649 1522 l
669 1461 829 1523 Galliarum
850 1477 966 1540 regem,
985 1469 1104 1520 cautum
1127 1467 1183 1533 est,
1198 1467 1232 1518 nt
1249 1458 1343 1518 irrite
1358 1467 1455 1518 essent

383 1541 550 1602 collationes
564 1541 791 1619 beneficiorum,
809 1561 936 1620 quomm
952 1543 1016 1602 veri
1037 1541 1151 1603 reditus
1170 1540 1313 1621 designati
1326 1559 1360 1600 ae
1373 1549 1455 1619 pate-

380 1623 450 1684 lacti
463 1643 521 1684 non
536 1625 670 1685 luissent.
689 1626 784 1686 Etiam
793 1625 829 1685 ad
844 1623 999 1685 concilium
1019 1623 1226 1685 Tridentinum
1238 1624 1365 1702 querela·
1385 1641 1456 1684 con-

384 1713 429 1765 tra
446 1715 567 1768 annates
590 1707 693 1766 delate
707 1715 791 1782 sunt3
804 1706 856 1766 sed
880 1705 994 1767 concilii
1021 1709 1121 1766 Patres
1146 1703 1283 1766 omnibus
1309 1705 1456 1766 satislece·
1533 1761 1534 1786 ἶ

384 1796 469 1861 runt,
484 1797 572 1866 atque
584 1797 757 1849 annatarum
780 1789 948 1866 equitatem
964 1788 1122 1849 clarissime
1140 1788 1396 1860 demonstrarunt,
1413 1787 1455 1846 nti

385 1877 485 1930 narret
501 1869 656 1930 cardinalis
669 1870 860 1932 pallavicinus
874 1870 907 1930 in
927 1867 1033 1932 histor.
1054 1868 1158 1932 comil.
1182 1868 1347 1932 Tridentis.
1364 1866 1418 1930 lib.
1438 1870 1456 1928 2

384 1969 450 2032 cop.
467 1953 585 2012 linum.
606 1953 624 2012 5
647 1959 677 2012 et
692 1969 753 2036 sep.
775 1953 881 2014 Confer
900 1953 987 2013 etiam
1004 1953 1048 2013 Pii
1067 1955 1107 2014 tv
1120 1971 1258 2031 responsa
1280 1951 1316 2010 ad
1331 1955 1456 2013 Germa-

385 2051 492 2092 norum
512 2033 549 2094 de
563 2035 678 2094 annatis
687 2035 820 2112 querelas
833 2035 911 2114 apud
924 2034 1109 2114 llaynaldum
1123 2034 1164 2096 ad
1176 2053 1248 2095 ano.
1275 2033 1353 2094 ¹563
1365 2052 1453 2093 oum.

385 2115 426 2176 44
439 2121 509 2176 tom.
522 2117 560 2176 lb
571 2134 643 2198 pop.
659 2118 734 2193 570,
750 2115 821 2177 edit.
835 2118 923 2179 bucoe
940 2118 1031 2178 1756.

432 2269 463 2371 §.
491 2271 610 2342 XLlll.
637 2273 742 2342 Etiam
759 2272 936 2345 cardinales
962 2291 996 2344 et
1015 2273 1112 2369 legati
1129 2301 1155 2344 a
1173 2275 1280 2346 lotcse
1300 2273 1458 2344 fruuntur

380 2371 457 2468 jure
490 2369 678 2442 conferendi
722 2369 901 2464 beneficia,
947 2397 1021 2470 quae
1056 2374 1237 2442 vacaverint
1271 2375 1306 2441 in
1341 2397 1458 2444 eorum

386 2465 503 2558 titulis,
534 2485 632 2582 atque
669 2469 907 2566 episcopatibus
945 2469 1193 2559 suburbicariis,
1232 2487 1289 2541 cut
1316 2473 1351 2540 in
1383 2497 1459 2568 prc-

387 2567 510 2658 viucia,
539 2593 573 2638 m
611 2593 676 2664 qua
702 2563 872 2664 legationis
911 2594 1030 2640 munus
1068 2583 1231 2640 exercent.
1273 2569 1317 2640 At
1342 2595 1385 2640 ue
1425 2569 1459 2641 hi
1535 2574 1536 2608 ³

386 2665 545 2738 beneficia
575 2665 750 2738 conserunt
774 2669 887 2764 quovis
924 2693 1054 2754 mense,
1092 2692 1169 2740 cum
1207 2691 1275 2740 non
1316 2692 1337 2738 o
1378 2673 1459 2739 trin-

387 2779 506 2858 gantur
544 2764 667 2834 alterna
697 2763 752 2834 illa
791 2767 953 2835 mensium
997 2765 1172 2856 divisione,
1205 2793 1279 2864 quae
1321 2767 1461 2862 profluit

387 2887 426 2930 ex
456 2861 566 2956 regula
598 2861 646 2932 lx
668 2862 885 2950 cancellariae3
911 2879 945 2934 et
974 2863 1098 2962 legatus
1131 2863 1264 2960 quidem
1294 2891 1318 2936 a
1353 2865 1461 2938 loten

387 2961 422 3028 in
460 2961 624 3056 provincia
659 2986 715 3032 sua
747 2963 873 3060 primus
913 2986 1071 3060 occupare
1113 2979 1221 3060 potest
1250 2961 1460 3038 collationem

387 3053 641 3142 beneficiorum,
673 3083 750 3155 quae
774 3059 817 3130 ad
848 3061 1036 3158 episcopum
1069 3063 1255 3160 pertinent,
1296 3065 1343 3132 ita
1372 3079 1412 3132 ut
1437 3065 1463 3132 si

387 3153 429 3222 ab
448 3169 588 3252 utroque
609 3153 696 3226 idem
713 3155 909 3230 beneficium
935 3157 1090 3230 collatum
1117 3161 1177 3250 sit,
1208 3162 1316 3256 potior
1341 3159 1464 3232 babes·

388 3267 444 3321 tur
455 3251 597 3344 collatio,
617 3279 692 3350 quae
708 3257 872 3354 antiquior
887 3272 936 3328 est
946 3257 1011 3354 (1)

428 3422 470 3505 (l)
483 3427 556 3508 Cap.
569 3428 588 3487 t
603 3424 638 3487 de
651 3423 727 3510 offic.
741 3425 828 3512 ἱεραί.
845 3449 912 3511 cap.
926 3432 962 3490 5t
982 3427 1019 3491 de
1029 3427 1159 3512 probeo.
1174 3431 1207 3492 in
1222 3433 1251 3492 e.

437 3579 468 3682 §0
505 3581 630 3653 XLIV.
664 3583 790 3656 Omnes
813 3585 990 3658 cardinales
1009 3585 1132 3658 babent
1156 3615 1175 3658 a
1202 3613 1331 3660 summo
1368 3587 1468 3663 Pon-

387 3681 475 3752 tifice
502 3679 709 3772 facultatem,
742 3687 827 3774 sive,
855 3687 904 3755 uti
945 3701 1061 3757 vocant
1098 3685 1265 3758 indultum
1298 3686 1355 3786 (l)
1388 3715 1468 3760 con-

388 3777 513 3851 serendi
541 3779 720 3872 beneficia,
750 3781 944 3880 quibusdam
976 3785 1115 3882 exceptis
1147 3785 1221 3880 (ἓ),
1251 3809 1325 3884 quae
1351 3813 1468 3860 vaeuae

387 3877 475 3950 fiunt
503 3880 537 3948 in
570 3880 633 3949 suis
662 3878 782 3970 titulis,
827 3881 964 3952 ecclesiis
1004 3880 1268 3973 cathedralibus,
1307 3883 1468 3958 dioecesi-

387 3973 467 4068 bus,
501 3975 635 4050 abbatiis
673 3993 707 4050 et
738 3982 938 4052 monasteriis
973 3981 1033 4052 sibi
1069 3979 1317 4074 commendatis,
1356 3983 1469 4057 laxato
