3164 5174
842 421 1063 492 ...544-

415 574 611 648 Benedictus
654 559 829 644 monaobos
864 595 938 642 suos
965 569 1136 642 obstrictos
1180 585 1343 668 perpetuo
1386 570 1490 642 voluit

415 672 539 771 regula,
565 695 665 770 quum
702 668 802 742 semel
828 683 934 740 essent
957 667 1115 766 amplexi,
1157 684 1259 766 atque
1290 671 1335 740 ita
1353 669 1489 740 ·subla-

414 791 486 844 tum
525 785 574 843 est
612 783 777 841 rectorum
795 843 799 854 ,
819 767 1009 856 arbitrium,
1048 784 1082 838 et
1125 767 1292 840 monachis
1335 765 1489 864 adempta

412 871 565 960 libertus,
604 893 703 966 quum
745 865 876 964 pridem
925 864 1093 938 hebebant
1147 865 1300 938 mutandi
1342 865 1490 962 regulam

415 987 449 1040 et
461 969 693 1042 monasterium
707 965 773 1062 (ᾗ).

454 1167 497 1249 (1)
523 1192 537 1221 «ι
550 1169 661 1229 Verum
675 1165 812 1242 illouvo,
829 1164 925 1244 inquit
944 1163 1096 1226 liobillon.
1110 1161 1133 1225 1.
1149 1164 1231 1226 eitut.
1246 1183 1332 1226 oum.
1350 1167 1406 1240 rs,
1419 1185 1489 1226 urm

415 1267 491 1312 unus
512 1257 587 1310 esset
611 1249 787 1311 monasticus
803 1247 892 1322 mdo,
918 1245 1045 1308 neudum
1063 1247 1095 1307 in
1115 1248 1212 1308 varius
1229 1248 1333 1308 dames
1357 1247 1488 1322 divisus3

413 1333 463 1394 illa
487 1331 652 1412 regularem
674 1329 843 1402 diversitas,
867 1345 934 1407 quse
957 1329 1119 1390 uniformes
1142 1331 1352 1406 censebantur,
1376 1329 1489 1398 nullom
1574 1365 1575 1368 =

414 1413 571 1476 induoebat
584 1411 724 1473 ordinum
741 1410 962 1472 diversitatem:
981 1411 1025 1472 uti
1044 1429 1098 1471 neo
1114 1411 1203 1472 modo
1225 1413 1349 1474 diverse
1367 1413 1398 1471 in
1412 1430 1489 1473 eam

414 1497 483 1557 dem
505 1496 638 1577 regulam
662 1493 900 1569 constitutiones,
921 1509 993 1571 quas
1015 1495 1103 1555 vanu
1121 1495 1210 1555 nnius
1229 1493 1421 1574 ejusdemque
1441 1514 1490 1556 or-

415 1579 493 1640 dinis
520 1577 758 1660 oongregationes
784 1575 841 1636 sibi
866 1575 1078 1655 presentant,
1118 1577 1225 1636 unitati
1259 1576 1373 1638 ordinis
1408 1577 1488 1638 haud

417 1661 590 1722 officiunt„
1575 1693 1576 1700 κ

455 1744 497 1825 (2)
518 1747 549 1804 S.
575 1741 686 1804 Bened.
712 1737 807 1822 repul.
824 1759 892 1822 cop.
909 1741 949 1801 118
968 1749 1040 1801 tom.
1058 1741 1071 1799 1
1090 1758 1163 1822 pop.
1188 1741 1244 1801 tat
1265 1737 1312 1800 ed.
1334 1741 1383 1800 eit.
1411 1741 1489 1802 Vide

415 1829 462 1888 Jo.
479 1824 628 1886 liubillon.
653 1823 704 1884 eit.
724 1841 810 1882 oum.
834 1825 872 1883 19
894 1831 923 1883 et
944 1839 1030 1883 num.
1046 1823 1086 1883 28
1099 1840 1171 1904 pop.
1196 1823 1251 1898 38,
1279 1823 1330 1882 ubi
1348 1822 1489 1884 adversus

415 1911 522 1968 Luoam
540 1907 671 1968 tiolsteu.
692 1903 889 1980 demonstret,
907 1907 938 1966 S.
954 1903 1144 1966 Benedictum
1160 1919 1219 1965 non
1238 1911 1353 1966 tanturn
1372 1905 1489 1966 dedisse
1576 1968 1577 1986 ,

413 1989 544 2069 regulam
559 1986 721 2050 cassinensi
734 1985 889 2061 cenobio,
904 1985 955 2046 sed
974 1986 1062 2046 etiam
1082 1985 1180 2047 ordini
1201 1987 1355 2064 universn;
1371 1995 1401 2047 et
1418 1987 1488 2048 vide

415 2073 503 2133 etiam
526 2070 664 2132 eumdem
686 2067 835 2130 ilabillon.
859 2071 935 2130 Aeta
956 2069 1059 2130 Sonet.
1085 2066 1152 2130 ord.
1176 2069 1209 2129 S.
1229 2067 1341 2130 Beood.
1362 2067 1485 2152 prefert.

417 2153 459 2216 nd
471 2173 538 2217 soro.
554 2156 656 2235 lepor.
671 2153 685 2212 1
704 2157 775 2212 torn.
790 2153 809 2212 rt
823 2169 909 2212 oum.
926 2152 965 2212 52
978 2158 1080 2235 etseq.
1093 2169 1166 2234 pop.
1183 2153 1221 2212 17
1233 2159 1262 2212 et
1274 2170 1336 2235 seq.

464 2333 494 2435 §.
525 2331 599 2404 Vll.
628 2329 759 2404 Sueulo
782 2329 835 2402 XI
855 2331 995 2402 instituti
1018 2329 1152 2402 luerunt
1180 2331 1327 2402 canonici
1359 2331 1489 2427 regula-

416 2458 485 2521 res,
509 2457 652 2529 quorum
678 2427 784 2500 multa
807 2445 884 2500 sunt
906 2431 1059 2521 nomina,
1080 2428 1138 2500 sed
1163 2427 1366 2500 celeberrimi
1389 2448 1487 2523 sunt,

415 2535 475 2701 poi
490 2533 524 2602 in
554 2529 763 2601 Lateranensi
805 2527 935 2602 basilios
977 2527 1018 2598 ab
1054 2526 1241 2600 Alexandro
1280 2527 1312 2598 ll
1344 2533 1486 2628 recepti,

444 2631 683 2702 etennensium
714 2651 834 2698 nomen
860 2641 1066 2723 nooeperunt.
1103 2625 1150 2696 Ex
1178 2627 1339 2698 eanonicis
1357 2628 1489 2723 regule-
1578 2643 1579 2646 ’

417 2727 507 2798 ribus
523 2729 677 2826 prooessit
695 2723 731 2796 S.
763 2725 973 2814 Dominieus,
990 2726 1047 2822 qui
1063 2723 1214 2797 ordinem
1238 2727 1379 2796 instituit
1401 2751 1489 2824 prar-

418 2825 600 2898 dieetorum
623 2823 666 2896 ad
697 2821 910 2895 eliminandas
939 2822 1074 2894 haereses
1100 2821 1347 2918 Albigensium,
1381 2824 1490 2921 publi·

418 2927 528 3021 cisque
550 2921 759 2996 macionibus
784 2947 900 3020 pravos
921 2921 1092 2993 hominurn
1115 2945 1222 2994 mores
1248 2923 1487 3017 surripiendus,

419 3047 519 3118 quem
545 3019 694 3092 ordinem
723 3021 873 3116 probavit
902 3020 1016 3092 lunoo.
1048 3019 1114 3110 lll,
1160 3037 1194 3091 et
1226 3020 1392 3093 Honorius
1413 3025 1491 3094 item

419 3119 465 3191 lll
494 3117 710 3191 confirmavit.
741 3118 864 3191 Eadem
901 3133 1093 3216 tempestate
1122 3143 1218 3189 suum
1242 3121 1338 3190 etiam
1372 3124 1491 3192 creavit

421 3217 569 3290 ordinem
594 3243 670 3288 cum
696 3215 767 3312 lege
789 3241 926 3289 summas
948 3218 1166 3314 paupertatis,
1191 3217 1340 3314 exemplo
1369 3215 1491 3290 Christi

421 3332 519 3411 utque
546 3313 799 3411 Apostolorum,
840 3314 878 3386 S.
918 3315 1103 3388 Francisous
1129 3315 1328 3405 Amisiensis,
1355 3333 1390 3386 et
1416 3343 1491 3390 urm

421 3415 518 3486 etiem
533 3411 621 3484 idem
634 3413 796 3486 Honorius
812 3413 1015 3511 approbavit.

471 3610 503 3712 ς.
546 3609 636 3682 Vlll.
675 3611 780 3682 Annis
814 3629 923 3684 sutem
953 3612 1226 3712 consequentibus
1256 3613 1308 3684 nlii
1351 3617 1494 3686 instituti

422 3725 499 3782 sunt
524 3709 655 3783 ordines
683 3711 863 3807 regulares,
887 3727 925 3782 ut
954 3727 1041 3784 certe
1069 3711 1232 3783 charitatis
1254 3711 1361 3784 officis
1388 3739 1495 3812 prus·

422 3825 550 3900 tarent,
592 3823 694 3906 atque
732 3827 771 3881 ut
802 3809 924 3882 clericis
964 3835 1061 3907 opem
1095 3810 1219 3883 ferrent
1258 3813 1293 3880 in
1328 3813 1386 3900 iis,
1420 3835 1494 3910 quae

423 3905 576 3979 clericalis
614 3909 759 3980 muneris
790 3911 921 4006 propriu
954 3925 1043 3980 sunt.
1081 3908 1150 3982 Neo
1180 3910 1405 4005 praeteoeundi
1437 3935 1492 3982 or-

424 4003 516 4077 dines
544 4023 708 4105 equestres
731 4023 765 4078 et
794 4007 969 4099 militares,
993 4009 1050 4104 qui
1078 4009 1295 4104 praesentimus
1321 4011 1490 4096 cruciatis,
