3122 5170
510 455 848 587 ..cre-4⁹22*
884 489 920 546 ²²
952 477 976 544 “²-
1136 471 1164 516 ²
1209 513 1229 588 ’,
1297 463 1339 508 ”

85 662 203 734 donata
248 659 443 752 reditibus,
467 661 624 735 beneficia
668 683 746 735 sunt
784 666 960 762 regularia,
999 695 1036 742 ac
1076 639 1151 744 talia
1322 668 1325 678 ’

84 763 263 857 generatim
306 759 480 832 censentur
497 763 642 850 'emnia,
681 787 756 859 quae
791 791 809 833 a
849 767 1049 860 regularibus
1084 775 1152 870 regi
1179 791 1191 828 ¹-
1260 803 1269 872 .'

85 861 336 931 consueverunt.
390 855 550 930 Beneficia
596 859 795 954 regularibus
835 863 962 936 addicta
1012 866 1155 942 demon-

82 973 229 1027 strantur
265 956 316 1026 rel
351 955 559 1047 fundatione,
591 959 683 1056 cujus
725 962 885 1033 nimirum'
914 947 984 1058 lege
1020 983 1156 1040 cautum

81 1071 154 1144 est,
187 1071 225 1125 ut
264 1080 300 1126 ea
329 1055 487 1149 regularia
526 1053 636 1128 baberi
679 1054 838 1146 debeant,
880 1059 930 1130 vel
964 1063 1154 1162 incorpora·

82 1154 192 1244 tione,
232 1178 308 1224 curn
352 1155 554 1224 monasteriis
591 1154 714 1226 adnexa
755 1174 852 1246 sunt,
889 1158 940 1229 rel
977 1166 1108 1256 praescri
1133 1205 1153 1221 -

83 1253 174 1323 tione
194 1275 355 1322 annorum
377 1251 608 1347 quadraginta,
638 1280 714 1324 cum
744 1279 785 1338 eo,
811 1259 966 1353 temporis
985 1191 1153 1333 intervallo

80 1373 253 1446 sempera
280 1348 483 1446 regularibus
508 1349 728 1422 administrata
759 1353 904 1426 luerunt.

121 1444 164 1614 lp.
198 1445 259 1518 XI.
295 1449 445 1545 Denique
484 1464 561 1520 sunt
601 1448 758 1520 beneficia
804 1451 970 1544 collativa,
1012 1479 1155 1551 quorum

81 1569 121 1616 co
148 1546 211 1616 etio
252 1545 293 1615 ad
337 1570 391 1618 eos
427 1547 589 1643 pertinet,
623 1547 741 1645 quibus
774 1549 961 1643 conserendi
992 1554 1047 1651 jus
1084 1569 1153 1640 est;

80 1641 238 1734 electiva,
282 1669 357 1742 quae
398 1669 458 1740 per
503 1644 713 1734 electionem,
756 1662 944 1743 patronata,
994 1675 1067 1747 qum
1114 1651 1155 1721 cd

81 1744 213 1836 patroni
246 1744 531 1840 praesentationem
565 1743 800 1816 conceduntur.
836 1746 886 1816 De
919 1746 968 1817 bis
1004 1748 1155 1820 omnibus

81 1842 242 1935 superiori
268 1840 352 1912 libro
375 1855 483 1912 actum
513 1856 573 1911 est.
1048 1839 1053 1850 ’

454 2361 693 2448 storto
739 2365 781 2450 Ι.

362 2559 398 2622 lle
419 2561 491 2624 vetita
512 2559 685 2626 benefitiorum
706 2561 868 2626 dultitudlre.

563 2747 703 2758 .----

79 2860 133 2912 xtl.
150 2860 258 2912 Clericus
278 2861 374 2914 duabus
394 2863 500 2916 ecclesiis
522 2880 572 2916 non
649 2864 698 2914 XV.
709 2863 740 2914 lit
748 2862 892 2914 Tridentini.

146 2927 330 2980 adscribendus.
649 2929 710 2980 xvt.
733 2929 807 2980 Poena
834 2927 989 2980 retinentium
1018 2927 1089 2996 plura
1115 2929 1150 2980 in·

78 2991 145 3043 lllll.
163 2991 469 3071 Beneficiaeempatibilia
490 3005 515 3047 et
534 2996 570 3046 in·
713 2994 879 3061 mmpatibilia
890 2993 1016 3071 beneficia.

78 3059 554 3178 lllV.c1⁰)¹dciillulibhidnc.Lataranamia.
647 3059 1029 3193 XVllpigppmlpppppicpzuppppa
1049 3075 1149 3114 numm

539 3257 570 3357 r.
603 3256 679 3328 xu.

126 3405 239 3478 Onnes
272 3403 392 3488 clerici,
428 3431 467 3476 ex
493 3409 593 3476 veteri
625 3403 814 3502 disciplina,
844 3431 919 3476 cum
945 3403 1145 3477 ordinaban-

75 3523 151 3593 tur,
180 3521 276 3577 certae
306 3503 571 3574 adscribebantur
603 3503 780 3593 ecclesiae,
801 3505 852 3574 cui
884 3505 1001 3574 servire
1040 3501 1144 3574 debe·

73 3605 157 3673 bant
195 3619 229 3674 et
265 3629 283 3673 a
324 3627 388 3698 qua
422 3604 594 3673 necessaria
631 3627 769 3700 quaeque
809 3601 1019 3698 accipiebant.
1057 3597 1142 3672 Cum

74 3718 185 3772 autem
219 3727 303 3771 unus
335 3698 488 3797 idemque
517 3699 649 3771 clericus
689 3699 803 3772 eodem
840 3717 987 3795 tempore
1016 3696 1142 3770 duabus

73 3799 215 3871 ecclmiis
243 3799 360 3870 servire
389 3823 456 3868 non
486 3814 614 3894 posset,
654 3823 852 3895 consequens
886 3812 974 3884 erat,
1010 3812 1049 3866 ut
1079 3821 1142 3868 ne-

73 3901 200 3968 rninem
237 3896 362 3967 duabus
389 3895 525 3967 ecclesiis
562 3895 697 3967 adscribi
739 3913 830 3968 vetus
873 3892 1039 3989 disciplina
1079 3919 1141 3990 pa-

72 4011 200 4066 teretur
234 3996 300 4092 (l).
337 3993 415 4070 Haec
450 3992 582 4092 quidem
623 3996 800 4091 generatim
833 3991 1001 4064 obtinebat
1032 3991 1142 4087 regula

72 4117 256 4184 canonum,
288 4093 340 4164 cui
369 4108 479 4164 tamen
510 4092 599 4166 locus
629 4117 696 4165 non
730 4107 818 4182 erat,
854 4117 929 4162 curn
964 4088 1053 4162 aliud
1083 4115 1141 4162 ec·
