3164 5174
822 469 1046 540 -551-

396 623 423 704 §.
439 625 468 697 1,
483 609 653 682 nouantem
667 627 701 678 ut
712 620 878 698 puniretur.
893 617 1002 678 Eodem
1019 616 1183 680 madorem
1194 617 1319 696 explieat
1332 617 1403 679 laisa
1415 618 1469 680 de-

396 703 522 779 cretalis,
534 721 621 780 quam
633 701 758 764 Fabiano
769 699 898 762 Isidorus
910 699 1195 778 adscribit,quaeque
1205 709 1297 760 exstat
1308 699 1342 760 in
1353 705 1465 762 ean.5l

397 805 423 846 o.
438 787 473 846 11
491 804 521 868 q.
540 787 569 844 1.
584 789 694 847 Verum
708 781 1038 864 antiquitatisignoratio
1046 783 1168 858 lecit,ut
1176 781 1239 842 base
1248 782 1374 844 formula
1386 784 1472 866 longe

397 867 482 927 aliter
495 867 718 948 intelligeretur,
734 873 822 944 atque
833 865 911 944 apud
924 865 1093 926 canonistas
1104 863 1231 943 aliquem
1243 863 1363 925 tradere
1376 869 1472 926 Curiae

397 949 527 1009 seculari
540 949 618 1009 idem
633 957 707 1008 esset
720 965 754 1008 ae
767 946 950 1026 puniendum
966 947 1047 1007 dare.
1064 946 1164 1012 Serius
1178 955 1277 1008 tamen
1291 946 1412 1008 iudana
1427 959 1472 1008 est

397 1031 534 1092 solemnis
549 1031 599 1091 ille
616 1030 713 1090 elerici
731 1029 882 1110 degradati
897 1027 1018 1090 traditio
1030 1027 1123 1107 judiei
1140 1029 1292 1102 emulari,
1311 1047 1379 1108 que
1394 1047 1474 1091 nuuc

398 1112 572 1189 adhibetur,
593 1131 716 1191 quaeque
737 1114 768 1172 in
778 1130 821 1206 'eq
835 1119 884 1206 est
894 1111 1005 1200 posita,
1028 1119 1062 1171 ut
1086 1111 1228 1192 graviorb
1254 1112 1388 1206 oriminis
1403 1130 1473 1208 reus

399 1193 957 1354 &dubietatibus
972 1201 1473 1336 bllill.?lt“.l.}llll¹i

399 1378 466 1441 cop.
490 1361 509 1418 8
534 1357 570 1419 de
593 1357 712 1420 camin.
733 1353 822 1454 salai.
846 1357 956 1437 Regula
978 1364 1040 1417 erat
1064 1357 1208 1433 eeclesiae,
1234 1357 1314 1436 quod
1333 1357 1471 1434 olorinas,

399 1441 450 1519 qui
469 1441 506 1500 ab
521 1440 711 1500 ecclesiastiea
729 1439 828 1520 Judioe
850 1447 971 1518 propter
990 1439 1102 1499 crimen
1127 1438 1220 1520 gradu
1246 1441 1470 1516 metastasin,

400 1541 459 1583 non
475 1524 561 1583 aliam
581 1522 717 1600 deinceps
735 1541 751 1582 a
773 1519 902 1582 seurlari
921 1521 1094 1602 magistratu
1118 1539 1235 1600 paenam
1263 1521 1416 1598 toleraret,
1435 1541 1473 1582 ne

402 1605 510 1683 duplex
524 1607 704 1685 irrogaretur
713 1622 813 1682 poena,
828 1603 990 1664 seeundum
1001 1593 1141 1664 cerionem
1156 1611 1250 1682 apost.
1266 1604 1345 1683 apud
1359 1605 1473 1667 Gratia·

400 1705 472 1748 num
490 1707 557 1748 oon.
583 1689 622 1748 11
639 1685 709 1748 dost.
731 1689 781 1747 81.
803 1689 874 1762 Quae
887 1685 988 1766 regula
1002 1685 1149 1764 proposita
1166 1693 1210 1745 est
1222 1685 1253 1746 in
1270 1687 1473 1748 oontrorersiis

401 1767 438 1828 de
454 1769 642 1829 ecclesiastiea
659 1767 858 1840 immunitate,
877 1786 943 1845 quas
962 1773 1034 1827 ortae
1058 1773 1128 1828 sunt
1141 1767 1223 1828 Alex.
1252 1769 1292 1829 111
1314 1767 1470 1846 Pantilioe,

400 1869 529 1928 quasque
547 1851 686 1910 sustinuit
702 1853 733 1912 S.
757 1849 815 1910 Tb.
835 1850 1067 1922 cantuariensis,
1087 1849 1131 1908 uti
1152 1857 1252 1909 narrat
1276 1858 1361 1910 vetus
1380 1851 1471 1929 serip-

401 1941 448 1991 tor
465 1932 543 2010 apud
558 1935 662 1992 Barou.
681 1929 733 1990 nd.
750 1949 802 1990 on.
824 1932 905 1990 {tot
923 1949 1007 1990 num.
1026 1931 1064 1990 56
1087 1949 1159 2012 pop.
1179 1933 1239 1992 252
1253 1939 1283 1991 et
1297 1933 1420 2012 Pagium
1439 1932 1471 1993 in

401 2019 461 2074 not.
474 2032 559 2074 num.
577 2015 596 2075 1
669 2057 676 2073 .
695 2013 755 2073 118
767 2019 838 2072 tom.
852 2013 890 2072 19
904 2009 950 2072 ed.
968 2011 1068 2074 Luem.
1091 2013 1288 2092 Eandemque
1305 2015 1367 2092 ipse
1385 2013 1472 2075 Alex.

402 2097 442 2157 111
457 2113 524 2176 eap.
542 2097 562 2156 1
578 2031 731 2156 ἀοργάἰι.
747 2094 929 2156 Salernitana
945 2095 1079 2172 episeopo
1094 2081 1260 2173 proposuit,
1276 2093 1326 2156 sed
1343 2113 1405 2156 non
1419 2095 1474 2156 de·

401 2175 447 2237 bet
462 2175 621 2260 quemlibet
634 2175 800 2260 depositum
807 2194 871 2318 cpero
886 2175 950 2238 suta
967 2173 1133 2238 excessibus
1152 2175 1232 2256 (eom
1248 2195 1301 2238 ooo
1319 2176 1359 2240 ait
1376 2174 1474 2258 sene·

401 2267 450 2319 tus
463 2255 576 2340 officio,
604 2277 656 2320 nee
679 2255 792 2340 duplici
843 2255 908 2318 beot
930 2257 1030 2339 ipsum
1044 2257 1219 2320 contritione
1241 2259 1398 2340 comum)
1414 2259 1473 2341 ju-

403 2338 463 2400 dici
485 2339 601 2402 tradere
625 2337 775 2404 mentori.
795 2339 894 2402 Nihilo
911 2347 1009 2400 tamen
1033 2340 1132 2400 miuus
1148 2341 1306 2402 Alexandri
1327 2359 1474 2402 suooessor

402 2423 506 2482 Lucius
525 2425 581 2498 111,
601 2431 634 2482 ut
652 2423 778 2504 graviori
797 2440 881 2501 poena
899 2431 1124 2500 persequeretur
1146 2421 1287 2502 hereses,
1315 2441 1382 2502 quae
1402 2429 1474 2483 tune
1537 2461 1538 2502 3

402 2502 459 2564 late
479 2503 700 2586 grassmantur,
719 2505 805 2585 longe
823 2502 903 2564 aliud
918 2505 1069 2564 constituit
1089 2505 1120 2564 in
1141 2505 1275 2583 elerioos,
1297 2506 1347 2583 qul
1366 2507 1397 2565 iu
1412 2505 1475 2566 ha·
1537 2507 1538 2518 *

401 2585 489 2647 resim
505 2587 578 2666 lapsi
593 2587 709 2648 fuerant
726 2605 792 2668 cap.
814 2584 874 2667 93.
893 2585 1036 2667 presenti
1050 2585 1086 2648 de
1108 2587 1218 2649 aaran
1249 2613 1263 2641 ι
1285 2591 1315 2650 Si
1333 2587 1471 2664 aalma,

401 2668 514 2748 inquit,
542 2676 602 2744 est,
633 2669 679 2730 vel
709 2667 864 2747 cujuslibet
895 2668 1045 2748 religionis
1073 2667 1298 2730 obumbratione
1328 2671 1471 2738 luseum,

402 2752 492 2812 totius
523 2750 707 2812 oeuoeiastiai
738 2750 851 2811 ordinis
877 2751 1068 2832 prerogativa
1097 2752 1247 2812 nudetur:
1274 2751 1369 2812 etsie
1395 2751 1473 2812 omni

402 2831 497 2894 officio
521 2841 551 2892 et
574 2833 716 2894 beneficio
739 2831 877 2911 spoliatus
895 2831 1102 2910 ecclesiastiea,
1122 2833 1268 2894 waularis
1290 2833 1475 2912 relinquatur

404 2913 526 2974 arbitrio
539 2917 689 2992 potestatis
703 2913 952 2974 animadversione
964 2913 1061 2975 debita
1076 2915 1254 2994 puniendus.
1271 2941 1284 2970 a
1302 2917 1400 2996 Atque
1414 2915 1475 2976 hee

402 2995 512 3072 prima,
537 3013 603 3057 meo
626 2997 746 3075 quidem
768 2995 894 3076 judicio,
915 2997 1104 3057 ecclesiastiea
1128 2996 1175 3059 lex
1193 3005 1252 3074 est,
1277 3015 1334 3076 qua
1353 2997 1474 3058 clericus

403 3075 577 3157 degradatus
599 3079 720 3139 arbitrio
746 3077 924 3156 relinquitur
950 3079 1097 3140 saeidaris
1113 3081 1315 3162 magistratus,
1338 3087 1374 3140 ut
1390 3097 1474 3158 poena
1536 3097 1537 3122 ι

403 3157 562 3235 officiatum
583 3169 613 3220 et
628 3163 661 3220 in
679 3161 734 3222 bae
760 3161 821 3240 ipsa
843 3161 923 3222 Lucii
948 3161 1154 3222 substitutione
1180 3161 1475 3224 animadvertendum

404 3247 462 3316 est,
480 3241 560 3384 quod
578 3242 699 3304 olerious
716 3260 778 3304 non
799 3240 933 3304 traditur
952 3243 1057 3320 curie,
1078 3243 1129 3304 sed
1153 3252 1267 3304 tautum
1292 3240 1476 3328 relinqantur

402 3341 480 3386 seen
493 3323 555 3384 nris
571 3323 695 3386 arbitrio
706 3323 872 3407 potestatis.
891 3327 954 3402 Qua
975 3325 1006 3386 in
1028 3344 1062 3386 re
1082 3325 1156 3386 nibil
1174 3325 1233 3406 ipsa
1254 3325 1314 3406 agit
1335 3327 1476 3404 eeclesia,

403 3411 516 3465 tautum
531 3406 740 3484 impedimento
758 3425 817 3468 nou
837 3414 881 3466 est
898 3407 1055 3486 quominus
1074 3409 1219 3470 secularis
1235 3409 1422 3488 magistratus
1447 3411 1477 3470 in

405 3487 486 3546 hune
500 3487 638 3549 alericum
659 3489 891 3552 animadvertere
908 3491 1008 3568 possit.
1027 3489 1160 3551 Urbanus
1180 3493 1238 3567 111,
1257 3491 1306 3569 qui
1326 3495 1393 3567 post
1417 3493 1479 3553 Lu·
1535 3555 1536 3564 g

404 3570 481 3664 aium
496 3569 666 3648 pontificatu
684 3571 811 3632 maximo
828 3571 945 3632 sanetus
962 3581 1023 3648 est,
1040 3571 1073 3632 in
1087 3591 1154 3654 cap.
1173 3574 1191 3632 5
1211 3570 1247 3634 de
1263 3570 1383 3632 annin.
1399 3571 1479 3654 salsi
1535 3589 1536 3654 l

409 3651 543 3746 elerroos,
564 3653 614 3747 qui
630 3651 816 3737 falsaverant
831 3649 966 3735 sigilium
984 3653 1062 3736 repis
1075 3657 1261 3715 Frontonem
1282 3653 1320 3714 ab
1339 3654 1478 3735 episeopo

404 3733 491 3814 plecta
506 3733 599 3794 voluat
612 3753 711 3830 poena,
731 3735 818 3796 modo
838 3754 890 3814 per
906 3754 1078 3831 eamusque
1094 3755 1172 3798 mors
1184 3737 1362 3812 inferretur,
1379 3755 1478 3817 neque

404 3815 569 3876 membrum
592 3817 709 3896 aliquod
733 3825 948 3896 amputaretur,
973 3819 1117 3897 Jussitque
1138 3828 1294 3898 preterea,
1320 3826 1354 3878 ut
1369 3819 1477 3881 iisdem

403 3895 1167 4061 mpeqmipeppmsipoqnsnzeqqqpqfipgqiqboqapitpqqqs
1185 3897 1479 4046 ἳιιιἭΙιξᾬΡῗΙτι

406 4079 489 4124 meus
507 4027 562 4144 111,
574 4064 652 4144 sive,
669 4073 703 4126 ut
719 4063 767 4125 alii
785 4072 906 4144 putant,
930 4001 1044 4127 Coelespt.
1068 4068 1108 4126 111
1124 4065 1157 4126 in
1174 4083 1240 4148 rap.
1258 4067 1298 4127 tu
1313 4062 1351 4126 aa
1367 4027 1474 4127 Jaatr.
