3164 5174
576 481 624 494 -
651 437 722 509 505
748 483 796 496 -

194 588 224 690 ς.
253 586 314 658 ΙΧ.
349 586 436 660 Sunt
457 587 526 660 hcc
543 590 618 686 jure
639 589 776 680 tradita,
808 589 926 687 quibus
982 615 1072 662 arere
1091 605 1125 660 et
1144 617 1219 688 quae

103 689 237 786 sequi
258 685 398 776 debent,
424 691 482 784 qui
507 685 663 758 beneficia
684 688 870 760 conserunt.
987 705 1023 760 et
1040 687 1218 760 observari.

145 785 198 857 dae
230 784 479 881 retinendaeque
503 801 580 857 sunt
610 785 697 881 leges
724 813 742 856 a
774 785 1001 858 fundatoribus
1033 789 1219 858 constitura

145 884 190 955 de
204 898 320 972 etate,
347 885 470 954 meritis
494 899 528 956 et
554 883 765 982 qualitatibus
791 884 1081 976 beneficiatorum,
1100 911 1221 983 quam-

146 1007 248 1080 quam
276 980 354 1074 inde
386 981 497 1078 regula
527 1008 689 1054 canonum
725 1009 793 1055 non
826 981 959 1080 quidem
987 981 1120 1055 tollatur
1144 1008 1221 1055 om-

145 1083 247 1170 nino,
281 1079 340 1150 sed
364 1080 416 1151 rel
440 1080 538 1178 paulo
568 1081 671 1152 lenior
700 1081 750 1154 rel
788 1083 887 1154 etiam
921 1085 1058 1154 severior
1090 1080 1217 1154 eradat.

146 1177 259 1262 Quare
286 1181 410 1248 etiamsi
443 1204 525 1251 vana
552 1181 595 1250 sit
622 1179 692 1271 lex,
721 1205 797 1277 quae
829 1179 1037 1251 ecclesiastica
1060 1179 1218 1252 beneficia

144 1275 234 1347 laicis
260 1275 426 1366 adscribit,
456 1303 493 1348 ea
521 1293 632 1349 tamen
664 1276 833 1350 retinenda
859 1293 909 1350 est
935 1277 1011 1368 lex,
1035 1303 1094 1364 per
1122 1303 1219 1374 quam

146 1376 308 1472 simplices
329 1378 427 1445 edam
457 1375 643 1474 capellaniae
664 1393 698 1447 et
720 1377 927 1448 canonicatus
951 1375 1109 1446 beneficia
1133 1373 1221 1446 fiunt

147 1471 374 1564 sacerdotalia,
397 1489 453 1544 aut
467 1501 526 1572 per
549 1501 649 1576 quarn
662 1473 834 1562 ,beneficia
858 1472 1038 1573 quaedam,
1058 1497 1133 1570 quae
1144 1473 1220 1570 jure

147 1586 256 1642 essent
291 1569 519 1666 sacerdotalia,
555 1573 611 1668 ⁴uel
647 1571 843 1663 diaconalia,
882 1571 1063 1644 minoribus
1096 1570 1218 1642 clericis

151 1669 387 1742 conceduntur.

204 1865 233 1967 l.
246 1867 302 1964 ,X·
334 1867 445 1966 Atque
467 1867 559 1960 baec,
585 1895 660 1967 quae
682 1867 724 1940 dc
745 1867 956 1942 fundatorum
971 1867 1043 1963 lege
1064 1866 1220 1954 dicimus,

152 1965 239 2036 dicta
264 1969 361 2037 etiam
388 1967 538 2038 volumus
559 1967 601 2038 de
630 1969 914 2040 constitutionibus
940 1965 1142 2066 singularum
1167 1991 1223 2036 ec-

148 2064 329 2136 clesiarum.
361 2064 445 2138 Nam
462 2092 514 2138 eas
529 2069 599 2162 pari
621 2065 720 2138 modo
743 2081 887 2162 spectare
919 2081 952 2136 et
980 2089 1106 2136 serrare
1128 2064 1222 2134 decet

149 2166 186 2233 in
211 2165 269 2250 iis,
311 2188 385 2260 que
416 2166 612 2261 praecipiunt
640 2163 682 2236 de
717 2167 946 2236 canonicorum
974 2178 1008 2234 ct
1039 2177 1222 2234 ceterorum

149 2259 420 2334 beneficiatorum
434 2261 655 2360 qualitatibus.

199 2459 229 2560 §.
257 2459 318 2532 xl.
346 2459 431 2548 lllud
447 2475 611 2557 postremo
627 2459 720 2532 decet
743 2458 1020 2547 animadvertere,
1045 2455 1134 2554 quod
1154 2482 1221 2529 nou

149 2561 335 2630 tantumin
369 2557 574 2630 conserendis
597 2559 764 2632 beneficiis
793 2559 954 2654 sacrisque
985 2555 1224 2652 magistratibus

146 2659 310 2754 inspicere
343 2673 472 2755 oportet
507 2655 668 2752 gradum,
698 2671 845 2745 aetatem,
883 2679 1008 2742 mores,
1039 2651 1222 2724 doctrinam

146 2755 373 2851 singulorum,
391 2753 451 2825 scd
475 2757 574 2828 etiam
594 2757 629 2825 in
655 2755 870 2828 ecclesiasticis
896 2751 1030 2842 officiis,
1063 2773 1140 2847 quae
1147 2751 1224 2846 jure

144 2853 299 2950 delegato
324 2853 534 2926 mandantur.
566 2853 606 2924 ln
626 2880 691 2952 quo
716 2869 826 2927 tamen
852 2849 995 2922 multum
1019 2847 1104 2920 valet
1127 2873 1223 2918 man-

148 2954 260 3024 dantis
297 2951 446 3024 voluntas
484 2967 582 3049 atque
611 2967 772 3050 potestas3
802 2965 960 3050 preterea
1006 2972 1134 3020 necmse
1176 2961 1223 3018 est

146 3051 298 3124 indolem
338 3066 437 3148 atque
472 3066 623 3124 naturam
655 3050 911 3152 jurisdictionis,
951 3069 1027 3146 quae
1056 3047 1224 3118 commissa

149 3152 235 3243 snit,
254 3149 428 3245 diligenter
442 3148 636 3247 expendere.
