3100 5182
524 367 747 438 -107-

100 514 345 600 juredicticnuiis.
370 513 607 579 Socrcmcuteiis
618 512 738 598 quidem
745 520 878 598 potestne
891 521 949 591 cst,
964 533 1033 598 quc
1043 535 1101 599 per
1112 517 1169 580 cii·

9 639 10 642 =
105 619 181 683 pon
206 593 458 662 somecrdtionem
475 595 630 680 confertur
632 639 695 658 .....
716 604 745 658 et
764 593 834 658 talis
852 604 983 676 potentes
1000 599 1167 662 emendum

104 701 177 742 mom
198 681 357 744 asmticm
378 686 514 740 rencourt
538 677 571 740 in
599 675 733 756 homine,
758 677 813 772 qui
832 695 889 760 per
915 680 1167 742 consecrationem

105 781 159 824 enm
173 771 216 823 cst
237 761 378 844 adoptem
400 757 550 844 quamdiu
572 759 660 835 vicit,
677 759 739 822 siue
757 778 790 818 m
812 755 962 835 seturna,
978 760 1039 822 sibe
1060 762 1092 822 in
1108 759 1169 826 te-

106 844 179 904 rcsim
198 840 320 904 labatur
323 885 398 904 ......
415 845 526 903 Temen
548 840 678 902 heretici
704 849 734 902 et
760 839 937 902 schismatici
957 860 1049 902 usum
1067 851 1166 924 potcs-

106 925 162 986 tatis
174 926 328 1002 mmet,
343 924 389 984 ita
406 919 534 998 scilicet,
547 921 627 1006 qued
640 941 701 984 nce
714 919 801 984 licent
820 922 862 984 eis
874 941 933 984 rua
985 929 1087 984 testate
1101 926 1158 986 uti.

105 1007 134 1066 u·
148 1013 243 1066 tumen
265 1003 583 1086 miserrimorum
600 1011 733 1086 potestne
754 1003 888 1098 effectum
979 1013 991 1065 t
1011 1004 1045 1066 in
1066 1023 1166 1068 socru·

105 1084 265 1150 mentm
268 1129 349 1150 ......
371 1089 508 1148 Potestas
532 1093 632 1147 autern
671 1081 914 1148 'urirdtctionelir
941 1093 1000 1163 est,
1028 1105 1098 1170 qttoe
1126 1108 1165 1150 en

104 1165 219 1249 ticeptici
244 1168 428 1252 injunctione
453 1165 581 1228 ummo
594 1107 759 1248 conplere.
785 1169 827 1228 Et
854 1163 925 1228 tulis
945 1175 1078 1248 potestas
1102 1187 1164 1232 nort

106 1246 276 1310 immobiliter
299 1245 444 1311 adheret.
471 1245 553 1310 Unde
578 1247 611 1308 in
643 1245 841 1310 schismaticis
873 1254 903 1308 et
929 1241 1074 1312 hereticis
1102 1269 1164 1314 noo

107 1337 202 1390 mur.
221 1328 303 1392 Unde
320 1349 381 1392 non
408 1337 602 1411 possunthoc
626 1327 789 1406 absolvere,
813 1347 866 1391 nce
889 1329 1162 1410 recommunicare,

108 1409 362 1494 necindctqffltins
380 1409 491 1494 fecem,
513 1418 569 1471 cut
586 1406 704 1494 aliquid
725 1407 909 1493 hujumodi.
934 1409 1020 1487 Quod
1043 1410 1072 1472 si
1093 1411 1167 1496 fecc-

108 1491 173 1566 riet,
198 1491 273 1554 nihil
291 1501 335 1556 est
353 1503 466 1556 actum.
493 1492 632 1554 Enmdcm
656 1493 808 1571 potcstatis
832 1491 1007 1552 divisionem
1033 1493 1168 1572 pluribus

108 1569 242 1634 iiiisioeis
253 1583 367 1638 andus
382 1574 509 1638 Themis
520 1574 675 1654 proponit,
692 1573 855 1652 presertim
869 1580 952 1653 pert.
969 1574 988 1636 5
1004 1583 1112 1656 quen.
1128 1578 1168 1639 65

111 1660 166 1712 nrt.
180 1656 212 1730 ἢ,
227 1663 255 1715 ct
269 1657 398 1718 eumdem
413 1657 501 1718 etiem
517 1673 577 1716 non
596 1655 721 1716 obscure
737 1653 829 1716 trudit
841 1653 972 1734 synodus
994 1655 1169 1719 Tridentino

112 1750 175 1794 sess.
195 1737 232 1796 23
252 1757 314 1798 cer.
337 1740 370 1816 7,
392 1737 443 1800 ubi
465 1739 496 1798 in
518 1737 659 1818 episcopis
679 1743 839 1816 utrumque
858 1735 1039 1816 requiritur,
1059 1738 1169 1800 scilicet

112 1813 228 1894 legitime
250 1817 399 1881 ordiuctio
426 1825 456 1879 et
479 1819 609 1900 legitime
633 1817 750 1896 missio,
782 1835 908 1896 querum
936 1817 1027 1878 nitere
1054 1821 1168 1882 confert

110 1897 223 1974 ordinis,
243 1901 332 1962 altere
353 1900 566 1980 jurisdictionis
579 1907 762 1978 potestatem.
786 1897 864 1975 Quid
881 1899 961 1978 quod
979 1899 1066 1960 etism
1086 1909 1169 1964 extre

109 1978 263 2043 catholicam
291 1983 442 2045 ecclesiam
467 1981 597 2042 hscretici
622 1989 651 2042 ct
675 1981 867 2058 schismatici,
887 1981 940 2060 qui
965 1981 1023 2042 rite
1039 1982 1168 2046 ordinati

109 2061 173 2138 sint,
196 2064 307 2124 ordinis
326 2071 499 2144 potestatem
525 2063 635 2124 hebere
660 2069 797 2141 possunt,
818 2061 1032 2142 jurisdictionis
1056 2073 1166 2142 nutem,

110 2141 166 2220 quir
179 2143 258 2206 deest
275 2147 406 2226 legitime
424 2143 540 2220 missio,
563 2145 682 2206 omnino
702 2161 762 2206 non
774 2146 917 2223 pemunt?
944 2146 1021 2224 Ergo
1045 2154 1170 2225 utreque

109 2231 220 2299 potstas
232 2227 371 2288 distinctu
389 2235 448 2303 ost,
463 2243 558 2304 neque
573 2227 633 2287 sola
647 2225 793 2286 ordinatio
809 2225 878 2286 iacit
892 2231 926 2286 ut
943 2225 1031 2286 simul
1045 2235 1170 2306 utreque

108 2312 271 2380 potestesse
293 2309 408 2369 ordinis
435 2315 465 2368 et
484 2307 697 2386 jurisdictionis
728 2307 905 2384 acquiratur.
937 2307 1082 2368 Monendu
1106 2307 1170 2370 hoec

109 2403 162 2446 csse
179 2389 274 2465 volui,
297 2399 331 2450 ut
351 2397 466 2450 mature
480 2397 576 2468 patent
597 2407 681 2450 error
705 2388 835 2450 cononici
853 2389 971 2468 Georgii
996 2388 1126 2469 smmi,
1142 2401 1172 2451 et

107 2465 216 2530 dicmur
242 2471 361 2551 generis
384 2470 533 2549 ejusdem,
557 2471 607 2549 qui
628 2469 807 2530 notissimum
827 2469 904 2530 hunc
925 2487 991 2530 rece
1012 2470 1171 2534 tissimum·

107 2565 155 2624 que
169 2553 320 2629 pctmtstis
344 2551 562 2613 distinctionem
586 2551 658 2612 lnlso
680 2559 710 2611 et
731 2551 869 2612 audacter
889 2489 1067 2630 improbent.
1096 2555 1169 2631 Eos,

107 2639 200 2705 preter
212 2643 343 2708 ceteros,
359 2633 451 2694 solido
465 2633 604 2693 reiutnvit
617 2631 772 2712 Belgenius
785 2629 907 2694 dintrtb.
929 2629 1010 2694 sudo
1024 2633 1172 2714 piurisdi·

107 2711 178 2774 sicne
190 2712 404 2790 cccbdnstice,
421 2719 522 2778 home
535 2716 614 2776 edite
627 2733 677 2774 en.
696 2715 786 2774 1791.

144 2841 173 2956 ς.
202 2845 245 2916 ll.
276 2845 326 2917 Ex
353 2870 420 2941 quo
441 2843 652 2942 intelligitur,
675 2841 756 2940 quid
779 2840 839 2912 sihi
862 2839 938 2911 velit
964 2844 1010 2912 vis
1038 2857 1071 2914 et
1092 2849 1173 2917 rntio

106 2955 268 3039 utriusque
300 2945 467 3038 potestatis
500 2957 533 3012 et
570 2939 771 3013 hierarchiis.
802 2938 932 3011 Scilicet
959 2955 1100 3036 potestas
1140 2959 1174 3013 et

106 3036 274 3110 hierarchis
307 3039 541 3138 jurisdictionis
576 3041 682 3110 omnis
718 3053 765 3108 est
813 3039 916 3134 posite
954 3039 988 3110 in
1022 3039 1171 3134 regendis

106 3133 384 3233 gubernandisque
420 3135 582 3224 subditis,
621 3161 658 3206 ec
681 3133 885 3234 jurisdictio,
921 3159 996 3232 quic
1032 3151 1101 3207 tota
1138 3139 1174 3207 in

106 3231 158 3302 boc
183 3236 345 3330 regimine
371 3260 408 3305 ec
431 3233 590 3330 gubernio
620 3234 784 3322 consistit,
811 3231 924 3302 heberi
949 3257 1017 3304 non
1044 3249 1172 3400 iiloel'

105 3331 157 3399 nisi
178 3330 305 3402 subditi
334 3331 421 3419 sint,
448 3335 506 3428 qui
534 3345 690 3424 regantur
709 3347 742 3400 et
776 3329 1016 3422 gubernentur.
1081 3357 1175 3402 erum

105 3424 277 3498 hierarchis
306 3444 341 3498 et
368 3445 508 3524 potestas
545 3426 669 3498 ordinis
697 3428 841 3523 pertinet
873 3425 914 3495 nd
947 3453 1075 3499 sacrum
1107 3429 1174 3498 mi-

106 3525 290 3616 nisterium,
315 3540 414 3620 utque
454 3525 493 3596 nd
521 3523 697 3620 spiritualia
730 3523 818 3594 bone
857 3521 1030 3596 christiano
1052 3524 1176 3622 populo

106 3620 295 3712 tribuenda',
320 3625 459 3694 maxime
479 3637 691 3711 sacrumente,
712 3643 788 3718 que
811 3635 890 3692 sunt
916 3621 1016 3718 hujus
1046 3620 1175 3696 vincula

108 3721 274 3808 societatis,
310 3745 413 3814 euque
441 3735 567 3790 constet
603 3721 780 3816 episcopis,
813 3716 1011 3816 presbyteris
1042 3734 1076 3788 ct
1109 3719 1176 3787 mi-

106 3819 221 3886 nistris.

148 3910 178 4008 S.
221 3911 281 3983 lll.
323 3909 424 3994 Quod
459 3915 575 3984 attinet
614 3911 655 3982 ad
688 3913 775 3984 hunc
815 3911 1053 3996 hierarchiam,
1093 3933 1177 3978 unus
