3134 5144
700 944 911 1033 storto
942 947 1049 1032 tm.

693 1167 729 1231 ue
743 1169 862 1252 capitulis
876 1168 1062 1232 canoniorum.

341 1523 390 1572 tv.
403 1521 511 1590 collegia
522 1520 703 1574 conculcatum.
981 1518 1104 1588 Aquibus
1120 1527 1145 1570 et
1156 1517 1220 1569 intra
1238 1519 1305 1588 quod
1320 1529 1417 1588 tompus

339 1587 483 1639 attonde
502 1598 583 1639 ortum
602 1587 775 1639 canonicorum
795 1598 838 1637 no-
981 1585 1035 1651 ejus
1046 1583 1132 1636 electio
1145 1583 1256 1636 facienda
1265 1585 1312 1635 sit?

405 1669 471 1703 mon.
916 1650 999 1702 thv.
1023 1649 1083 1712 nui·
1105 1649 1163 1718 eligi
1185 1650 1274 1702 debeat
1295 1661 1320 1702 et
1341 1667 1417 1719 quam

339 1717 412 1768 uvtt.
426 1717 542 1768 canonici
551 1715 708 1769 saculareset
720 1716 853 1794 regulares.
980 1715 1175 1782 jurisdictionem
1187 1715 1291 1767 habeat?
1399 1781 1403 1788 1

341 1783 425 1834 LVlll.
438 1783 553 1850 Capitula
567 1783 605 1834 rel
622 1783 789 1845 cathedralia,
800 1782 839 1833 rel
917 1781 987 1832 LXV.
1006 1781 1147 1848 Capitulum
1164 1781 1247 1847 ejusve
1264 1783 1368 1833 vicarius
1379 1799 1418 1831 nr-

406 1848 544 1915 oollegiata.
984 1847 1019 1896 hil
1030 1847 1089 1898 sede
1100 1859 1200 1898 ramata
1211 1847 1328 1898 innovare
1338 1857 1420 1914 potest

339 1913 402 1962 th.
416 1912 594 1989 &noricorum
606 1911 721 1988 officium.
983 1923 1008 1962 ot
1017 1912 1082 1989 mihil
1097 1927 1184 1988 agere,
1200 1913 1267 1980 quod
1282 1914 1313 1964 sit
1323 1913 1418 1964 ordinis

340 1978 553 2093 llil'lllllal'
566 1977 840 2111 &lllll'll'tllaaa
919 1977 1416 2118 cxvlllffllel'tsamnaaparua,

408 2107 466 2159 sede
477 2119 585 2184 vacante.
728 2172 734 2184 Ι
803 2173 809 2184 ·
984 2124 1039 2175 qum
1045 2117 1129 2158 contra
1136 2124 1185 2184 non
1196 2117 1320 2183 possintet
1325 2107 1416 2183 quibus

342 2173 406 2223 Lllll
418 2183 443 2225 ct
454 2173 538 2225 Llllll.
554 2173 663 2226 vicarius
680 2173 832 2242 apiculam.
984 2183 1050 2224 recte
1063 2173 1153 2224 dentur
1165 2173 1251 2224 litterae
1262 2173 1413 2224 dimissoria.

815 2325 846 2425 g.
877 2325 947 2397 nu.

389 2501 652 2571 Ecccasnsrrctrr
683 2497 875 2594 dignitatem
904 2497 1001 2571 hodie
1025 2502 1124 2571 etiam
1159 2503 1262 2572 inesse
1292 2518 1419 2573 constat

340 2601 374 2667 in
420 2597 561 2690 collegiis
592 2599 824 2667 canonicorum
859 2613 930 2667 tum
967 2597 1200 2668 cathedralium
1240 2615 1312 2668 tum
1346 2599 1420 2670 col-

340 2697 534 2789 legiatarum
569 2692 790 2766 ecclesiarum.
830 2692 1026 2766 Catbedralc
1066 2695 1230 2791 templum
1273 2697 1416 2786 dicitur,

341 2795 467 2888 inquo
495 2795 665 2888 episcopus
690 2818 782 2862 suam
798 2792 896 2863 babet
919 2792 1107 2862 cathedram
1136 2809 1170 2862 et
1198 2793 1288 2888 quod
1320 2795 1420 2890 prin-

341 2915 417 2983 ceps
450 2907 499 2959 est
532 2906 735 2978 ceterorum,
770 2915 847 2984 quae
888 2891 920 2960 in
960 2893 1088 2960 civitate
1125 2905 1182 2960 aut
1212 2893 1248 2960 in
1288 2889 1419 2962 dioecesi

342 3001 432 3055 sunt.
475 2984 590 3055 Cetera
626 2989 771 3082 templa,
806 3011 880 3084 quaa
913 3002 989 3083 post
1016 2986 1200 3058 cathedrale
1242 2987 1418 3082 collegium

343 3082 466 3152 habent
477 3085 721 3171 canonicorum,
740 3083 907 3180 collegiata
924 3084 1143 3181 appellantur.

393 3227 423 3328 §.
460 3226 550 3298 LVI.
590 3227 754 3300 Omnibus
781 3229 859 3300 olim
889 3229 1010 3301 clericis
1024 3255 1198 3301 commune
1220 3229 1282 3300 luit
1317 3255 1421 3302 cano-

345 3327 494 3396 nicorum
533 3351 676 3415 nomen,
708 3329 784 3424 quia
813 3326 934 3398 scilicet
976 3327 1130 3424 adscripti
1168 3343 1262 3397 crant
1290 3334 1425 3400 canori

345 3450 401 3493 seu
437 3423 638 3494 matriculae
668 3425 827 3514 ecclesiae,
858 3425 950 3520 cujus
990 3441 1124 3520 sumptu
1155 3423 1323 3496 alebantur
1348 3425 1416 3521 (l).

345 3519 464 3591 lllediis
495 3535 604 3591 autem
631 3521 755 3591 saeculis
791 3523 936 3594 canonici
968 3521 1046 3592 dicti
1081 3539 1159 3592 sunt
1190 3521 1320 3614 clerici,
1359 3523 1422 3617 qui

345 3643 555 3691 communem
584 3632 617 3688 et
643 3618 824 3689 secundum
850 3621 1015 3714 propriam
1044 3617 1190 3712 regulam
1220 3621 1316 3688 vitam
1347 3635 1422 3688 tra-

344 3715 521 3788 ducebant.
563 3715 632 3784 Hoc
666 3740 760 3786 sensu
795 3715 1027 3811 Crodogangua
1064 3715 1217 3788 Metensis
1250 3719 1425 3814 episcopus

343 3819 488 3911 primus,
535 3829 573 3882 ut
620 3808 766 3904 videtur,
816 3829 912 3885 aetate
954 3813 1062 3909 Pipini
1107 3818 1192 3910 regis
1246 3817 1423 3886 canonicos

345 3915 509 4000 instituit,
551 3909 682 3981 clericos
714 3909 881 4001 videlicet,
928 3935 1031 4007 quos,
1074 3911 1171 3982 nullis
1207 3913 1329 3982 emissis
1356 3935 1424 3982 ro-

347 4009 401 4096 tis,
443 4011 479 4078 in
520 4035 619 4080 unam
653 4010 837 4081 societatem
881 4011 1006 4103 coegit,
1054 4008 1238 4106 quibusque
1272 4007 1424 4103 regulam
