3142 5188
540 483 682 598 -1661
712 525 761 538 -

111 625 250 726 amplius
271 629 358 700 inter
386 631 552 726 episcopos
585 645 617 702 et
647 629 810 728 regulares
841 631 962 725 vigeret
989 647 1074 704 arcte
1109 631 1181 723 illu,

112 751 189 822 quae
222 741 316 798 antee
346 727 470 818 luerat,
508 729 696 822 conjunctio
729 729 936 818 enimorum,
977 729 1019 801 de
1055 733 1183 828 episco-

111 823 241 918 pulibus
273 828 449 896 seminariis
491 825 699 898 restituendis
741 839 850 896 sctum
884 840 945 896 est.
986 827 1184 924 Reginoldus

110 921 211 994 Polus
243 922 333 994 cord.
368 947 444 996 cum
481 922 523 995 de
562 922 773 995 instaurando
807 922 1079 1022 emendendoque
1121 953 1184 998 an-

111 1017 240 1118 glicano
286 1020 372 1093 clero
415 1024 589 1116 cogitaret,
633 1023 779 1093 animum
834 1024 931 1092 etism
982 1022 1100 1122 adjecit
1143 1024 1184 1096 ed

106 1119 264 1216 juvenes,
318 1122 375 1218 qui
422 1121 671 1192 instituerentur
711 1123 747 1190 in
797 1122 994 1210 seminariis,
1043 1147 1184 1220 quorum

111 1218 258 1311 regimen
289 1219 514 1316 rationemque
546 1243 606 1316 pro
632 1219 716 1290 osuit
745 1217 811 1315 (ἓ).
844 1216 912 1289 Sed
948 1244 1019 1290 rem
1049 1245 1182 1292 omnem

112 1313 249 1384 obsolvit
282 1314 426 1414 synodus
463 1316 580 1408 Trid,
608 1245 676 1388 iate
714 1315 806 1412 lege,
840 1343 905 1416 que
938 1319 1078 1414 episcopi
1103 1323 1186 1413 jussi

112 1427 192 1483 sunt
219 1436 322 1510 prope
354 1414 519 1486 ecclesium
550 1413 792 1506 cathedralem,
824 1414 926 1487 sliove
965 1414 1083 1487 idoneo
1114 1415 1185 1488 loco

114 1509 309 1606 collegium,
351 1527 407 1583 eut
443 1515 651 1585 seminarium
684 1514 873 1603 instituere,
907 1515 943 1582 in
978 1538 1044 1609 quo
1079 1512 1186 1586 clerici

114 1607 156 1677 ad
189 1608 295 1680 studia
325 1609 508 1682 litterarum
544 1627 643 1710 etque
674 1611 715 1682 ed
747 1636 818 1682 rem
854 1609 1097 1683 ecclesiasticam
1128 1614 1185 1682 in-

114 1723 282 1779 struantur
311 1708 377 1806 (5).

156 1901 198 1985 (l)
219 1903 352 1966 Moneohi
376 1905 488 1966 scholas
510 1905 621 1986 ubique
643 1905 802 1984 habehant,
830 1906 861 1967 in
882 1905 990 1984 quibus
1010 1907 1094 1987 pueri
1114 1925 1187 1968 eru·

115 1983 291 2062 ‹liehsntur3
320 2006 423 2048 verum
451 1989 515 2049 alise
546 1997 630 2050 erent
652 1989 758 2051 schole
785 1987 942 2050 exteriores
966 1996 996 2048 et
1019 1989 1185 2064 cononice,

113 2067 334 2211 pepaeparebsnt
354 2070 465 2131 clericis
483 2071 683 2149 soecularibus,
706 2072 770 2133 alies
789 2069 944 2132 interiores
964 2089 1015 2131 seu
1039 2069 1187 2132 claustro-

161 2195 170 2227 5

188 2169 219 2210 m
236 2151 344 2230 quibus
361 2151 496 2214 monachi
514 2161 544 2214 et
565 2154 649 2232 pueri
669 2153 846 2216 monasterio
868 2151 958 2213 oblati
981 2153 1185 2214 versabantur.

114 2235 149 2293 ln
163 2231 209 2292 his
224 2233 410 2294 secularibus
424 2235 536 2295 clericis
550 2236 647 2296 nullus
665 2244 727 2296 eret
746 2235 837 2296 locus.
860 2234 1014 2297 videndus
1034 2235 1183 2298 Mobillon.

115 2321 175 2374 act.
194 2315 248 2376 SS.
267 2313 366 2376 ordin
382 2317 415 2378 S.
428 2313 539 2379 Bereed.
557 2315 650 2400 pref.
665 2316 706 2380 ed
728 2337 795 2381 sce.
811 2317 865 2380 111
876 2313 903 2397 3.
919 2319 938 2378 l
952 2335 1037 2378 num.
1056 2319 1097 2379 to
1110 2336 1183 2400 paq.

117 2393 213 2458 tueri.
234 2398 306 2458 Vere.
324 2400 416 2459 1754.

158 2476 188 2558 (t
222 2479 448 2542 Reiormstionis
462 2481 554 2561 eaptn
572 2501 588 2541 a
609 2481 689 2542 card.
715 2482 786 2543 Polo
806 2480 952 2561 proposito
975 2487 1089 2540 exstent
1109 2481 1188 2560 apud

117 2479 328 2705 Ιιξιιιηίυσονιο11
336 2569 411 2706 1torre.
439 2566 478 2624 t0
492 2561 547 2626 col.
563 2565 640 2636 408,
660 2563 808 2626 seminarii
837 2569 936 2624 nutem
959 2561 1053 2624 forme
1077 2561 1188 2624 descri-

138 2651 199 2704 ttur
243 2661 299 2706 cer.
357 2688 364 2704 .

158 2723 201 2806 (5)
223 2729 311 2787 Cone.
336 2725 420 2788 Trid.
439 2747 510 2790 sess.
531 2728 571 2790 23
592 2726 628 2790 de
648 2723 706 2808 res.
722 2745 747 2788 e.
772 2729 823 2788 t8.
849 2725 980 2790 videndi
1006 2734 1076 2788 sunt
1100 2725 1188 2786 ctiam

117 2810 189 2868 Bon.
207 2809 276 2869 Xlll
302 2809 401 2869 Const.
428 2809 551 2872 Credite
572 2807 654 2872 nobis
675 2811 713 2870 67
735 2828 806 2891 pap.
827 2812 888 2872 409
914 2818 984 2870 tom.
1011 2811 1043 2869 ll
1075 2805 1187 2868 bullar.

117 2887 174 2950 ult.
195 2887 257 2964 ed.,·
275 2891 345 2950 Ben.
368 2894 436 2953 xtv
461 2901 551 2954 const.
583 2891 639 2952 titt
656 2891 791 2972 primum
810 2894 828 2950 2
847 2891 875 2974 3.
898 2895 1003 2952 item.
1031 2893 1043 2950 l
1076 2886 1186 2950 bullar.

115 2991 149 3054 p.
174 2969 462 3036 sedictionem
487 2977 559 3036 Vere.
585 2975 679 3050 trus,
701 2981 729 3033 et
750 2975 829 3034 Inst.
854 2971 923 3035 eccl.
952 2974 1004 3050 59,
1025 2980 1056 3032 et
1080 2975 1111 3034 S.
1140 2973 1190 3033 Ce-

117 3053 198 3114 rolus
220 3057 303 3116 Borr.
328 3072 410 3115 cone.
436 3059 527 3118 Proo.
552 3059 573 3118 1
592 3063 649 3118 eet.
673 3052 770 3116 eorus.
796 3053 919 3118 Medici.
942 3057 1045 3137 pent
1074 3055 1186 3114 tom.l

115 3155 187 3217 pop.
201 3137 235 3197 ll
254 3133 301 3198 ed.
317 3138 427 3198 Puteo.
443 3140 535 3200 tttt.
550 3137 717 3200 secundum
728 3135 812 3198 Trid.
826 3138 940 3198 concilii
954 3138 1048 3218 legem
1064 3138 1133 3198 Pius
1148 3136 1188 3198 lV

118 3217 290 3279 clericorum
308 3219 463 3280 seminaria
482 3223 582 3282 Rome
604 3221 726 3296 aliisque
742 3219 774 3278 in
797 3219 921 3280 urbibus
939 3217 1090 3280 excitanda
1104 3235 1189 3278 curs-

117 3301 171 3444 vip,
188 3300 232 3360 uti
241 3309 340 3361 narret
351 3301 518 3382 Reyneldus
533 3301 573 3364 ad
587 3321 638 3364 an.
656 3303 831 3362 tullinum.
848 3303 886 3364 55
903 3309 973 3363 tom.
992 3303 1112 3384 ilipap.
1127 3297 1187 3362 tur

119 3383 278 3446 enom.

167 3561 198 3663 3.
227 3563 286 3636 lli.
315 3565 430 3664 ltaque
466 3591 579 3639 omnes
612 3567 752 3664 episcopi
784 3563 903 3638 hebere
935 3561 1058 3636 debent
1090 3565 1190 3634 semi·

119 3665 270 3756 nerium,
307 3667 341 3734 in
382 3690 448 3764 quo
487 3667 704 3763 recipientur,
746 3666 804 3762 qui
835 3664 877 3734 ed
908 3664 1082 3734 minimum
1110 3661 1190 3734 duo·

121 3761 228 3833 decim
263 3787 388 3853 annos,
426 3780 460 3834 et
494 3788 533 3834 ex
566 3763 712 3858 legitimo
746 3763 954 3834 matrimonio
993 3759 1060 3830 neti
1097 3761 1186 3850 sint,

119 3885 170 3930 ec·
190 3857 297 3955 legere
328 3877 362 3933 et
383 3861 522 3938 scribere
545 3864 714 3952 noverint,
744 3876 790 3932 »etv
810 3885 952 3956 quorum
980 3855 1104 3930 indoles
1136 3872 1190 3927 ct·

121 3983 187 4055 que
229 3957 377 4032 voluntas
412 3985 503 4058 spem
535 3957 664 4049 efferet,
705 3983 758 4032 eos
790 3973 949 4055 perpetuo
974 3955 1190 4026 ecclesiasticis

119 4057 303 4130 ministeriis
329 4058 472 4132 addictos
500 4057 569 4132 lore
597 4059 663 4156 (l).
694 4056 762 4142 Qui
783 4058 919 4154 juvenes
949 4056 985 4126 in
1019 4055 1192 4138 seminario
