3134 5144
535 413 584 426 -
607 369 753 456 aar..

116 527 280 602 potestatum
304 521 373 600 jura
395 519 433 580 ad
451 537 597 580 summam
629 519 798 582 Pontificem
829 519 945 584 devolvi
974 539 1072 600 posse,
1102 527 1169 605 quia

116 623 236 666 summus
252 604 506 665 omniumvcrtox
523 609 577 663 est.
599 601 753 675 Necllooci
778 621 847 684 ergo
867 603 954 664 lacios
976 603 1024 682 jus
1048 605 1170 670 devolu-

116 687 210 761 tionis,
230 705 288 766 qua
309 683 493 764 splendidius
515 684 596 746 aliud
620 685 669 746 vix
695 683 767 766 tingi
791 692 896 764 potest.
925 686 955 748 Si
982 693 1080 748 autem
1108 691 1171 753 hec

111 768 169 847 jura
189 767 353 830 a-nouciliis
371 765 598 846 prouincialibus
621 766 658 828 ad
683 769 847 829 Romanum
875 767 1046 829 Pontificem
1071 769 1172 838 devol-

113 859 228 926 matur,
247 851 316 930 quia
332 867 463 911 summus
479 849 612 910 omnium
629 856 730 909 vertex
748 856 808 925 est3
835 867 987 928 perperam
1014 868 1084 932 argo
1101 855 1172 918 inde

113 932 243 1006 iasa-tur,
267 933 347 1010 qupd
365 949 398 992 ea
418 949 455 992 ex
480 949 543 992 aesc
559 949 618 992 non
642 929 763 1008 habeat,
784 931 862 1009 quod
879 949 911 991 ca
938 943 1074 1012 usurpet,
1092 939 1172 1015 quod

114 1015 249 1075 contrario
276 1034 332 1076 usu
354 1013 445 1094 possit
456 1014 632 1074 amittere.»
655 1013 815 1092 scripserat
831 1021 928 1076 autem
952 1014 1041 1093 ¹paulo
1065 1037 1170 1099 supra:

118 1115 198 1157 «non
215 1115 286 1178 ergo
301 1114 366 1157 eam
382 1101 553 1174 potestatem
567 1115 584 1155 a
598 1095 727 1156 muciliis
740 1095 965 1174 provincialibus
979 1097 1024 1158 rel
1045 1101 1169 1181 accepit,

114 1179 154 1238 ael
182 1179 302 1240 extorsit
325 1182 473 1240 Romanus
500 1177 648 1254 Pontiiex;
679 1177 730 1238 scd
758 1195 844 1255 quam
873 1196 987 1257 semper
1011 1179 1170 1262 habuerat,

113 1278 218 1338 semper
230 1259 338 1322 alicubi
353 1267 535 1336 exercuerat,
553 1278 617 1320 cam
633 1259 891 1338 supersedentibus
908 1261 1037 1322 maciliis
1051 1267 1172 1344 provin·

118 1343 228 1405 cialibus
239 1343 329 1423 coepit
340 1342 451 1422 ubique
461 1349 608 1404 terrarum
619 1341 697 1404 aolus
711 1359 856 1402 exercere.
869 1366 882 1396 a

183 1601 190 1616 .
218 1547 283 1620 xl.
318 1546 416 1618 initio
452 1545 603 1618 Clemens
628 1546 658 1616 V
688 1546 755 1618 sedi
787 1545 979 1643 Apostolicae
1004 1539 1174 1621 reservavit
1299 1567 1301 1572 ’
1336 1649 1341 1656 ι
1439 1597 1447 1614 .

183 1646 269 1734 osias,
291 1667 431 1742 quarum
445 1647 587 1742 episcopi
603 1645 794 1717 inhumana
808 1648 895 1716 curia
917 1645 1081 1718 decedunt
1102 1649 1117 1747 (
1123 1649 1170 1742 1).

124 1740 302 1814 Benedictus
334 1743 411 1834 llll,
441 1759 562 1840 praeter
590 1745 791 1840 episcopatus
819 1745 855 1814 in
890 1747 976 1814 curia
1004 1764 1171 1836 vacantes,

124 1836 190 1910 alias
215 1845 310 1912 etiam
337 1841 413 1913 iecit
440 1845 669 1912 reservationes
695 1840 760 1939 (2).
793 1841 943 1940 Denique
970 1859 1045 1938 post
1073 1845 1173 1916 editas

119 1939 231 2034 regulus
247 1939 464 2028 cancellariae,
482 1942 660 2034 generatim
673 1965 800 2010 summo
820 1939 974 2012 Pontifici
989 1959 1110 2014 servata
1126 1961 1174 2016 est

119 2036 221 2114 electio
242 2055 280 2112 et
302 2037 429 2110 collatio
440 2041 588 2110 omnium
605 2036 837 2110 cathedralium
854 2037 1073 2112 ecclesiarum.

163 2257 189 2334 l)
207 2263 338 2321 Ectruu.
355 2260 410 2322 etsi
421 2261 453 2320 ia
467 2256 676 2342 temporalium
686 2257 722 2320 da
732 2257 863 2342 probru.
878 2261 934 2322 int.
951 2279 1130 2325 communes.

162 2341 189 2422 l)
209 2345 341 2404 Extruu.
355 2341 395 2402 ud
406 2341 536 2424 repimcn
549 2339 612 2402 aod.
628 2341 672 2402 lit.

157 2571 185 2673 S.
212 2574 296 2646 ΧΠ.
331 2572 387 2644 Ob
414 2573 498 2644 hanc
525 2597 595 2643 rem
616 2573 721 2643 turbae
748 2573 783 2641 in
806 2573 936 2644 ecclesia
957 2573 1049 2644 factae
1076 2593 1171 2664 sunt,

115 2699 186 2768 quas
215 2668 422 2744 sustulerunt
459 2671 685 2757 cortcordcta,
726 2669 787 2740 hoo
818 2685 866 2740 est
895 2686 988 2768 pacta
1015 2690 1174 2748 conventa

8 2835 9 2864 ἴ
115 2773 190 2843 iuter
214 2771 329 2844 sedem
352 2769 568 2868 Apostolicam
592 2784 625 2839 et
648 2769 887 2865 potentissimos
915 2769 1055 2865 Europae
1076 2775 1172 2866 prin-

112 2871 200 2966 cipes.
245 2868 398 2941 Nicolaus
443 2867 470 2936 V
510 2871 554 2938 ita
593 2893 669 2938 cum
713 2867 842 2937 natione
881 2866 1072 2938 Germanica
1103 2893 1173 2940 rem

113 2971 303 3066 composuit,
330 2983 368 3036 ut
397 2971 432 3038 in
460 2963 635 3036 Germania
656 2965 796 3062 episcopi
818 2993 836 3034 a
865 2968 1024 3036 canonicis
1048 2965 1174 3061 eligan-

112 3081 177 3157 tur,
208 3081 336 3139 serrata
358 3089 485 3136 summo
505 3060 660 3136 Pontifici
684 3087 798 3134 eorum
829 3063 1075 3136 confirmatione
1103 3065 1169 3162 (1).

111 3162 170 3236 Leo
191 3166 250 3259 X,
288 3163 438 3258 abrogata
472 3163 668 3260 pragmatica
704 3164 886 3252 sanctione,
923 3187 1022 3259 quam
1059 3161 1174 3234 edide-

112 3279 155 3333 rat
197 3259 521 3360 pseudo-ooncilium
566 3259 745 3330 Bmileenso
792 3259 942 3330 aduersus
988 3259 1173 3332 Pontificius

111 3366 355 3449 reservationes,
398 3358 576 3430 Galliarum
622 3357 689 3452 regi
729 3360 874 3452 permisit
919 3359 1174 3430 nominationem

112 3458 212 3532 idonei
241 3461 317 3548 riri,
342 3460 398 3554 qui
427 3473 536 3528 tamen
567 3478 738 3526 asumma
773 3455 933 3528 Pontifice
956 3459 992 3528 in
1017 3459 1174 3528 consisto-

112 3560 153 3629 rio
174 3548 337 3630 creandus
365 3571 447 3628 esset
476 3557 642 3651 episcopus
672 3551 836 3644 ecclesiae,
869 3553 911 3624 ad
944 3581 1043 3653 quam
1070 3555 1175 3624 fuerat

113 3659 296 3727 nominatus
328 3652 397 3750 (ᾖ).
443 3654 595 3750 Denique
622 3651 682 3723 alia
720 3653 817 3724 etiam
846 3655 925 3722 inita
955 3669 1031 3723 sunt
1060 3667 1172 3748 pacta,

111 3754 169 3824 siue
190 3777 342 3826 concessa
370 3751 497 3823 indulta
524 3767 558 3822 et
583 3749 749 3848 priuilegia
770 3749 898 3846 regibus
926 3751 1171 3846 Hispaniarum,

111 3847 304 3940 Lusitaniae,
330 3849 525 3938 Pannoniae,
550 3849 683 3946 aliisque
705 3849 924 3946 principibus,
944 3849 1000 3944 qui
1024 3872 1111 3917 nnnc
1131 3847 1173 3916 ad

112 3949 308 4024 cathedrales
333 3948 476 4025 ecclesias
504 3947 665 4024 ditionum
686 3972 815 4022 suarum
841 3947 890 4020 vel
919 3945 1173 4020 nominationem
