3134 5144
555 391 774 465 -265-

116 565 188 608 men
201 551 320 607 revocet
345 561 461 604 neceme
485 548 533 604 eet
547 543 701 604 electiones
722 544 930 623 capitulorum,
950 553 1001 606 aut
1015 549 1192 610 nominatio-

117 629 636 788 lltllltltttltllltmll
648 625 1084 788 llllllllllllltlll
1101 629 1192 772 llll
1214 663 1219 682 '

115 795 236 856 bimus:
253 791 305 870 qui
328 789 551 869 protestantium
577 807 661 850 emor
687 797 740 850 est.
762 793 898 851 'l'astatur
915 794 1017 852 Petrus
1038 793 1075 853 de
1097 797 1192 874 Marce

117 876 154 938 de
172 872 317 937 coement.
338 869 453 934 sacerd.
470 879 500 932 et
517 870 624 952 imper.
640 867 691 932 lib.
715 873 734 932 8
749 889 814 954 cop.
836 871 955 933 dnum.
973 875 1006 950 6,
1025 875 1114 954 idque
1132 895 1191 936 cer·

116 959 244 1020 tisimis
253 956 382 1017 ostendit
394 954 608 1028 monumentis,
622 953 702 1032 quod
719 951 918 1014 «Pontificum
932 958 1130 1018 Romanorum
1142 959 1193 1018 dc·

117 1041 209 1101 cretis
233 1039 337 1100 electio
357 1055 488 1116 persone
508 1034 610 1096 oollata
635 1042 679 1096 est
702 1035 734 1097 in
755 1036 909 1098 arbitrium
934 1037 1003 1098 cleri
1024 1047 1054 1099 et
1076 1041 1191 1120 populi,

118 1123 209 1184 etiam
221 1121 333 1199 absque
346 1119 449 1198 synodi
460 1117 628 1197 episcopalis
642 1118 812 1196 presentia,
829 1142 842 1172 a
865 1126 894 1178 et
908 1137 992 1180 oum.
1009 1121 1027 1180 7
1052 1145 1066 1176 a
1085 1122 1190 1202 liujus,

119 1205 236 1283 inquit,
253 1221 336 1262 novae
350 1201 451 1262 formae
466 1201 547 1280 origo
564 1198 718 1260 tribuendo
736 1207 779 1260 est
799 1199 902 1262 siricio
924 1203 1009 1280 Papae
1021 1211 1051 1262 et
1069 1221 1193 1282 sequen-

119 1288 202 1348 tibus
224 1283 434 1358 Pontificibus,
450 1291 531 1342 etos
550 1281 702 1358 Quomodo
714 1281 762 1344 be
775 1281 929 1342 electiones
947 1291 1018 1344 ratae
1032 1283 1125 1346 firmae
1140 1285 1194 1346 bs-

119 1369 187 1430 ben'
198 1368 372 1447 potuissent,
384 1366 439 1426 nisi
451 1364 493 1424 illi
507 1363 667 1444 legitimam
680 1363 807 1444 eligendi
820 1371 991 1442 potestatem
1003 1363 1194 1429 habuissent?

120 1449 278 1528 Quomodo
298 1466 368 1508 vero
388 1447 521 1528 legitima
539 1445 641 1506 luisset
662 1444 725 1506 bec
751 1453 888 1526 potestas,
914 1447 971 1507 nisi
998 1465 1063 1508 eam
1087 1452 1195 1510 summi

124 1531 284 1595 Pontifices
297 1547 348 1590 suo
360 1529 427 1608 jure
438 1527 663 1590 concessissent?

172 1612 216 1694 (2)
237 1611 308 1672 vite
324 1612 367 1674 cl.
388 1611 468 1672 card.
488 1610 650 1672 Gerdilium
667 1608 881 1694 Consularium
901 1607 935 1672 tlt'
953 1607 1011 1672 due
1031 1607 1123 1674 lttetti
1141 1621 1193 1674 eto.

125 1703 204 1756 totu.
223 1697 235 1755 l
251 1713 316 1776 pop.
332 1695 373 1755 20
386 1702 415 1754 et
428 1713 503 1776 seq„
521 1699 549 1751 et
558 1711 633 1774 pop.
652 1696 710 1754 108
724 1702 824 1778 etseq.

178 1872 211 1972 ς.
240 1871 308 1944 vll.
335 1873 410 1944 lam
427 1898 501 1944 vero
526 1872 567 1944 ad
589 1872 711 1945 clerum
727 1871 841 1944 delatis
864 1899 882 1944 e
906 1875 1088 1970 isooporum
1109 1875 1196 1948 eleo-

123 1971 283 2060 tionibus‚
312 1973 338 2041 is
360 1997 458 2068 porro
481 1969 640 2066 eligebat,
669 1998 725 2044 seu
743 1973 851 2068 potius
874 1899 1015 2068 aliquem
1045 1971 1197 2070 designa·

123 2072 204 2160 bat,
233 2085 394 2166 praesente
420 2096 458 2140 ac
484 2071 707 2142 testimonium
740 2069 868 2140 dicente
902 2069 1025 2166 populo
1049 2071 1121 2169 (l),
1155 2099 1196 2142 ne

123 2173 296 2267 episcopus
317 2167 448 2238 duretur
472 2169 599 2258 invitis,
622 2183 725 2264 utque
754 2169 789 2237 in
810 2167 960 2256 omnibus
983 2185 1088 2240 essem
1103 2195 1197 2240 oom-

123 2269 212 2364 perti
235 2291 341 2337 mores
368 2267 456 2362 ejus,
491 2268 547 2362 qui
579 2264 757 2360 eligebatur
784 2265 850 2362 (ἢ).
885 2265 1065 2364 Praecipuae
1088 2282 1198 2338 umen

123 2381 219 2436 erant
248 2367 283 2434 in
310 2364 467 2436 electione
498 2379 606 2460 partes
652 2363 867 2459 metropolite
905 2381 938 2436 et
971 2367 1195 2463 episcoporum

123 2464 302 2558 provinciae
329 2461 402 2558 (ὅ),
431 2464 488 2630 pri
514 2463 646 2559 proprie
669 2459 832 2556 eligebant
854 2465 1061 2558 episcopum,
1086 2467 1197 2560 etqui

122 2586 182 2634 suo
201 2559 309 2630 lubitu
336 2561 443 2658 rejioie
468 2575 524 2630 ant
552 2558 772 2656 postulatum,
802 2563 1110 2650 annuntiantum,
1143 2560 1199 2630 ubi

121 2663 235 2730 minus
251 2657 387 2730 idoneus
404 2657 579 2730 videretur.

162 2844 210 2926 (l)
232 2843 376 2924 Populum
391 2843 422 2903 in
440 2843 642 2923 episcoporum
661 2843 851 2906 electionibus
868 2861 960 2906 unum
984 2841 1099 2904 dedisse
1117 2843 1200 2904 testi-

121 2929 260 2989 moninm
276 2925 434 2988 ostendunt
446 2926 638 2987 bellarminus
656 2924 691 2988 tie
707 2924 806 2988 cleric.
828 2923 878 2988 lib.
902 2929 912 2986 l
932 2928 1034 3006 copi
1089 2944 1119 3007 9.
1141 2927 1200 2986 258

123 3018 196 3071 tout.
215 3010 243 3084 l,
264 3007 335 3069 edit.
356 3009 473 3104 l'euet.‚·
490 3009 588 3070 Sixtus
601 3009 735 3069 Senensis
755 3005 806 3069 lib.
824 3011 842 3070 li
861 3005 1004 3070 Biblioib.
1063 3016 1122 3068 not.
1141 3010 1200 3069 ll8

121 3087 539 3255 litlb'i‘llliiil'
552 3092 665 3255 :lit
678 3093 781 3233 ili?
801 3090 970 3256 l‘..⁸:t‚⁰?.
991 3087 1202 3234 illidit.

126 3265 183 3317 eet.
202 3263 235 3317 el
250 3273 319 3316 ooo.
340 3252 435 3317 estet
456 3251 604 3336 caeptis.
621 3255 729 3337 poni
752 3251 802 3314 lib.
822 3255 923 3338 ieop.
950 3258 965 3316 l
987 3261 1091 3337 etseq.
1118 3253 1203 3330 Quod

126 3338 333 3400 testimonium
357 3337 443 3400 initio
471 3336 595 3398 dabatur
622 3356 638 3396 a
670 3335 777 3416 populo
803 3337 955 3414 universo,
989 3335 1140 3416 deinceps,
1169 3343 1203 3396 ut

128 3420 235 3500 procul
255 3425 353 3480 essent
374 3417 494 3479 dissidia
515 3425 545 3479 et
564 3417 694 3479 confusio
715 3417 928 3496 multitudinis,
943 3418 980 3478 ab
1003 3416 1155 3480 honoratis
1176 3427 1204 3478 et

125 3499 313 3583 matoes
324 3499 448 3560 civitatis
463 3499 526 3560 dari
542 3499 639 3579 coepit.
656 3501 687 3562 Si
701 3501 772 3560 alias
788 3517 927 3579 umquem
941 3501 1065 3580 populus
1082 3502 1113 3562 in
1127 3501 1204 3561 elec-

130 3584 264 3644 tionibus
275 3589 373 3662 partes
391 3580 512 3656 babuit,
528 3581 559 3641 id
572 3583 679 3643 lactum
697 3590 741 3643 est
751 3599 804 3662 per
818 3583 941 3644 ebusum
958 3591 988 3644 ct
1003 3591 1102 3644 oontm
1116 3599 1202 3642 cauo-

128 3685 203 3727 num
218 3663 419 3744 disciplinam.

167 3747 212 3827 (2)
242 3747 371 3824 «Episro
391 3765 437 3820 us,
451 3747 547 3825 inquit
558 3749 719 3828 Cyprianus
733 3745 818 3828 epist.
834 3747 883 3822 67,
894 3743 972 3808 oliae
983 3747 1032 3820 68,
1044 3761 1115 3826 paq.
1130 3743 1201 3818 2⁸9,

127 3827 257 3892 editabue
270 3765 433 3890 Amstebd.
442 3831 532 3906 1700,
544 3828 778 3908 deligaturplebe
790 3824 1204 3908 praesente‚quoesingulorum

126 3913 221 3972 sitam
238 3909 408 3989 plenissime
425 3911 507 3972 novit
523 3918 552 3971 et
566 3911 792 3988 uniuscujusque
807 3918 903 3971 actum
920 3911 957 3969 de
977 3909 1038 3986 ejus
1054 3923 1205 3966 eonversa-

127 3994 209 4056 tione
221 3993 384 4072 perspexit.
401 4018 414 4046 n
434 3997 470 4054 llt
483 3993 570 4072 paulo
584 4002 667 4054 antea
679 4011 711 4074 p.
730 3993 789 4052 aas
805 3990 995 4052 sacerdotales
1006 3987 1204 4050 ordinationes
