3140 5168
781 421 1007 494 ..522-

355 573 500 638 aClrristo
516 573 652 651 apostolis
669 579 699 632 et
712 571 853 652 episeopis
866 591 969 632 eorum
990 569 1203 632 suecessoribus
1216 569 1317 630 datam
1334 569 1442 632 iuisoe

356 664 477 717 constat.
494 654 579 730 Quod
598 657 622 716 si
644 663 724 714 tanta
747 654 810 715 hoo
836 663 954 733 umque
972 653 1029 714 late
1050 660 1152 732 puteus
1178 659 1304 730 potestas
1323 651 1364 714 iu
1390 651 1442 732 (et

356 737 386 798 id
398 736 517 816 quidem
532 737 637 798 Divino
653 736 731 817 jure)
749 736 910 800 Pontifieiae
930 735 1094 796 auctoritati
1113 734 1230 810 subest,
1252 741 1288 794 ut
1304 751 1358 828 pm
1372 751 1440 796 sas-

232 843 233 846 *
352 837 458 900 prenso
473 822 509 880 ll.
523 822 560 880 ll.
577 818 752 882 Pontificum
764 826 908 900 potestate
926 837 979 897 per
997 817 1209 879 resermtinnes
1224 833 1370 891 onerosas,
1403 825 1441 876 et

355 903 459 960 aretari
488 903 593 962 merito
611 902 756 980 potuerit,
779 919 817 962 su
832 919 891 962 nnn
912 909 1017 962 oetern
1036 900 1239 978 episeoporum
1256 897 1438 976 insultum,

354 983 441 1042 simili
451 1001 571 1062 prorsus
581 983 666 1062 jure,
685 987 718 1044 'ne
729 999 865 1061 suprema
880 989 1037 1064 potestate,
1049 999 1118 1042 num
1130 980 1163 1042 id
1179 979 1316 1060 expedire
1328 980 1439 1042 visum

355 1064 457 1140 luerit,
469 1066 577 1126 arelius
587 1065 709 1146 astringi
720 1068 880 1144 poterunt?

396 1145 438 1227 (tl
458 1149 502 1208 Ne
524 1147 589 1224 quis
612 1147 766 1222 obtrudat,
791 1147 845 1208 niti
869 1165 918 1208 me
946 1145 1097 1226 prinoipiis
1124 1144 1222 1206 mium
1247 1143 1434 1222 exploratis,

356 1228 511 1307 minusque
524 1228 652 1307 probatis
665 1229 821 1301 omnibus,
836 1237 985 1308 tamquam
997 1235 1110 1289 eertum
1121 1245 1181 1288 non
1194 1243 1270 1305 pono
1284 1225 1327 1302 id,
1339 1228 1435 1305 quod

355 1311 499 1372 ineertnm
524 1317 801 1388 oontrnversumque
823 1319 878 1372 est.
901 1315 966 1375 Non
993 1311 1072 1372 enim
1096 1316 1175 1370 nerto
1197 1315 1324 1384 nonstrt,
1350 1327 1437 1371 num

356 1393 556 1472 episeoporum
569 1399 695 1471 potestas
706 1413 723 1453 n
736 1392 852 1454 Christo
870 1415 982 1470 αμεσυς
1000 1389 1169 1452 imnoodiote
1186 1391 1225 1450 sit
1243 1391 1433 1468 repetenda,

354 1492 392 1534 nn
407 1475 504 1554 potius
522 1476 553 1535 in
570 1493 620 1536 eos
643 1494 694 1554 per
713 1479 833 1536 Petrum
864 1473 984 1552 ejusque
1000 1491 1178 1536 suooessores
1194 1473 1358 1548 transierit,
1376 1491 1438 1534 ue-

355 1574 412 1634 que
431 1555 560 1636 synodus
572 1557 656 1618 Trid.
693 1557 860 1618 umetionem
886 1556 961 1617 hane
976 1554 1101 1618 delinire
1124 1555 1232 1630 voluit,
1254 1561 1288 1614 ut
1307 1555 1435 1616 ostendi

356 1635 435 1699 tint
455 1658 522 1720 onp.
540 1641 631 1700 anot.
649 1577 703 1733 ¹3·
723 1641 845 1734 idpnp.
860 1639 911 1700 tt.

396 1717 437 1800 (5)
459 1722 665 1799 Episcoporum
677 1720 841 1800 Jurisdmtin
856 1720 1029 1801 primigenia
1038 1718 1159 1798 quidem
1173 1720 1222 1798 sit,
1237 1727 1267 1780 et
1279 1718 1436 1782 nchnsm

356 1801 524 1862 immediate
540 1801 715 1880 procedens,
738 1802 789 1864 sed
813 1803 1004 1883 primigenius
1021 1803 1110 1862 etiam
1123 1809 1182 1878 est,
1207 1802 1367 1862 martialis
1399 1813 1436 1864 et

355 1903 371 1942 a
386 1883 501 1945 Christo
515 1884 666 1944 institutus
684 1887 827 1962 primatus
845 1903 905 1947 nnn
921 1884 1072 1965 digniutts
1083 1883 1193 1956 solum,
1208 1884 1260 1945 sed
1273 1883 1433 1962 etiamju-

355 1965 533 2026 risdietionis
544 1967 574 2026 in
587 1965 705 2026 ecelesia
721 1969 865 2028 universa.
885 1969 1015 2045 Utraque
1031 1973 1155 2046 potestas
1169 1966 1343 2048 primigenia
1360 1975 1434 2044 θεῖς

354 2047 406 2108 sed
420 2048 571 2124 utriusque
596 2067 632 2110 ex
659 2049 723 2130 lege
747 2047 844 2109 divina
866 2049 984 2128 propria
1003 2055 1047 2108 est
1064 2057 1152 2126 atque
1173 2047 1276 2110 intima
1301 2057 1431 2124 nutura,

354 2137 388 2188 ut
407 2129 497 2190 ultera
511 2129 620 2205 subsit,
639 2131 729 2190 altere
746 2131 855 2210 presit.
877 2130 1009 2192 Christus
1023 2137 1053 2191 et
1071 2133 1192 2192 Petrum
1215 2132 1334 2210 ejusque
1350 2149 1429 2191 sun-

354 2227 480 2270 eessores
504 2212 558 2270 toti
580 2211 706 2272 eoelesiae
728 2212 858 2290 praelecit
880 2230 939 2272 non
963 2213 1057 2273 solum
1080 2211 1237 2292 dignitate,
1262 2211 1429 2274 sedetiam

355 2292 493 2370 imperio,
523 2301 553 2352 et
574 2293 661 2354 simul
687 2295 827 2372 episeopis
847 2294 1080 2372 jurisdictionem
1104 2293 1200 2370 dedit,
1215 2293 1265 2355 sed
1281 2293 1434 2372 jurisdic-

355 2373 465 2434 tionem
480 2373 640 2452 subjectam
656 2376 799 2454 superiori
816 2377 967 2454 potestati,
987 2377 1019 2436 iu
1031 2395 1088 2456 qun
1103 2377 1294 2454 principatum
1307 2376 1432 2454 posuit..

360 2480 374 2510 a
389 2459 472 2518 lesus
489 2457 622 2518 Christus
640 2457 716 2536 ipse,
734 2458 831 2536 inquit
845 2457 939 2518 clerus
956 2458 1118 2521 Gallicanus
1135 2457 1166 2518 in
1185 2457 1303 2520 eomitiis
1320 2465 1430 2519 mua-

353 2537 509 2599 ordinsriis
524 2539 583 2600 diei
605 2542 624 2600 8
642 2541 709 2601 idaii
729 2543 823 2616 1728,
839 2558 892 2600 sua
911 2541 1095 2601 institutione
1115 2539 1225 2600 limites
1246 2539 1429 2620 proscripsit

352 2618 422 2680 huie
448 2621 582 2700 potestati
614 2623 781 2701 episcopali,
807 2641 896 2699 quam
927 2621 1051 2701 subjecit
1079 2621 1148 2682 Sedi
1180 2621 1277 2697 Petri,
1304 2622 1334 2682 in
1362 2640 1429 2700 qua

349 2701 445 2780 posuit
460 2703 674 2781 plenitudinem
691 2703 861 2782 Apostoliere
872 2705 1031 2782 potestatis.
1050 2729 1063 2759 a
1084 2703 1303 2764 Reservatinues
1316 2721 1425 2765 eausa-
1505 2739 1510 2755 ·

348 2801 415 2843 rum
430 2785 688 2846 matrimonialium
703 2793 733 2845 et
745 2793 849 2846 cetere
868 2785 1051 2863 hujusmodi,
1067 2803 1126 2846 uon
1140 2785 1249 2848 tollunt
1264 2793 1424 2856 evertunt—

350 2867 668 3010 tltttlltttittnt
682 2867 1430 3028 2:1⁶.”tttnntenmtmttnma:

351 3029 438 3105 dum,
463 3031 514 3108 qui
539 3050 556 3090 a
578 3031 693 3092 Christo
717 2993 855 3091 d’eliuitus
880 3049 939 3092 uon
966 3032 1033 3092 luit.
1061 3035 1097 3094 Et
1122 3032 1272 3092 vetustiori
1301 3031 1424 3112 quidem

352 3119 436 3171 aetate
450 3131 483 3172 ea
500 3130 547 3171 res
562 3119 622 3174 tota
639 3113 702 3174 lere
715 3112 892 3192 pendebata
910 3113 1028 3192 synodis
1049 3113 1292 3192 provincialibus,
1309 3123 1425 3176 metro-

351 3193 463 3271 politis,
478 3193 669 3272 potrisrehis,
685 3213 758 3275 quos
774 3193 910 3255 humanas
925 3196 1117 3256 institutionis
1135 3214 1211 3273 esse,
1227 3197 1306 3256 inter
1318 3214 1424 3258 omnes

351 3283 481 3352 eonstut3
506 3276 579 3336 adeo
606 3295 710 3338 verum
737 3284 796 3348 est,
822 3277 1006 3358 primigeniae
1031 3278 1176 3339 essentiali
1202 3285 1232 3338 et
1257 3297 1275 3338 a
1303 3277 1425 3340 christo

351 3357 427 3418 datm
443 3357 583 3436 episeopis
604 3359 738 3438 potestati
759 3377 817 3420 nnn
837 3359 984 3422 adversari
1004 3360 1141 3431 modum,
1161 3361 1212 3440 qui
1237 3359 1269 3420 in
1284 3377 1318 3420 ea
1334 3379 1426 3422 exer-

350 3440 442 3501 oenda
457 3440 599 3518 superiori
617 3441 740 3522 imperio
757 3441 914 3502 stabilitur.
931 3441 1016 3518 Quod
1039 3443 1063 3502 si
1079 3441 1159 3504 hune
1173 3442 1294 3504 modum
1311 3444 1426 3504 eonsti-

350 3523 409 3584 tnit
428 3529 569 3601 potestas,
589 3542 655 3602 qun
677 3531 791 3584 tantum
816 3522 944 3584 humana
965 3531 1024 3598 est,
1041 3541 1140 3586 nonne
1161 3524 1193 3585 id
1210 3525 1305 3586 multo
1328 3526 1426 3606 magis

350 3605 458 3682 poterit
472 3613 609 3684 proestare
629 3613 755 3684 potestas
768 3605 876 3666 summi
897 3605 1063 3684 ronufinis,
1078 3605 1135 3668 hon
1146 3613 1330 3686 estpotestate
1342 3607 1426 3668 diri-

350 3687 429 3748 nitus
444 3686 596 3748 instituta?
610 3687 640 3749 Si
654 3687 746 3768 magis
765 3690 877 3748 intrare
896 3687 1045 3764 volumus,
1060 3689 1157 3766 potius
1175 3689 1222 3750 he
1237 3690 1308 3767 ipsa
1322 3707 1427 3750 reser-

349 3771 479 3829 vationes
495 3767 533 3829 ad
547 3769 596 3847 jus
610 3769 744 3830 divinum
760 3770 865 3830 referri
879 3778 1018 3849 possunt,
1033 3779 1177 3848 quatenus
1198 3771 1334 3832 ridelioet
1352 3771 1426 3850 jum

349 3849 449 3912 divino
466 3869 580 3912 summo
596 3851 729 3913 Pontifici
745 3852 776 3912 in
790 3871 891 3914 omnes
914 3854 1062 3932 episeopus
1083 3853 1249 3932 jurisdictio
1272 3853 1340 3915 data
1359 3863 1423 3926 est,

347 3940 376 4012 et
392 3941 534 4010 quatenus
552 3934 685 3996 Christus
699 3934 832 3995 ordinem
850 3935 928 3994 inter
942 3942 1097 4014 potestates
1109 3936 1229 3996 omnino
1242 3936 1425 3998 servandum

348 4016 508 4076 constituit.
536 4017 624 4097 Cujus
648 4017 766 4096 quidem
793 4015 906 4078 ordinis
928 4035 962 4080 ea
989 4021 1039 4082 sis
1048 4025 1079 4078 et
1096 4025 1201 4082 natura
1220 4026 1275 4096 est,
1293 4027 1329 4080 ut
1344 4019 1429 4081 inlr-
