3122 5170
663 495 695 552 ⁵·
788 481 1027 589 *706ss
1208 505 1219 534 ”

182 694 198 762 ·j
225 740 229 752 ,
273 753 277 762 .
326 671 439 760 saera
469 649 712 776 pr'aesoriptiorbe
747 651 934 764 temporis,
967 661 1056 764 quod
1092 663 1263 736 hominum
1301 690 1430 738 memo-

175 793 178 802 ’
287 773 299 820 -“
331 845 333 850 ,
365 754 447 858 rubr
473 765 604 862 superet
631 743 868 860 (bb.'Norates
899 789 972 835 aero
1005 789 1041 833 ac
1079 766 1237 848 minutae,
1286 763 1342 832 ubi
1377 761 1433 834 hae

230 877 250 936 ζλ
296 865 300 872 ’
365 865 475 960 vigent
506 863 579 961 (4),
622 861 756 934 decime
795 887 923 959 semper
970 862 1113 957 parocho
1149 877 1318 932 reservatae
1351 885 1432 932 een-

365 978 495 1048 senturz,
523 987 566 1033 ne
598 963 646 1052 is,
675 964 727 1032 coi
758 963 940 1031 animarum
970 983 1045 1030 euru
1071 961 1239 1030 commissa
1261 976 1329 1048 est,
1359 985 1432 1054 gra-

328 1063 333 1146 {
364 1061 445 1132 niori
482 1060 603 1131 damno
631 1057 801 1131 afficiatur.
835 1059 879 1128 Et
912 1083 1109 1155 quamquam
1144 1055 1214 1126 laici
1251 1060 1329 1154 jore
1364 1062 1432 1154 ipso

365 1158 514 1254 exigendi
538 1157 698 1248 decimas,
730 1156 820 1254 quod
845 1161 1013 1253 proprium
1045 1153 1236 1226 eiericorum
1267 1172 1339 1244 est,
1371 1181 1433 1252 po-

336 1259 421 1340 ‘ori
455 1272 641 1354 nequeant,
672 1273 782 1326 temen
810 1281 860 1326 res
893 1258 994 1351 ipsas,
1034 1275 1109 1349 quae
1138 1251 1339 1323 decimarum
1371 1279 1433 1324 uo-

215 1313 225 1340 ..
287 1427 289 1433 ,
367 1358 456 1428 mine
484 1354 689 1452 penduntur,
714 1353 832 1423 habere
851 1369 989 1448 possunt
1011 1352 1086 1448 (5);
1114 1350 1213 1423 modo
1229 1355 1317 1449 justa
1342 1375 1433 1422 musa

367 1471 488 1549 praesto
513 1456 554 1524 sit
583 1469 616 1524 et
643 1451 740 1524 Rom.
769 1449 936 1522 Pontifieis
964 1449 1094 1522 accedat
1118 1453 1291 1521 auctoritas
1316 1449 1382 1546 (6).

410 1652 452 1733 (1)
474 1655 560 1714 Cone.
577 1650 707 1712 cabilon.
727 1653 753 1711 11
770 1667 837 1712 cau.
855 1651 893 1712 89
916 1650 995 1730 apud
1013 1647 1103 1711 Labb.
1124 1657 1145 1708 t.
1163 1649 1182 1708 8
1205 1645 1261 1710 ool.
1286 1649 1346 1710 565
1366 1645 1433 1709 edit.

373 1737 458 1811 Vera,
471 1736 636 1796 arelatense
650 1752 701 1794 oa.
718 1733 778 1794 888
790 1741 857 1794 cort.
874 1735 928 1794 et.
946 1735 982 1793 tt
998 1728 1052 1792 col.
1068 1732 1140 1792 895.

411 1817 452 1898 (8)
473 1817 563 1883 Multa
577 1822 691 1876 exstant
707 1815 838 1896 exempla
861 1815 1058 1888 decimarum,
1077 1831 1173 1892 quaaa
1191 1811 1260 1874 sede
1276 1811 1437 1891 Apostolica

367 1898 551 1960 monasteriis
570 1905 600 1956 ct
624 1897 756 1976 capitulis
775 1915 915 1958 concessae
936 1903 1014 1956 sunt.
1042 1899 1096 1956 Eas
1125 1903 1288 1955 memorant
1310 1903 1340 1954 et
1368 1913 1435 1972 pro-

369 1981 441 2042 bant
455 1983 485 2042 S.
508 1983 611 2040 Petrus
626 1979 760 2040 Damion.
781 1987 851 2040 tom.
879 1982 1012 2060 dopusc.
1035 1979 1074 2038 55
1097 1995 1163 2058 cup.
1180 1979 1198 2038 5
1221 1995 1294 2058 pop.
1312 1979 1371 2038 858
1391 1975 1435 2036 ed.

370 2062 471 2124 Paris.
497 2063 591 2137 stou
614 2063 664 2121 lvo
681 2064 798 2122 Cernat.
818 2079 864 2144 ep.
886 2062 945 2122 tet
964 2079 1036 2142 pop.
1059 2061 1098 2120 85
1121 2057 1191 2119 edit.
1216 2057 1318 2119 Peras.
1344 2061 1438 2133 test,-

372 2149 402 2208 S.
430 2143 487 2206 Th.
509 2145 539 2204 8.
559 2146 578 2202 8
599 2159 629 2224 q.
649 2143 688 2203 87
716 2151 775 2204 ort.
797 2145 826 2204 u.
854 2143 930 2204 Vide
949 2143 1038 2202 etiam
1057 2142 1189 2221 regulam
1207 2139 1438 2218 'templariorum

372 2245 437 2288 cora.
452 2226 491 2286 68
503 2224 581 2304 apud
597 2223 728 2286 Holsten.
743 2222 808 2286 cod.
824 2221 919 2320 repud.
938 2231 1009 2285 tom.
1024 2225 1044 2285 8
1048 2243 1126 2366 pap.
1144 2223 1204 2284 tto
1220 2220 1266 2282 ed.
1287 2221 1337 2283 cit.

413 2307 442 2386 (5
477 2309 549 2388 Cap.
567 2304 839 2388 tetddaproeser.
855 2325 966 2388 aucep.
984 2309 996 2366 t
1015 2323 1048 2366 eo
1071 2308 1171 2366 .and.

413 2393 443 2468 (t
477 2391 596 2451 Minutas
610 2388 729 2448 decimae
739 2389 885 2468 plerisque
899 2389 930 2449 in
944 2388 1013 2450 lacis
1027 2389 1242 2450 obsoleverunt.

413 2469 456 2552 (5)
478 2475 508 2533 S.
524 2471 722 2554 obsequ.
736 2473 775 2532 86
790 2481 850 2532 ort.
865 2473 895 2532 5.
1048 2473 1052 2480 “

414 2553 455 2632 (6)
476 2553 628 2614 Interdum
643 2571 720 2612 sum.
736 2553 869 2614 Pontifex
890 2553 927 2612 ad
949 2561 1064 2630 tempos
1078 2551 1201 2631 imponit
1214 2549 1344 2612 decimas
1359 2549 1439 2612 bene-

373 2635 508 2696 ficiorum
529 2641 649 2713 propter
674 2633 800 2711 aliquam
825 2635 1040 2706 necessitatem,
1067 2635 1112 2695 vet
1141 2633 1287 2712 publicam
1315 2635 1440 2695 ecclesie

373 2717 542 2793 utilitatem,
559 2723 646 2793 atque
672 2733 720 2776 eas
732 2715 804 2776 solvi
823 2715 942 2778 mandat
958 2717 1044 2778 alicui
1061 2715 1202 2796 principi,
1222 2718 1275 2794 qui
1295 2716 1441 2777 &derisor

373 2799 516 2861 defendit.
543 2801 626 2860 Tunc
645 2805 742 2856 autem
754 2799 974 2860 constituuntur
986 2798 1440 2873 collectoresetsuboollectores,

374 2881 424 2960 qui
444 2879 497 2942 has
515 2877 641 2941 decimas
659 2879 807 2960 colligant.
829 2879 906 2942 Vide
928 2875 1019 2942 com.
1039 2883 1057 2942 8
1078 2877 1113 2942 de
1137 2877 1253 2956 decim„
1278 2889 1307 2940 et
1323 2889 1436 2942 extruo.

373 2981 428 3024 un.
442 2981 545 3025 comm.
572 2959 649 3038 eod,
665 2969 694 3022 et
713 2962 781 3022 vide
804 2963 891 3023 etiarn
912 2963 1053 3024 Gauzalez
1076 2963 1110 3023 iu
1131 2981 1196 3045 cop.
1220 2965 1256 3023 19
1282 2960 1319 3022 de
1337 2961 1440 3024 decim.

372 3063 458 3106 nam.
476 3047 511 3120 t,
533 3043 584 3104 nbi
606 3051 748 3104 memorat
765 3041 891 3106 decimas
913 3043 1013 3106 asede
1027 3044 1190 3124 Apostolica
1209 3062 1360 3106 concessas
1372 3044 1444 3124 regi-

374 3126 430 3188 bus
448 3127 664 3206 Hispaniarum.

420 3307 451 3406 §.
479 3303 573 3376 VIII.
607 3305 733 3378 Verum
769 3307 883 3378 mediis
922 3307 1045 3380 saeculis
1093 3310 1127 3378 in
1165 3333 1294 3379 summa
1336 3331 1444 3380 rerum

375 3405 562 3478 confusione
603 3403 694 3495 laici,
738 3421 776 3476 ut
822 3405 924 3476 multa
977 3405 1185 3478 ecclesiastica
1241 3405 1349 3496 bona,
1404 3409 1445 3476 ita

266 3523 268 3526 ’
374 3507 472 3576 etiam
503 3501 642 3574 decimas
671 3521 870 3600 usurparunt
914 3529 1030 3602 easque
1062 3505 1140 3602 jure
1177 3501 1267 3577 teudi
1301 3506 1447 3576 retinue-

375 3618 476 3688 runt,
514 3599 594 3672 adeo
638 3617 676 3671 ut
713 3603 748 3670 in
783 3604 977 3673 commercio
1015 3617 1123 3672 essent
1159 3618 1193 3674 et
1229 3605 1265 3672 in
1301 3601 1447 3676 haerede

374 3703 550 3770 transirent
578 3698 813 3796 (1).Iuteriu1
842 3699 975 3798 parochi
999 3699 1152 3772 carebant
1172 3703 1237 3771 suis
1268 3700 1445 3788 reditibus,

374 3797 491 3895 quibus
516 3799 703 3895 semetipsos
728 3813 762 3868 et
792 3823 951 3896 pauperes
974 3814 1214 3888 sustentarent,
1245 3825 1354 3896 neque
1387 3797 1446 3869 de-

373 3899 531 3966 cimarum
563 3919 760 3990 possessores
789 3919 844 3987 ea,
873 3919 947 3994 quae
980 3895 1165 3986 debebant,
1195 3896 1339 3970 eeclesiae
1374 3921 1446 3969 ser-

374 3996 452 4064 vitia
489 3993 699 4090 prestabant.
740 3991 854 4092 ltaque
885 4010 993 4065 actum
1026 4011 1093 4084 est,
1128 4012 1167 4066 ut
1200 4019 1288 4068 sacra
1325 3993 1445 4092 praedia

375 4115 412 4162 ex
463 4090 619 4162 laicorum
660 4091 826 4192 manibus·
845 4108 1136 4190 extorquereutur3
1167 4093 1224 4164 sed
1273 4117 1443 4191 operosum
