3134 5144
513 443 793 516 ·—2‘27-

146 615 262 671 eorum,
278 615 345 674 quae
366 594 405 656 ad
426 595 574 656 ecclesiam
599 604 741 674 spectant.
769 599 841 658 llata
868 594 1049 658 Eucharistia
1076 595 1220 660 habeatur

146 678 210 754 illa,
240 697 307 756 444
343 677 400 738 suh
429 678 563 757 episeopo
590 677 695 754 luerit,
737 677 783 738 vel
811 677 857 738 cui
896 679 960 757 ipse
989 681 1217 742 concesserit....

145 764 207 824 Nou
230 761 301 820 licet
322 760 386 820 sine
409 759 559 838 episcopo,
584 778 679 838 neque
703 759 866 838 baptizare,
889 778 984 839 noque
1008 779 1119 842 agapen
1145 763 1222 824 cele-

145 843 247 918 brare,
271 841 324 902 sed
346 841 542 920 quodcunque
570 841 619 900 ille
642 841 826 920 probaverit,
855 841 911 902 hoc
933 851 963 902 et
980 846 1040 904 Deo
1062 850 1107 904 cst
1131 843 1222 905 41444-

145 925 300 1004 placitum,
322 932 356 984 44
381 931 477 984 444414
502 932 660 1001 ratumque
677 923 715 984 sit
735 924 940 1002 quodcumque
963 925 1070 1004 agitur.
1099 949 1112 978 o
1138 925 1220 986 ldem

146 1008 249 1068 ducent
263 1005 463 1068 Tertullianus
480 1003 516 1067 444
536 1005 684 1087 Raptam.
706 1024 774 1087 cop.
792 1007 829 1068 47
844 1024 916 1088 pop.
938 1007 1011 1083 250,
1029 1005 1101 1068 edit.
1120 1007 1221 1070 Vocet.

148 1091 240 1164 tttt,·
259 1092 292 1150 S.
312 1089 476 1167 Cyprianus
493 1087 580 1170 epist.
601 1089 639 1149 47
655 1085 749 1170 lapsis
763 1085 819 1150 eol.
837 1087 892 1164 95,
910 1087 981 1148 edit.
1007 1090 1106 1152 Venet.
1126 1091 1223 1166 47418,·
1330 1137 1334 1148 .
1366 1139 1368 1146 ,

147 1175 176 1234 S.
195 1173 391 1250 {lieronymus
408 1165 494 1230 Diol.
514 1167 632 1232 4144444.
652 1168 840 1252 Luciferion.
862 1187 946 1231 111141.
966 1173 1069 1254 llopp.
1093 1179 1162 1232 4441.
1184 1175 1220 1234 44

147 1251 199 1316 col.
223 1255 301 1330 484,
326 1250 399 1312 edit.
431 1247 577 1314 Vollcroii
606 1255 745 1328 Voroooe3
771 1255 801 1314 S.
831 1252 1001 1314 Caelestinus
1026 1255 1038 1314 l
1066 1252 1152 1336 epist.
1181 1256 1220 1316 at

150 1333 187 1398 ut
200 1335 288 1416 episc.
311 1331 439 1396 Gallice.
465 1352 532 1416 cop.
552 1336 586 1411 4,
608 1334 687 1413 apud
705 1334 908 1396 Constantium
929 1331 985 1394 444.
1007 1334 1221 1410 18444444

152 1418 240 1478 444444
261 1416 604 1480 consecutorum
624 1433 764 1476 cononem
779 1415 976 1496 apostolorum
1002 1417 1042 1476 tu
1069 1417 1148 1494 apud
1167 1421 1223 1480 Co-

154 1499 280 1560 telertum
297 1496 354 1560 loc.
372 1498 422 1560 cit.
441 1517 515 1580 pop.
539 1500 617 1574 444,Ι
638 1497 800 1562 Concilium
819 1501 987 1578 Gangrense
1005 1515 1072 1558 4411.
1100 1499 1118 1558 6
1144 1501 1221 1578 opud

156 1580 292 1642 lahhcum
318 1578 561 1642 1444444444.
589 1577 645 1642 col.
672 1582 748 1656 444,
769 1577 840 1642 odit.
872 1583 988 1656 74444,-
1007 1578 1222 1642 Antiochenam

157 1679 220 1724 cco.
238 1665 275 1724 44
288 1659 324 1723 tt.
345 1660 402 1724 eol.
426 1665 497 1724 605.
517 1662 574 1738 Qui
596 1661 738 1724 divinitus
761 1661 902 1740 parochos
929 1662 1078 1724 institutos
1101 1671 1220 1742 putant,

158 1761 250 1806 eorum
265 1745 409 1825 originem
432 1753 570 1823 repetunt
590 1763 607 1804 4
634 1746 673 1805 te
702 1744 868 1824 discipulis,
896 1763 969 1823 quos
994 1743 1144 1806 Christum
1169 1749 1222 1808 So-

153 1827 277 1888 cerdotes
300 1829 402 1888 iecisse
426 1827 619 1890 arbitrantur.
639 1831 751 1890 Verum
779 1827 811 1888 hi
837 1826 971 1904 discipuli
996 1827 1075 1888 missi
1101 1827 1221 1905 quidem

149 1919 214 1970 sunt
235 1911 267 1971 in
293 1927 412 1970 omnem
436 1910 533 1972 locum
549 1915 580 1970 44
600 1909 763 1984 civitatem,
783 1927 842 1988 quo
868 1908 1002 1968 Christus
1023 1917 1085 1968 erat
1113 1919 1219 1971 ventu-

148 2009 208 2068 ros,
231 1994 270 2054 ad
295 1993 408 2052 animos
434 1991 498 2070 ejus
525 1991 664 2052 adventui
688 1990 911 2070 praeparandos,
936 1990 987 2052 sed
1013 2009 1109 2068 neque
1136 2001 1221 2054 erant

148 2073 313 2136 4441444444
332 2073 499 2136 charactere
519 2073 668 2154 insigniti,
688 2092 784 2152 neque
802 2073 871 2150 ipsis
890 2081 953 2132 erat
970 2072 1079 2133 tributa
1094 2081 1220 2152 potestas

148 2157 262 2236 regendi
288 2157 446 2250 populos,
459 2173 555 2234 neque
586 2156 675 2250 electi·
700 2155 738 2216 ad
768 2163 946 2216 4444414444
971 2153 1218 2251 administrando,

146 2247 362 2382 huselt.
375 2235 1220 2398 4144444444444444444444444

143 2403 304 2479 paroehum
333 2403 526 2463 constituunt.
555 2405 630 2462 Sane
655 2419 690 2462 411
718 2401 901 2482 septuaginta
928 2400 1042 2462 duobus
1070 2401 1219 2482 discipulis

10 2521 11 2532 ,
143 2493 250 2564 septem
271 2483 330 2543 viri
352 2483 436 2544 electi
454 2491 539 2560 suot,
558 2501 631 2560 quos
647 2483 767 2626 apostoli
787 2501 928 2544 14444414
950 2483 1135 2561 impositione
1155 2483 1219 2546 dia-

143 2584 226 2627 conos
242 2566 441 2642 ordinarunt,
462 2569 529 2628 444.
551 2569 684 2647 Aposto.
711 2584 778 2646 cop.
797 2568 827 2625 d.
847 2565 1000 2640 Quomodo
1021 2563 1112 2643 igitur
1129 2565 1218 2626 iidem

142 2648 293 2712 aChristo
306 2649 470 2709 sacerdotes
489 2650 579 2708 444444
603 2666 665 2708 esse
682 2650 837 2725 poteraut?
860 2650 892 2707 S·
913 2645 1092 2724 Epiphanius
1113 2642 1216 2708 4114444.

142 2732 179 2792 40
202 2751 292 2792 num.
317 2733 337 2790 4
356 2727 406 2791 ut.
428 2732 441 2790 4
466 2739 536 2792 teuc
559 2733 572 2790 4
591 2749 664 2812 pop.
686 2724 1219 2806 44,4441.44444441444,14444-

141 2813 250 2874 tissimo
274 2811 501 2886 animadvertit,
519 2813 670 2889 inquiens:
690 2819 803 2893 preater
829 2808 993 2952 (apostolos)
1019 2811 1057 2870 74
1082 2805 1158 2872 ulios
1178 2810 1219 2872 ccl

141 2894 276 2958 4411444414
302 2893 488 2976 [unctiones
512 2891 637 2977 cllcpot,
664 2912 679 2956 4
702 2891 810 2976 quihus
834 2899 947 2974 septem
966 2889 1014 2952 itt
1032 2890 1133 2974 suere,
1162 2893 1218 2976 qui

141 2976 179 3037 cd
205 2977 376 3039 viduorum
399 2974 570 3038 4444114444
597 2972 703 3037 delecti
730 2983 811 3038 4444.
842 2971 1025 3056 Stephanae,
1057 2971 1218 3058 Philippus

140 3067 208 3137 444,
228 3059 286 3138 qui
306 3059 426 3136 quidem
446 2994 599 3137 Philippus
619 3057 656 3117 od
680 3057 788 3120 Christi
812 3057 902 3118 lideui
924 3055 1065 3116 convertit
1090 3059 1218 3118 Samari-

141 3151 236 3218 tanus,
258 3139 372 3218 diuque
387 3150 450 3219 post
465 3140 574 3202 Christi
589 3141 793 3202 Asceusionem
805 3140 842 3200 ad
855 3139 975 3214 4444414,
992 3138 1130 3199 diaconus
1141 3149 1214 3200 erat.

140 3224 302 3304 Dionysius
322 3223 457 3282 Petavius
475 3221 511 3284 de
527 3219 682 3284 ecclesiast.
701 3217 849 3282 hierarch.
866 3217 916 3282 tit.
935 3223 1217 3303 coaptatione

139 3314 207 3366 tom.
238 3309 258 3366 6
287 3301 578 3386 7414444414494444.
604 3322 676 3386 pop.
705 3305 777 3378 474,
799 3301 870 3364 edit.
898 3303 997 3364 Vocet.
1025 3303 1156 3381 loquitur
1180 3305 1217 3366 dc

138 3389 297 3462 missione,
313 3405 401 3464 quam
424 3388 605 3467 septuaginta
628 3387 687 3447 duo
706 3385 838 3463 discipuli
859 3405 876 3445 4
893 3385 1008 3446 Christo
1026 3397 1215 3465 acceperunt,

139 3470 250 3530 nullam
272 3470 420 3530 44441444
444 3468 499 3529 hac
519 3469 657 3530 missione
679 3467 791 3528 ordinis
810 3473 860 3526 444
882 3466 1094 3544 jurisdictionis
1119 3477 1217 3547 potcs-

139 3559 227 3614 tatem
244 3551 388 3631 agnoscit.
415 3577 427 3604 4
444 3551 528 3610 Prior
542 3551 596 3611 ista
611 3549 725 3624 missio,
748 3549 859 3626 iuquit,
884 3549 994 3610 nullam
1019 3549 1105 3610 aliam
1128 3569 1214 3627 quern

138 3631 336 3711 praedicandae
371 3632 564 3711 peonitentiae,
608 3651 640 3692 ac
669 3639 728 3692 4414
768 3631 915 3705 doctrina,
949 3651 1036 3710 quam
1069 3631 1216 3692 miraculis

139 3714 329 3795 praeparandi
355 3714 393 3774 ad
420 3713 528 3775 Christi
557 3713 646 3774 fidem
671 3713 787 3793 populi,
814 3713 979 3773 facultatem
1008 3714 1066 3772 illis
1093 3712 1215 3789 indidit,

139 3815 197 3859 444
221 3796 348 3878 regendi
374 3796 594 3877 gubernandivc
619 3797 668 3876 jus
690 3795 799 3872 ullum,
822 3803 873 3856 444
895 3803 1065 3874 potestatem
1089 3793 1217 3855 441444-

141 3878 235 3957 dinis,
267 3897 355 3957 quaur
383 3879 438 3940 suh
459 3898 570 3940 ooenam
595 3880 727 3938 ultimam
743 3877 898 3938 contulisse
926 3875 1070 3943 creditur,
1090 3874 1150 3936 sive
1165 3878 1216 3956 ju-

140 3961 341 4037 risdictionis,
354 3979 441 4038 quam
453 3971 517 4040 post
529 3961 770 4022 resurrectionem
786 3978 868 4019 44414
882 3959 977 4037 reipsa
988 3965 1028 4034 et,
1044 3965 1077 4016 ut
1089 3957 1217 4038 loquun-

10 4071 11 4098 2
141 4051 202 4120 tur,
217 4053 288 4105 acta
301 4042 432 4104 tradidit.
452 4069 465 4097 u
484 4047 587 4106 Petrus
601 4041 766 4105 Paludanus
777 4039 813 4102 de
829 4043 917 4103 Cous.
936 4038 1099 4102 imotediot.
1112 4039 1214 4106 444444.
