3134 5144
792 491 1014 564 -208-

364 643 509 706 fructibus
535 641 716 722 prebende,
745 647 834 720 nique
864 637 900 702 ex
924 637 1199 714 distributionibus,
1228 639 1341 720 reliqua
1368 659 1441 706 vero

367 727 453 788 tertia
469 742 536 802 pars
549 723 742 802 praesentibus
753 723 899 784 accressit.

407 806 449 885 (b)
470 806 667 882 Vestimenta,
683 804 821 866 elimenta
840 809 871 864 et
888 809 1003 879 cetera,
1025 819 1092 882 que
1103 801 1255 883 ,militibus
1266 801 1442 884 prebebun-

367 895 432 966 ίαν,
446 883 621 968 prebendo,
643 891 749 947 neutro
763 901 888 966 genere,
907 882 952 965 (ut
971 890 1048 944 esto
1069 883 1185 964 anacio
1204 885 1442 946 animadversum

367 965 511 1030 observat.
528 965 580 1028 lib.
597 969 696 1049 desp.
718 967 759 1035 25
780 985 849 1050 opp.
866 973 936 1026 tom.
954 962 1041 1026 dccl.
1059 967 1113 1043 57,
1137 963 1208 1026 edit.
1229 967 1329 1028 Venet.
1347 967 1442 1046 1758)

367 1049 509 1128 appellata
533 1057 602 1109 sunt
622 1049 659 1108 t.
680 1049 719 1110 19
738 1047 773 1130 ff.
793 1047 829 1108 de
848 1043 944 1108 testib.
965 1046 1075 1108 Eadem
1093 1065 1164 1107 voce
1188 1047 1268 1126 apud
1291 1047 1444 1109 ecclesias-

368 1131 440 1192 ticos
456 1131 506 1190 illn
529 1129 681 1190 redituum
700 1147 768 1208 pars
785 1128 951 1209 designata,
975 1147 1043 1206 quas
1064 1128 1152 1188 datur
1172 1129 1333 1204 canonicis,
1354 1138 1443 1191 uteru

367 1229 400 1272 ca
483 1213 586 1290 ipiant‚
602 1231 668 1289 quse
682 1219 751 1272 sunt
764 1209 903 1270 advitam
917 1209 1128 1270 traducendum
1142 1211 1314 1271 necessaria.

420 1291 450 1374 6)
473 1296 547 1374 Cup.
574 1312 629 1353 on.
651 1291 686 1352 de
707 1288 809 1352 clerte
831 1309 892 1352 oon
909 1289 1001 1352 rosid.
1018 1289 1052 1352 in
1073 1292 1104 1351 6.
1127 1292 1321 1370 Excipiuntur
1341 1300 1444 1354 tamen

368 1373 426 1450 ilii,
446 1392 521 1458 qnos
540 1371 718 1456 infirmitas,
745 1391 798 1434 sen
814 1371 903 1455 justo
923 1381 951 1434 ct
972 1369 1162 1433 rationabilis
1186 1373 1319 1454 corporis
1340 1393 1444 1436 neces-

366 1453 456 1530 sitas,
471 1453 660 1516 antecedens
673 1450 799 1516 ecclesio·
815 1450 933 1516 utilitas
952 1460 1119 1530 excusaret,
1136 1455 1188 1531 qni
1202 1455 1336 1516 absentes
1352 1456 1444 1516 etiam

368 1536 553 1680 ppptidppnns
574 1535 797 1598 distributiones
821 1535 978 1615 accipiunt.
1004 1533 1063 1597 Sed
1086 1535 1124 1596 de
1147 1535 1195 1596 bis
1221 1555 1305 1616 agam
1327 1538 1446 1618 copiose

422 1637 455 1680 ro
499 1661 507 1677 .

416 1795 488 1866 Lx.
532 1795 744 1867 Honoruntur
773 1810 884 1866 autem
912 1796 1059 1867 canonici
1092 1819 1190 1892 snpra
1224 1811 1347 1867 ceteros
1372 1797 1446 1868 cle-
1549 1789 1550 1798 ¹

368 1895 468 1981 ricus,
495 1894 634 1962 maxime
666 1894 692 1962 si
717 1908 795 1962 sunt
816 1895 962 1965 canonici
994 1891 1188 1964 cathedralis
1216 1892 1349 1989 templi,
1383 1898 1445 1990 qui

368 1991 531 2086 praecipun
573 1988 727 2084 qnaedom
757 1988 881 2060 babent
918 2015 1015 2085 supra
1048 1993 1220 2062 canonicos
1257 1989 1447 2085 collegiata-

369 2111 456 2156 rum.
494 2085 622 2180 Singuli
653 2089 797 2158 mnonici
825 2086 1018 2182 dignitatem
1045 2113 1115 2159 non
1146 2086 1288 2176 habent,
1323 2114 1447 2184 quam-

395 2209 468 2252 nam
490 2183 532 2253 ad
554 2209 625 2254 eam
646 2187 793 2280 proxime
821 2184 977 2256 accedant
998 2186 1144 2257 canonici
1165 2185 1306 2256 ecclesiae
1328 2185 1447 2255 cathe-

369 2208 488 2370 iralis‚
508 2281 647 2377 ideoque
663 2281 830 2352 interdum
846 2281 953 2354 asede
969 2280 1152 2380 Apostolica
1162 2280 1288 2378 judices
1304 2280 1446 2378 delegati

368 2379 608 2448 constituantur
637 2379 713 2474 (l),
749 2378 807 2450 sed
843 2377 983 2476 dignitas
1011 2395 1060 2452 est
1090 2404 1189 2476 penes
1225 2403 1346 2476 corpus
1371 2383 1447 2452 uni·

370 2499 512 2546 uersum.

411 2644 453 2724 (1)
475 2647 599 2708 Consule
614 2646 802 2708 benedictum
817 2649 886 2708 XIV
900 2646 1049 2708 constitut.
1068 2645 1213 2724 Quamvis
1230 2648 1269 2708 28
1283 2645 1309 2728 §.
1324 2649 1343 2708 6
1365 2665 1441 2729 puy.

367 2729 404 2787 ot
423 2733 494 2788 torn.
512 2731 526 2789 1
544 2728 609 2812 ejus
623 2727 758 2790 Boilorii
768 2727 839 2791 edit.
853 2726 946 2790 indic.

416 2907 445 3006 §.
476 2907 563 2978 LXl.
602 2909 749 2980 Potestas
775 2925 809 2979 et
836 2907 1019 3006 jurisdictio
1057 2906 1189 3005 capituli
1211 2905 1351 2978 ecolesiae
1385 2935 1447 2980 ca·

365 3004 518 3075 thedralis
542 3029 608 3075 sese
633 3007 669 3074 in
698 3007 812 3102 primis
841 3008 979 3095 exserit,
1012 3031 1109 3077 vacua
1140 3003 1216 3076 sede
1246 3005 1445 3102 episcopali3

367 3127 444 3172 nom
472 3115 552 3171 tnnc
577 3100 618 3170 ad
647 3103 753 3198 ipsum
780 3105 886 3174 omnis
913 3102 1107 3173 transfertur
1128 3104 1270 3198 episcopi
1290 3102 1449 3199 jurisdic-

369 3202 413 3269 tio
443 3197 510 3292 (i).
552 3195 652 3283 Quod
680 3223 749 3269 non
786 3199 891 3270 alieno
920 3199 1097 3291 mandato²
1138 3215 1194 3270 aut
1238 3197 1449 3293 delegatione

368 3295 529 3384 efficitur,
562 3294 618 3365 sed
650 3297 758 3391 potius
790 3298 900 3367 nutiro
935 3296 1079 3392 quodam
1116 3313 1151 3366 et
1181 3299 1314 3392 proprio
1341 3299 1446 3392 jure,

368 3391 458 3490 quod
476 3407 606 3462 mortno
628 3395 778 3490 episcopo
798 3397 834 3464 in
856 3393 1059 3492 presbyterio
1075 3397 1233 3465 reviviscit
1257 3393 1323 3490 (2).
1354 3394 1449 3490 Ergo

368 3491 475 3560 omnis
497 3489 536 3560 nd
565 3488 754 3585 Capitulum
778 3493 867 3562 venit
888 3490 1050 3562 ordinaria
1071 3493 1211 3590 episcopi
1224 3489 1413 3589 jurisdictio
1437 3519 1446 3562 :

368 3603 466 3684 atque
485 3587 555 3685 ejus
581 3602 630 3656 est
649 3586 818 3684 judicare,
845 3587 1082 3680 condemnere,
1113 3615 1225 3686 poenas
1248 3591 1292 3657 im
1317 3611 1449 3680 onere,

368 3703 474 3756 cetera
521 3683 655 3756 demum
706 3711 819 3780 agere,
861 3709 936 3785 quae
986 3685 1159 3760 ordinniae
1204 3615 1452 3784 juristlictionis

367 3799 457 3854 sunt.

423 3971 451 4052 1)
475 3973 547 4054 Cop.
566 3974 600 4033 11
616 3979 644 4032 ct
655 3975 674 4033 1
687 3969 722 4033 de
735 3971 866 4056 mnjonfft.
881 3971 1048 4036 ctobedicn.

420 4057 450 4131 2)
478 4079 491 4107 o
513 4054 673 4134 Episcopali
688 4053 756 4115 sede
770 4063 889 4116 vacante
902 4055 1010 4136 (inquit
1029 4056 1109 4118 card.
1130 4055 1168 4117 de
1180 4057 1256 4118 buca
1270 4051 1311 4116 od
1329 4053 1447 4116 concil.
