3106 5170
580 405 801 478 -659-

144 549 278 611 Domin.
300 569 385 612 num.
405 553 423 612 7
443 559 514 615 tom.
538 553 557 614 2
575 573 649 637 pap.
674 557 733 616 565
747 552 794 616 cd.
811 554 883 630 cit.,·
899 557 1094 618 liumusceuns
1116 551 1220 637 desid.

145 629 269 694 orthod.
297 631 347 696 lto.
371 637 468 718 lccp.
492 637 614 698 ldtom.
642 639 655 698 l
679 655 752 720 pop.
777 638 832 698 27¹
850 634 895 697 cd.
911 634 1021 712 indic.,·
1036 639 1112 718 Aug.
1127 645 1222 698 contr.

149 711 202 774 lit.
217 711 304 776 Petil.
331 711 380 777 tat.
398 719 417 778 2
438 717 506 800 copl
529 719 568 780 25
584 715 638 780 col.
660 719 719 780 655
741 725 812 780 tom.
836 716 939 780 ledit.
962 715 1072 795 indic.,·
1087 717 1222 780 cimbros.

146 794 237 877 upctd
254 795 423 861 Theodoret.
440 797 511 862 list.
530 797 600 864 eccl.
614 797 637 870 l,
654 795 755 881 tt'ccp.
781 801 820 860 te
831 818 904 883 pop.
929 803 988 861 ild
1010 798 1056 860 ed.
1082 797 1224 882 Contodr.
1282 857 1284 864 ,

151 879 255 955 llio,
274 880 401 959 cyrillus
419 878 528 943 cotecis.
553 884 593 944 23
610 900 696 944 num.
712 885 748 944 21
764 901 837 965 pop.
855 884 911 943 556
937 880 988 943 cit.
1005 880 1076 944 edit.
1102 899 1226 944 concors

149 978 245 1022 runnu
268 970 298 1020 ct
313 961 429 1023 sinistre
455 963 582 1025 dexteros
596 963 739 1044 subjectu,
759 964 868 1026 Christi
887 981 992 1044 coppus
1009 963 1115 1044 suscipi
1127 965 1224 1044 jubet.

151 1045 218 1102 lloc
226 1052 324 1104 cutem
337 1045 416 1106 6666
426 1045 504 1107 iuter
514 1054 601 1125 utque
610 1047 747 1107 mulieres
758 1046 915 1108 discrimen
925 1045 1134 1122 iuteroedcbnt‚
1146 1046 1226 1125 quod

151 1123 213 1184 viri
237 1124 325 1186 uudis
347 1127 500 1205 munibus,
525 1128 663 1189 mulieres
684 1129 774 1190 linteo
798 1127 1010 1192 Euchmistium
1031 1129 1224 1208 excipiebant,

149 1205 200 1264 uti
216 1215 298 1285 putet
314 1225 350 1268 ex
369 1211 492 1272 omorio
511 1210 620 1273 Arelut.
635 1213 730 1274 Sem.
751 1211 810 1272 229
824 1210 858 1272 in
873 1229 945 1292 opp.
968 1212 1093 1291 depost.
1116 1213 1134 1272 5
1152 1229 1223 1294 opp.

151 1289 234 1370 Aup.
251 1297 321 1351 torn.
339 1292 469 1372 666665
489 1289 546 1354 col.
565 1294 624 1354 576
641 1292 690 1354 cit.
706 1291 753 1354 66.
759 1338 772 1370 ,
786 1301 817 1353 et
831 1311 867 1354 cx
881 1309 962 1356 6666.
980 1291 1225 1354 Autissiodorensi

151 1387 223 1430 cun.
240 1372 277 1433 56
293 1371 372 1451 opud
388 1373 478 1436 Lobb.
500 1383 569 1436 tom.
586 1376 604 1436 6
619 1372 672 1437 ool.
693 1376 752 1436 666
771 1373 818 1436 ed.
838 1377 939 1436 Vcnet.
955 1375 1051 1452 Atque
1066 1373 1125 1434 huc
1136 1376 1225 1436 etium

154 1469 299 1514 cononem
312 1457 352 1516 65
367 1453 497 1534 ejusdem
511 1456 624 1518 concilii
647 1456 907 1519 Autissiodorensis
919 1455 1227 1596 relereudumputuut

150 1533 242 1596 Cerd.
258 1539 336 1597 Bone
350 1555 410 1597 rer.
431 1535 533 1621 liturp.
553 1536 603 1600 66.
627 1540 645 1600 t
666 1557 691 1600 c.
709 1540 747 1600 ll
766 1535 793 1620 S.
812 1541 830 1599 5
841 1558 876 1621 p.
896 1539 958 1616 569Ι
972 1544 1044 1598 tom.
1062 1539 1111 1599 56
1133 1538 1225 1615 .cit.,·

150 1617 315 1710 llrrteuius
328 1616 364 1679 de
380 1620 478 1705 antiq.
491 1619 562 1683 eccl.
577 1621 628 1682 rit.
645 1617 696 1683 lib.
714 1624 728 1684 l
747 1623 849 1703 copi
872 1629 931 1682 ort.
949 1619 989 1680 lo
1001 1636 1072 1701 pop.
1090 1621 1150 1680 lto
1169 1629 1190 1681 t.
1207 1623 1222 1680 l

150 1694 226 1758 edet.
249 1708 299 1760 cst.
325 1701 433 1780 uliique
456 1703 629 1784 complures.
657 1706 731 1768 Nom
750 1721 785 1764 eo
802 1720 912 1764 conone
937 1701 1081 1762 sancitum
1106 1708 1165 1774 est,
1193 1709 1227 1762 ut

159 1804 175 1832 u
196 1783 382 1862 uusquequo
405 1785 527 1864 mulier,
553 1785 670 1864 quaudo
688 1786 897 1862 communicat,
918 1781 1121 1844 dominicalem
1138 1801 1226 1844 suum

153 1862 286 1940 occipiat.
301 1890 315 1916 u
342 1865 387 1926 llli
405 1875 503 1929 cutem
518 1864 726 1929 dontiniculem
745 1868 975 1947 interpretentur
993 1864 1118 1926 linteum
1136 1884 1226 1925 mun·

154 1941 241 2019 dum,
263 1963 322 2022 quo
339 1946 468 2026 subjecto
483 1949 620 2010 mulieres
637 1949 847 2010 Eucharistiom
863 1945 1052 2028 accipiebant.
1074 1947 1132 2009 Sed
1159 1967 1226 2008 cum

151 2043 191 2086 eu
209 2025 245 2086 de
264 2045 298 2087 re
316 2029 581 2092 Autissiodoreuses
598 2035 697 2092 Patres
722 2032 791 2092 sotis
810 2031 936 2112 egissent
953 2047 1020 2090 con.
1050 2030 1104 2108 56,
1130 2047 1227 2108 noque

151 2107 308 2170 virisimile
322 2111 375 2186 sit,
394 2131 443 2174 eos
461 2121 559 2174 cetum
580 2131 666 2194 ogere
685 2113 810 2175 voluisse
824 2131 892 2174 666.
911 2114 968 2189 tt,
991 2117 1072 2172 recte
1091 2112 1226 2174 Buluuius

149 2189 188 2250 iu
205 2192 336 2252 orsum.
352 2211 420 2255 con.
441 2196 479 2256 69
496 2195 589 2257 cous!
600 2197 639 2258 25
657 2214 688 2279 q.
705 2196 723 2256 5
742 2195 882 2271 ostendit,
900 2189 1119 2272 dominicalem,
1143 2193 1226 2271 cujus

150 2272 188 2332 iu
201 2289 236 2332 eo
260 2274 382 2336 concilio
402 2277 512 2339 mentio
536 2283 595 2353 cst,
615 2277 704 2338 luisse
723 2285 855 2358 tegmen,
875 2294 935 2355 quo
955 2275 1092 2337 mulieres
1110 2275 1148 2336 66
1169 2278 1227 2336 llo·

151 2351 324 2416 charisdcm
337 2359 505 2421 occcdentes
516 2366 604 2438 ceput
623 2359 805 2439 operiebant.
821 2364 912 2421 Porro
926 2376 985 2418 uon
998 2375 1057 2418 uno
1076 2365 1106 2434 et
1122 2356 1227 2418 eodem

150 2437 401 2517 temporeulsique
407 2440 493 2502 desiit
500 2460 562 2502 mos
570 2441 854 2522 Euchmistiee2muuu
866 2439 1055 2519 excipiendo.
1064 2443 1098 2501 lu
1108 2439 1228 2500 ecclesio

151 2521 286 2582 Romano
295 2520 355 2599 jum
368 2521 465 2584 iudeo
478 2541 544 2584 suc.
558 2526 599 2586 vl
611 2523 642 2583 iu
656 2541 688 2584 os
703 2521 840 2603 injectum
856 2521 1067 2584 Eucharisticm
1079 2521 1227 2602 colligitur

151 2619 192 2661 ex
205 2619 252 2678 eo,
275 2601 354 2681 quod
379 2613 479 2701 uurrnt
501 2607 533 2667 S.
556 2607 677 2698 tiregor.
702 2607 743 2668 66.
767 2601 851 2702 diod:
863 2601 914 2666 to.
937 2605 1036 2684 5666.
1054 2603 1072 2664 5
1088 2599 1142 2663 col.
1164 2605 1225 2698 686

148 2686 378 2829 gud-,m
391 2685 775 2830 ‘l‘eltttlitnll
798 2685 1225 2848 tntttt‘ttttt‘ttt

150 2851 186 2912 S·
200 2849 335 2910 Pontifex
347 2860 462 2913 creatus
473 2857 533 2928 est,
551 2871 584 2914 cc
597 2851 705 2912 dicitur
726 2854 841 2933 Corpus
858 2849 1052 2912 Dmninicum
1065 2848 1099 2910 in
1116 2866 1149 2911 os
1165 2849 1226 2910 nci-

150 2930 238 2995 ss'sse.
264 2931 406 2996 Similiter
426 2933 565 2995 liothom.
592 2933 713 2995 concilio
735 2933 880 2995 sancitum
903 2939 959 3007 est,
983 2938 1017 2992 ut
1036 2927 1116 2992 nulli
1135 2927 1225 3003 luico,

151 3019 209 3076 out
229 3011 373 3096 sctum,
390 3013 616 3077 Eucharistiom
634 3015 667 3080 in
687 3012 826 3077 munitus
841 3021 959 3096 ponunt
971 3013 1149 3089 secerdotes,
1173 3013 1226 3074 sed

151 3103 273 3158 666666
293 3095 326 3157 in
350 3115 383 3159 os
407 3095 482 3180 ejus.
498 3101 649 3178 lntegrum
669 3095 757 3176 hujus
779 3097 891 3158 concilii
920 3113 1060 3158 cunonem
1085 3094 1226 3156 describit

150 3178 303 3242 ldcbillou.
327 3176 414 3262 prus.
433 3181 478 3246 ,lu
500 3181 521 3240 1
531 3185 614 3261 port.
635 3197 702 3240 suc.
725 3175 867 3240 5Bened.
889 3174 949 3240 obs.
978 3181 1012 3240 ll
1029 3197 1061 3238 n.
1082 3178 1121 3238 76
1132 3195 1166 3261 p.
1184 3179 1223 3238 56

152 3269 227 3322 tom.
243 3261 261 3320 5
275 3257 322 3320 ed.
349 3263 448 3324 Venet.
472 3262 561 3338 6756,
588 3279 676 3339 quem
697 3259 810 3321 editum
822 3266 915 3339 putot
935 3260 1010 3320 circu
1024 3277 1134 3320 annum
1150 3261 1224 3336 880,

152 3361 214 3422 quo
227 3361 264 3402 ex
273 3349 416 3423 tempore,
432 3344 539 3422 iuquit,
553 3341 686 3424 obrogari
697 3343 785 3422 coepit
796 3361 860 3404 mos
870 3342 919 3403 illc
933 3341 1122 3404 Eucharistiae
1135 3361 1225 3402 manu

153 3423 348 3504 excipiendo,
374 3433 521 3487 reservnc
554 3433 651 3486 tumen
676 3423 796 3486 diooono
819 3432 849 3484 et
877 3424 1053 3486 6666666666
1081 3423 1226 3486 Dominici

153 3507 292 3586 Corporis
305 3507 470 3570 treuctnudi
485 3507 631 3569 locrrltute.
647 3510 759 3569 Verum
780 3507 811 3568 in
826 3509 911 3569 ltom.
927 3507 1045 3568 ecclesis
1067 3515 1135 3568 cute
1149 3506 1226 3566 hanc

151 3588 513 3670 rehtemchristicorpus
526 3590 557 3650 iu
578 3609 610 3650 os
630 3589 708 3650 mitti
720 3589 917 3666 consuevisse,
933 3588 1113 3650 demonstret
1134 3592 1222 3666 Greg.

152 3672 247 3747 locus,
261 3689 350 3749 quem
369 3673 456 3752 puolo
476 3679 543 3733 cute
562 3670 717 3751 descripsi3
740 3671 796 3732 uisi
817 3671 882 3750 quis
902 3673 978 3733 lortc
1001 3670 1057 3732 hoe
1078 3669 1225 3750 singulare

153 3753 322 3832 emplum
343 3753 442 3832 ducet,
463 3753 544 3815 uude
567 3753 709 3834 geuerdis
730 3753 909 3815 cousuetudo
933 3752 1017 3814 educi
1041 3755 1100 3812 uon
1117 3757 1223 3830 potest.

153 3835 281 3900 Consule
293 3837 342 3898 llr.
359 3835 397 3897 de
409 3835 560 3899 Berlendis
572 3833 712 3898 chblot.
726 3833 767 3898 od
777 3833 869 3896 altor.
880 3853 1027 3897 66666666.
1040 3831 1067 3914 §.
1079 3833 1097 3892 ll
1105 3849 1139 3914 p.
1151 3833 1223 3893 657.

195 3917 237 3998 (7)
258 3921 442 3980 Postremum
452 3917 532 3979 hune
543 3917 665 3980 modum
678 3917 779 3997 rejecit
789 3937 854 3997 syn.
872 3916 1053 3979 Broeereusis
1066 3917 1106 3976 lV
1120 3915 1224 3975 6666

150 3999 234 4080 opud
247 3999 337 4063 6666.
369 4009 439 4064 tom.
465 3996 553 4063 leot.
578 4001 636 4062 579
650 3998 697 4063 ed.
724 4001 840 4076 Vocet,
865 3997 1118 4079 pictaviensem
1137 4015 1221 4060 conc.
