3122 5178
749 438 945 510 ..94-

353 587 394 671 (1)
413 593 446 650 ln
460 586 583 650 concilio
598 586 772 650 Tridentino
793 608 898 670 magna
914 589 1080 649 arianorum
1099 585 1286 646 contentione
1303 603 1386 664 quee-

312 673 400 732 situm
419 677 477 746 est,
495 688 565 729 num
580 669 781 749 cpiscoporum
795 671 951 731 auctoritas
969 695 1075 747 αμεσως
1092 665 1262 728 icomediate
1276 686 1292 728 a
1307 671 1384 744 Deo,

312 771 349 812 an
364 753 490 830 potiusa
511 753 642 812 Romano
660 752 802 813 Pontifiec
821 759 897 814 esset
917 747 1094 829 repetenda3
1110 749 1161 808 sed
1177 767 1224 810 res
1239 749 1269 808 in
1289 749 1386 810 medio

311 833 412 894 relicta
426 839 485 910 est,
506 840 610 912 agente
624 835 788 911 praesertim
807 833 948 894 cardinali
967 829 1197 912 aLotharingia.
1220 833 1294 894 Nam
1308 833 1387 891 inter

311 913 467 975 catholicos
488 922 551 974 erat
579 913 754 992 disputatio,
782 934 842 976 non
870 916 948 975 inter
976 911 1132 973 catholicos
1156 920 1186 972 et
1213 911 1385 988 haereticos,

312 1015 369 1074 qua
395 995 432 1057 de
455 1014 539 1055 causa
561 996 716 1056 concilium
744 996 918 1058 habebatur.
949 995 1019 1056 Vid.
1044 993 1143 1056 ·Natel.
1169 993 1385 1068 Alexandrum,

313 1077 428 1140 Hector.
450 1074 564 1138 Ecclee.
586 1095 655 1138 aaa.
672 1078 735 1140 XV
748 1087 856 1140 atace.
881 1077 961 1138 XVI
979 1075 1097 1138 dissert.
1124 1077 1177 1152 15,
1197 1083 1258 1136 ort.
1279 1072 1384 1156 1151

314 1166 342 1220 et
365 1161 400 1236 7,
428 1165 498 1219 tom.
526 1160 544 1218 9
567 1175 639 1252 pap.
666 1161 739 1236 558,
765 1157 835 1221 edit.
867 1161 966 1221 Veraci.
993 1176 1046 1217 oa.
1066 1157 1162 1234 1776,·
1178 1157 1388 1218 Pallavicinum

313 1239 395 1302 ilict.
413 1243 502 1302 Coae.
523 1238 676 1317 laedent,
693 1237 744 1301 tio.
770 1243 808 1300 18
830 1259 897 1322 cap.
915 1243 954 1301 ll
966 1245 994 1300 et
1009 1239 1066 1316 lli,
1083 1245 1112 1299 at
1124 1235 1175 1299 lib.
1192 1240 1227 1299 71
1245 1257 1313 1320 cap.
1332 1239 1384 1314 ll,

314 1331 344 1382 et
368 1322 531 1382 zaccariam
546 1321 579 1381 in
602 1319 848 1400 dati-Fehronio,
871 1331 941 1383 tom.
962 1321 982 1381 Ξ
1006 1318 1160 1382 disserti
1183 1339 1249 1402 cap.
1275 1321 1304 1380 6.
1333 1323 1388 1381 Ge·

314 1411 412 1464 terum
426 1411 493 1464 utut
509 1403 678 1463 immediate
694 1422 710 1463 a
724 1409 786 1466 Deo
800 1405 1002 1483 episcoporum
1016 1409 1142 1482 potestas
1156 1408 1323 1480 repetatur,
1340 1401 1388 1461 ni·

314 1484 357 1546 hil
368 1485 399 1545 id
412 1485 542 1546 detrahit
553 1483 739 1546 monarchiae
754 1486 881 1546 ecclesiae
898 1485 1038 1564 imperio,
1054 1485 1192 1562 quoniam
1211 1501 1245 1544 ea
1260 1483 1388 1560 subjecta

314 1574 344 1628 et
358 1566 482 1627 obnoxia
507 1575 550 1628 est
570 1585 685 1628 summo
707 1569 858 1644 Pontifici,
879 1586 896 1626 a
921 1584 981 1646 quo
1004 1566 1125 1643 arctari,
1156 1563 1327 1645 amplificari
1356 1581 1389 1623 ac

314 1647 376 1708 tolli
393 1649 483 1708 ctiam
497 1655 602 1728 potest.
626 1651 733 1710 Confer
747 1649 937 1709 Ballerinium
952 1647 987 1708 de
998 1654 1105 1726 potest.
1123 1644 1224 1708 coclea.
1240 1661 1386 1707 clamator.

315 1727 497 1811 Pontificum
520 1736 548 1788 ct
562 1725 675 1788 Concil.
697 1725 841 1810 general,
855 1747 881 1786 c.
905 1725 953 1806 15
980 1729 1049 1786 liet
1072 1729 1102 1804 6,
1123 1745 1197 1808 paq.
1220 1730 1258 1787 16
1284 1734 1387 1821 etseq.

315 1808 361 1870 ed.
377 1813 506 1890 depost.
525 1805 669 1868 Viadelic.
683 1827 734 1868 aa.
750 1811 840 1868 1770.
855 1811 898 1868 lta
912 1805 1026 1866 etiamsi
1041 1825 1056 1864 a
1069 1824 1184 1865 summo
1199 1805 1341 1866 Pontificc
1358 1826 1390 1867 m

315 1891 463 1968 episcopos
473 1889 708 1968 jurisdictionem
722 1888 904 1960 derivemus,
917 1905 977 1948 non
987 1883 1058 1946 indc
1069 1884 1212 1962 efficitur,
1229 1905 1278 1947 cas
1292 1905 1391 1948 meros

316 1989 378 2032 ecee
399 1970 490 2048 ipsius
507 1970 645 2046 vicarios,
671 1987 738 2030 cum
759 1971 821 2048 ipsa
844 1976 969 2048 potestas
983 1967 1079 2048 quoad
1106 1969 1251 2048 originem
1269 1987 1390 2031 suamc

316 2056 378 2114 Deo
392 2053 429 2111 sit
439 2051 583 2112 instituta.
600 2052 707 2112 Confer
718 2051 865 2132 Zallinger
879 2047 934 2112 loc.
951 2049 1002 2111 cit.
1016 2045 1042 2130 5.
1059 2050 1130 2110 365.

357 2131 398 2212 (2)
418 2134 482 2207 Quo
496 2133 685 2192 referendum
707 2130 781 2192 illud
802 2133 912 2195 Concil.
929 2131 1112 2208 Tridentini,
1135 2149 1207 2193 aeae.
1228 2133 1267 2192 ll
1285 2149 1353 2213 cap.
1371 2132 1389 2192 7

316 2211 352 2274 de
369 2215 505 2276 Sacram.
519 2212 672 2308 peniteat.
687 2236 698 2272 .-
715 2213 823 2276 Merc'tc
838 2211 999 2297 Pontifices
1020 2212 1167 2290 Maximi,
1204 2232 1237 2275 ro
1250 2230 1390 2296 supremo

313 2302 458 2376 potestate
473 2293 528 2356 aida
542 2295 575 2356 lo
590 2291 711 2357 ecclesio
724 2295 866 2358 aniverso
881 2293 1009 2371 tradita,
1026 2311 1135 2356 caueae
1151 2313 1171 2354 a
1183 2313 1270 2378 aqaoa
1286 2293 1391 2356 onmi-

317 2395 392 2518 pant
402 2375 652 2518 ᾳιζαυίονωηιέἷιρι
685 2374 1391 2520 dtctqcarttppiauliart'q'qdicc'oa·qcea¹arare.trltt1up

396 2476 453 2517 era
507 2475 575 2517 sco
631 2477 640 2517 ι
882 2502 888 2517 .
951 2501 959 2518 .
1109 2501 1116 2516 .
1156 2501 1164 2518 .
1242 2503 1249 2516 .
1346 2499 1353 2516 .

317 2477 376 2600 cciic
391 2477 553 2617 686¹,nedijt
569 2477 717 2600 Balleia.
738 2477 839 2601 ppppp·
855 2477 953 2617 illidi}
975 2476 1134 2621 Vigiliiip.
1155 2475 1391 2602 cipricitfflam

317 2638 401 2680 aram.
421 2623 438 2682 7
461 2628 531 2682 tom.
548 2622 577 2682 t.
595 2617 707 2684 concil.
724 2618 837 2683 collect.
860 2618 983 2700 labbei,
1000 2617 1056 2682 col.
1076 2620 1156 2682 1795
1171 2617 1242 2680 edit.
1270 2621 1388 2698 Vertat,

317 2703 501 2781 aliorumque
522 2703 734 2783 complurium,
750 2704 901 2784 episcopos
915 2704 946 2763 in
960 2709 1074 2782 partem
1094 2701 1315 2780 sollicitudinis,
1331 2719 1390 2764 non

317 2783 348 2844 in
362 2783 576 2864 plenitudinem
592 2787 742 2866 potestatis
755 2804 818 2847 esso
830 2793 956 2847 rocetos.

365 2925 395 3025 5.
412 2926 506 2998 XXI.
527 2926 643 3023 Neque
666 2927 876 2999 ecclesiastica
903 2924 1090 2999 monarchia
1120 2928 1390 3024 temperationem

318 3021 460 3120 aliquam
489 3026 696 3097 aristocratiae
716 3028 861 3121 accipere
882 3040 990 3122 potest
1016 3051 1056 3096 ex
1082 3023 1218 3096 concilio
1243 3049 1392 3098 oecume-

319 3123 413 3209 nico,
434 3119 523 3217 quod
552 3123 587 3190 in
610 3123 718 3219 ipsum
747 3122 934 3194 Romanum
950 3119 1147 3194 Pontificem
1173 3123 1303 3218 imperii
1327 3147 1393 3220 po·

320 3233 434 3288 testate
461 3215 585 3314 pollere
609 3219 744 3316 quidam
770 3235 901 3316 putant.
929 3219 1000 3314 Ego
1026 3245 1103 3292 vero
1129 3244 1258 3290 summo
1282 3219 1394 3292 Ponti-

318 3313 372 3385 fici
404 3331 554 3410 praestare
592 3317 766 3388 concilium
804 3341 907 3412 nego,
946 3331 980 3387 et
1010 3319 1192 3414 pugnantia
1222 3341 1277 3388 eos
1300 3316 1393 3414 loqui

319 3413 484 3505 intelligo,
512 3415 569 3507 qui
597 3439 672 3484 cum
697 3439 737 3485 ex
764 3412 932 3486 catholicae
955 3412 1035 3484 fidei
1060 3413 1210 3486 doctrina
1234 3413 1394 3486 ecclesias-

319 3526 415 3580 ticam
452 3510 674 3581 monarchiam
715 3526 909 3606 agnoscant,
947 3525 1060 3581 tamen
1085 3513 1275 3610 opinionem
1303 3511 1394 3582 illam

276 3686 277 3689 Ἴ
320 3623 476 3702 repente,
504 3623 542 3675 ut
561 3607 715 3704 equidem
735 3626 838 3706 puto,
862 3607 980 3680 saeculo
999 3609 1080 3680 XIV
1104 3635 1141 3680 ex
1164 3607 1273 3680 medio
1297 3607 1394 3680 schia-

320 3707 414 3773 matis
441 3703 593 3776 inccndio
626 3705 681 3802 (l)
711 3723 837 3797 ortam,
865 3709 961 3776 etin
990 3707 1222 3778 aristocratiam
1250 3705 1394 3802 denique

321 3799 519 3873 recidentem
543 3820 746 3900 sequuntur,
771 3803 805 3872 id
828 3801 919 3900 quod
951 3827 1020 3876 non
1053 3804 1152 3876 modo
1180 3829 1199 3874 a
1230 3801 1394 3875 catholicis

321 3899 471 3996 reliquis,
503 3902 560 3995 qui
581 3899 686 3972 abeis
711 3900 928 3992 dissentiunt,
951 3901 1008 3974 sed
1039 3905 1136 3974 etiam
1168 3915 1395 4000 aprotestau·

321 3995 407 4068 tibus
437 3996 490 4094 (7)
522 3997 782 4071 animadversum
812 4013 872 4071 est.
