3122 5178
494 381 714 474 4⁷1-

81 567 114 622 ct
146 552 319 622 auctoritas
348 547 498 645 pluribus
532 550 798 639 commendetur,
837 577 904 624 non
938 569 1049 625 tamen
1084 555 1146 626 boc
1240 545 1245 556 ’

82 647 340 744 pseudo-isidori
363 651 565 744 propositum
595 665 693 746 atque
725 651 910 721 institutum
931 651 1013 743 luit,
1040 677 1147 750 neque

83 773 117 816 ea
151 747 264 837 sedes,
298 747 391 843 cujus
414 749 491 844 jura
526 761 560 816 et
587 747 752 844 privilegia
783 751 964 820 certissimis
993 752 1145 820 nituntur

85 847 328 934 monumentis,
350 843 436 914 salsis
457 843 519 914 illis
542 843 755 916 decretalibus
777 845 942 942 indigebat
967 845 1032 944 (l).

89 1040 165 1184 ιβ)
175 1042 253 1104 Vide
263 1041 423 1103 Bammum
436 1039 477 1103 ad
490 1061 562 1103 aaa.
576 1043 646 1119 sot,
660 1061 745 1104 aum.
760 1045 861 1127 δρας.
876 1045 914 1104 18
926 1051 996 1106 tom.
1011 1045 1060 1121 tt,
1076 1041 1145 1106 edit.

111 1143 184 1186 scae.

134 1303 168 1405 ς.
191 1303 297 1375 Lxx.
330 1303 444 1400 Longe
466 1303 553 1376 aliud
577 1305 837 1378 Pseudo-isidori
862 1305 1031 1378 consilium
1056 1306 1150 1378 luisse

87 1404 288 1474 demonstrat
311 1406 379 1498 ipsa
405 1403 571 1500 praelatio,
603 1430 639 1475 ac
673 1407 772 1475 totius
802 1406 908 1501 operis
936 1406 1028 1474 ratio.
1066 1404 1151 1475 Nam

88 1506 124 1573 in
151 1527 190 1572 ea
214 1503 287 1570 satis
310 1501 471 1593 declarat,
501 1527 566 1572 sese
587 1501 642 1572 illa
661 1501 824 1596 collegisse
853 1517 1087 1590 monumenta,
1116 1517 1153 1572 ut

88 1624 210 1672 omnes
232 1598 271 1667 ab
291 1601 511 1696 episcopomm
531 1599 783 1672 accusationibus
802 1597 963 1670 deterreat
984 1598 1060 1695 (l),
1080 1615 1153 1682 tum

89 1695 314 1768 vehementius
330 1697 494 1768 invehitur
517 1699 553 1768 in
576 1723 651 1788 eos,
678 1699 735 1794 qui
758 1699 923 1794 episcopos
950 1695 1072 1768 audent
1098 1723 1154 1782 ac-

91 1820 226 1884 cusare,
247 1811 277 1865 et
300 1797 403 1866 multa
426 1821 488 1892 pro
512 1799 601 1884 anit,
625 1821 684 1891 per
704 1821 780 1893 quae
813 1794 998 1894 hujusmodi
1021 1821 1153 1866 accusa-

91 1896 195 1964 tiones
210 1890 412 1966 difficillimae
426 1821 575 1964 eradant.
591 1894 662 1964 Huc
675 1896 771 1964 etiam
784 1908 851 1966 tota
862 1910 985 1991 spectat
994 1893 1152 1982 collectio,

91 2009 124 2060 et
151 1989 214 2061 buc
243 1991 319 2062 lalsa
348 2007 581 2081 monumenta,
613 1994 648 2061 in
677 1992 795 2088 quibus
818 1992 931 2063 eadem
954 2009 1001 2062 aas
1028 2017 1155 2090 semper

91 2089 132 2160 de
164 2092 315 2160 accusatis
343 2091 500 2187 episcopis
523 2115 600 2159 cura
635 2107 668 2159 et
696 2089 890 2161 sollicitudo.

133 2311 177 2394 (l)
191 2315 344 2390 Postquam
359 2313 389 2372 in
401 2283 573 2391 'paratione
587 2313 717 2375 Isidorus
728 2313 901 2376 documenta
916 2313 1070 2387 indicavit,
1088 2313 1155 2392 qui·

94 2395 149 2454 bus
167 2413 218 2454 sna
232 2395 363 2455 collectio
378 2394 546 2470 conficitur,
564 2395 639 2456 hanc
654 2415 754 2456 eorum
771 2396 1000 2478 colligendorum
1015 2395 1157 2456 rationem

95 2474 198 2536 affert:
218 2479 370 2552 Quatenus
387 2473 572 2538 ecelesiastici
585 2475 698 2538 ordiris
712 2475 868 2560 disciplina
880 2478 913 2538 iu
926 2496 1021 2538 uuum
1043 2475 1157 2538 anobis

96 2565 193 2618 macta
214 2567 304 2640 atque
325 2556 454 2700 sl‘p'pesta,
476 2567 503 2618 et
521 2559 625 2620 Sancti
644 2557 791 2621 Proesules
807 2557 942 2702 paternis
959 2557 1158 2619 iristitasoutur

98 2636 220 2720 aquo,
242 2638 335 2701 stobe
358 2641 447 2700 ierstes
462 2637 586 2703 ecclesie
608 2641 752 2718 ministri,
772 2659 805 2702 oe
833 2637 939 2722 populi
952 2637 1159 2719 spiritualibus

98 2717 270 2782 mantua
283 2719 439 2804 aucupiis,
456 2730 484 2782 et
497 2741 557 2783 riou
570 2719 720 2783 mulorum
734 2719 887 2783 lsmuiuum
898 2718 1096 2802 pravitatibus
1110 2721 1159 2782 de-

99 2801 257 2882 cipiantur.
271 2801 366 2864 Multi
375 2803 454 2864 caim
467 2805 613 2885 pravitate
624 2813 652 2864 et
668 2802 829 2885 cupiditate
843 2801 975 2884 depressi
985 2821 1159 2864 accusasses

100 2883 1160 2966 sacranorssnsranssssunr.Quodmultispersequituracerbeob'urgans

101 2967 178 3043 ilios,
214 2969 244 3027 ui
262 2969 409 3047 episcopos
424 2975 577 3044 accusant,
592 2975 627 3028 ut
645 2987 675 3030 se
686 2987 741 3050 per
759 2965 825 3032 illos
839 2974 988 3044 erucem,
1001 2985 1034 3026 ce
1060 2985 1160 3029 suum

103 3045 179 3110 bouis
189 2987 338 3124 ditantur,
352 3069 384 3110 sc
396 3049 487 3110 multa
497 3049 664 3129 hujusmodi
669 3049 847 3129 judiciorum
858 3047 1039 3110 incommoda
1053 3048 1161 3110 descri-

104 3128 170 3191 bens
187 3130 261 3190 iilud
275 3139 375 3211 urget,
391 3131 538 3210 episcopos
552 3141 696 3193 accusatos
713 3139 743 3192 et
760 3133 847 3194 rebus
867 3133 927 3192 suis
941 3131 1091 3210 spoliatos,
1111 3140 1161 3192 aut

106 3211 191 3290 gradu
200 3222 307 3289 motos,
321 3222 371 3272 aut
383 3230 399 3273 c
409 3212 478 3273 sede
488 3213 586 3292 pulsos
596 3213 634 3273 ad
644 3212 915 3275 dicendamcausam
926 3213 988 3294 cogi
996 3231 1054 3274 non
1065 3231 1160 3292 posse,

105 3294 156 3353 nisi
170 3296 299 3372 primum
308 3295 419 3356 luerint
436 3296 576 3371 restituti,
592 3303 622 3355 et
635 3295 769 3374 quaedam
782 3295 865 3357 addit
878 3295 915 3356 de
934 3296 1162 3358 accusationibus

107 3383 187 3454 atque
199 3377 413 3438 accusatoribus
426 3376 603 3457 rejiciendis.

150 3579 180 3680 ς.
207 3581 331 3654 LXXI.
363 3583 473 3682 Atque
492 3582 556 3654 hoc
577 3584 710 3682 quidem
732 3583 902 3655 consilium
924 3585 1062 3654 maxime
1085 3607 1163 3679 per-

108 3682 234 3773 spicitur
248 3684 284 3751 in
297 3681 445 3780 capitulis
463 3681 627 3754 Hadriano
638 3681 787 3772 tributis,
801 3707 876 3780 quae
888 3681 987 3752 veluti
1003 3705 1164 3750 summam

108 3777 256 3849 exhibent
289 3779 444 3850 falsorum
485 3797 796 3870 monumentorum,
835 3779 923 3851 unde
961 3780 1162 3874 potissimum

106 3892 231 3972 excepta
248 3894 340 3948 sunt.
361 3876 447 3948 Nam
467 3876 623 3975 pleraque
640 3904 679 3951 eo
700 3893 867 3974 spectant,
885 3892 922 3946 ut
944 3902 986 3945 ne
1008 3901 1025 3944 a
1054 3871 1164 3968 quoli-

106 3971 160 4042 bet
178 3976 318 4073 episcopi
345 3991 555 4066 accusentur,
575 3993 613 4047 ut
635 4001 677 4047 ne
699 3975 790 4047 lacile
809 3989 1008 4046 accusatores
1028 3969 1165 4040 audian-
