3122 5178
536 393 732 464 -a5-

111 563 206 611 onnes
227 541 263 610 in
286 538 402 610 eadem
426 543 586 612 sententia
609 545 815 614 conveniant.
837 541 929 709 (puin
951 549 1048 614 etiam
1069 567 1164 614 sum·

111 641 145 706 ni
168 636 344 709 Pontifices
371 636 483 734 plures
509 640 622 728 nnius,
656 638 825 711 alteriusve
882 641 959 710 atris
987 644 1164 712 sententias

110 736 227 833 injuris
250 760 371 832 eorpus
392 733 599 824 retulerunt3
623 751 722 832 atque
744 739 799 808 bae
820 735 992 810 Pontificia
1019 741 1165 810 auotori-

112 847 164 902 tate
183 835 244 902 rim
263 833 344 929 legis
368 831 505 902 babent.
534 832 752 930 Appellantur
776 850 886 905 autern
912 832 1023 906 Sancti
1049 835 1163 906 Patres

110 931 145 1023 pii
169 928 214 999 illi
244 931 400 1027 doctique
421 931 504 1020 riri,
529 933 586 1027 qui
608 933 791 1028 prasertim
814 956 918 1029 usque
941 932 982 1002 ad
1004 931 1163 1004 duodeci·

113 1049 188 1094 num
211 1027 355 1100 ecelesiae
374 1025 530 1099 saeculum
554 1053 605 1098 res
632 1025 756 1100 divinas
783 1030 909 1127 scriptis
935 1029 1161 1120 illustrarunt,

113 1145 302 1220 quorumque
336 1150 435 1222 opera
470 1125 512 1195 ab
541 1124 671 1196 ecclesia
699 1125 836 1222 probata
863 1141 960 1217 sunt,
985 1143 1019 1200 et
1044 1152 1162 1223 magna

112 1242 143 1287 es
164 1237 252 1313 parte
281 1221 324 1290 ed
349 1246 409 1292 nos
436 1237 658 1320 pervenerunt
685 1223 752 1320 (1).

145 1363 181 1445 (i)
191 1367 284 1428 Sancti
295 1371 397 1430 Patres
411 1369 496 1430 nobis
509 1375 595 1446 suat,
611 1378 645 1432 ut
657 1371 754 1448 inqsrit
769 1372 801 1432 S.
816 1371 989 1434 Vincentius
1004 1371 1164 1433 Lirinensis

114 1447 141 1504 io
158 1447 351 1510 coramoaitor.
377 1469 444 1532 top.
466 1450 506 1511 59
526 1468 599 1532 paq.
622 1453 678 1512 26¹
697 1459 767 1512 tom.
793 1453 828 1526 7,
852 1448 994 1514 Bibliotb.
1011 1455 1097 1514 Patr.
1114 1451 1161 1514 ed.

115 1526 211 1608 Lupa„
229 1531 282 1612 qui
300 1531 333 1590 ia
345 1529 407 1612 fide
431 1539 460 1592 et
480 1532 683 1594 cornmuuicac
698 1527 843 1592 catholico
860 1540 973 1608 sancte,
998 1531 1162 1613 sapienter,

115 1617 267 1670 constanter
277 1612 418 1689 cicentes,
436 1609 567 1674 dooeates
581 1623 609 1674 et
658 1620 841 1687 manentes,
853 1608 900 1672 ool
914 1611 994 1673 mori
1003 1612 1035 1672 ia
1049 1610 1165 1673 Christo

115 1685 244 1768 fideliter,
258 1689 300 1750 oei
311 1691 405 1754 occidi
413 1711 471 1774 pro
486 1689 603 1756 chroco
631 1691 742 1755 clioiter
754 1701 938 1754 memorant.
959 1691 1003 1754 Hi
1021 1693 1114 1770 enim,
1133 1699 1166 1752 ut

116 1770 204 1846 inquit
215 1773 243 1832 S.
255 1775 430 1854 Augustinus
443 1771 495 1836 tu.
512 1775 634 1836 noco.
648 1772 768 1836 Julian.
786 1771 943 1856 Pelopiae.
957 1791 1023 1867 cop.
1038 1777 1077 1834 60
1092 1781 1162 1835 tom.

117 1851 164 1924 15,
175 1849 224 1912 ool.
237 1855 292 1914 679
306 1865 334 1916 et
344 1857 419 1932 682,
433 1854 505 1916 edit.
517 1855 655 1918 Macrin.
672 1857 770 1916 Vocet.
785 1857 880 1930 6768,
896 1853 977 1939 quod
991 1863 1167 1916 rroueaerout

116 1929 282 2011 trentesic,
308 1945 483 2013 tenuentur&
552 1935 591 1998 od
621 1935 802 2013 didicerunt,
832 1935 1011 2012 docueruat5
1038 1935 1119 2019 quod
1145 1956 1165 1996 a

113 2012 231 2090 patrous
240 2027 428 2099 acceperam,
441 2015 494 2078 boc
505 1955 578 2100 iiico
589 2016 790 2080 tradiderunt.
816 2061 824 2078 .
849 2061 857 2078 .
883 2061 891 2078 .
908 2027 936 2078 et
948 2015 994 2078 bio
1005 2026 1102 2100 posta
1140 2035 1165 2078 o-

116 2090 176 2156 ooo
193 2105 293 2158 sancto
315 2097 433 2162 οαίοεία
449 2095 686 2182 plantatoribus,
710 2096 902 2182 rt'qatoribuc,
918 2097 1095 2180 edificatori
1111 2115 1163 2176 oo,

116 2177 294 2242 optantur
306 2181 409 2242 creuit.

154 2305 180 2404 §-
205 2309 324 2382 XLVI.
352 2311 482 2383 Placuit
503 2314 602 2383 etiam
625 2313 760 2382 summis
786 2309 1002 2384 Pontificibus
1027 2313 1062 2381 in
1089 2333 1166 2382 cor·

115 2427 164 2496 pus
182 2404 263 2478 Juris
284 2412 436 2481 canonici
457 2409 578 2481 referre
599 2408 686 2503 leges
707 2409 864 2506 quasdam
881 2407 1010 2498 civiles,
1033 2406 1165 2478 eductas

115 2503 298 2594 potissimum
318 2531 358 2578 es
383 2505 547 2579 codicibus
562 2505 799 2579 Theodosiana·
811 2522 845 2579 et
865 2503 1089 2597 iustinianco,
1114 2520 1167 2574 at·

116 2621 224 2712 queen
246 2603 481 2701 capitularibus
504 2629 619 2699 regum
641 2603 840 2676 Francorum
854 2603 925 2700 (1).
948 2600 1074 2674 Verum
1096 2601 1167 2672 baec

115 2715 204 2768 oman
225 2726 294 2772 non
319 2727 379 2774 suo
398 2704 476 2800 jure
503 2703 670 2798 pertinent
704 2699 746 2772 ad
774 2703 964 2774 mnonicam
996 2699 1167 2796 Jurispru-
1301 2753 1304 2760 ι

115 2788 257 2884 dentiam,
285 2825 365 2896 quae
379 2815 450 2871 toto
469 2801 598 2896 propris
623 2812 672 2870 est
695 2795 857 2885 ecclesiae,
882 2796 940 2868 sed
963 2812 1094 2866 tanturn
1119 2795 1166 2866 le·

115 2911 173 2981 geno
198 2893 342 2986 faciunt,
370 2899 527 3062 opsoniam
557 2921 575 2965 a
602 2895 757 3009 Ronranis
784 2893 994 3007 pontificibus
1018 2895 1169 2990 suijuris

114 3008 229 3084 torpore
240 3019 380 3091 compre
404 3019 480 3065 ensa
494 3008 528 3063 et
536 3009 700 3091 proposita
714 3007 811 3082 sunt,
829 3007 867 3063 ut
876 2990 955 3086 legis
965 2989 1037 3062 loco
1047 3005 1163 3062 essent.

144 3132 180 3217 (t)
191 3139 371 3220 capitularia
380 3141 532 3202 continent
541 3140 619 3222 leges
707 3158 737 3200 m
750 3143 947 3214 Francorum,
963 3155 1029 3215 quae
1044 3135 1100 3198 boc
1113 3153 1168 3197 no·

115 3213 391 3300 niaeappellantur,
411 3222 550 3300 qnoniam
570 3240 604 3282 cu
633 3222 650 3281 't
705 3221 760 3283 tim
772 3222 834 3282 iere
848 3237 950 3281 ornnes
965 3218 1166 3278 edicebantur.

116 3293 216 3375 Proprie
233 3304 318 3386 leges
342 3305 413 3382 ipsoe
429 3299 576 3385 capitulo,
597 3311 627 3363 et
647 3303 770 3384 singulm
790 3301 983 3380 capitulorum
1010 3299 1169 3362 edictiones

113 3377 275 3458 tupituinriu
301 3384 489 3446 dicebantur.
512 3386 563 3446 His
580 3385 714 3463 capitulis
737 3385 900 3444 intererant
918 3381 1005 3442 etiam
1024 3381 1168 3460 episcopi,

115 3453 218 3540 ideoque
231 3468 263 3528 in
278 3468 319 3528 iis
333 3467 473 3527 derebus
485 3483 602 3544 quoque
614 3465 812 3527 ecelesiasticis
824 3463 975 3544 agebatur.
992 3465 1057 3526 Non
1071 3463 1170 3523 omnia

116 3543 194 3602 tanea
202 3550 332 3628 capitula
345 3550 419 3630 legis
429 3547 549 3608 nomine
558 3547 826 3622 constituebantur,
841 3547 944 3623 inquo
957 3552 1037 3604 errat
1051 3543 1170 3624 Stepha-

117 3631 159 3681 ¹1¹1t
170 3627 320 3704 Baiuzius,
334 3631 385 3708 qni
400 3629 438 3690 de
451 3636 547 3689 cetero
560 3627 623 3688 boeo
636 3627 805 3708 capitularia
819 3645 923 3708 magno
942 3625 1090 3700 doctrino,
1106 3645 1170 3685 rna-

117 3709 757 3792 u

152 3827 158 3841 ·
225 3811 368 3852 rusco.
417 3809 646 3853 mroaecr.oa.
863 3808 964 3850 crmn

117 3861 414 3953 Christianopulosect.
428 3870 483 3952 ὃς.
500 3874 539 3934 58
548 3891 620 3955 pop.
637 3875 692 3952 66,
713 3835 765 3934 ubi
786 3872 878 3932 multa
892 3871 930 3932 dc
944 3869 990 3930 his
1002 3866 1171 3947 capitulari-

116 3945 160 4007 bus
169 3956 304 4030 preclara
318 3955 525 4019 observantur.
