3100 5182
776 353 999 424 ..106-

351 519 450 572 tumen
473 507 510 570 ad
531 507 603 570 talos
626 505 794 585 productis,
813 501 943 564 vestibus
961 509 1102 578 utamur,
1117 507 1206 580 atquc
1225 505 1260 560 ut
1282 497 1336 560 hos
1356 515 1428 580 pos-

335 601 459 653 tremas
477 607 580 671 gerere
597 587 738 662 debeant,
758 604 825 646 cum
844 584 994 646 ecclesiam
1018 583 1180 664 ingressuri
1201 587 1286 656 sunt,
1302 581 1365 642 sive
1388 581 1427 644 ad

350 675 506 734 missarum
529 669 668 751 mysteria
696 666 886 741 celebranda,
917 666 979 726 sive
1006 665 1044 724 sd
1071 665 1171 726 divina
1197 661 1292 723 officia
1319 671 1350 722 et
1378 681 1428 724 ec-

350 753 507 816 clesiastica
528 769 651 814 munera
669 747 816 811 obeunda.
839 746 988 810 Nimirum
1010 765 1078 807 cum
1102 744 1232 826 synodus
1251 743 1428 808 Tridentino

351 853 422 898 sess.
441 837 480 896 lh
499 853 567 916 cop.
594 835 612 894 6
633 829 669 893 de
687 829 843 915 reformat.
866 827 1008 907 episcopis
1026 827 1136 890 tribuat
1155 827 1323 888 tacmutcm
1343 826 1428 888 cleri·

351 918 421 978 calis
441 916 607 978 indumenti
620 914 747 974 iormam
771 909 950 986 deliniendi,
969 909 1058 970 tacito
1070 927 1173 970 mum
1197 923 1341 970 consensu
1364 909 1427 968 iac-

351 1009 417 1060 tum
435 997 569 1074 videtur,
592 1005 626 1056 ut
643 995 740 1056 clerici
760 1012 814 1073 per
838 991 944 1053 urbem
960 989 1147 1066 insedentes,
1167 989 1316 1051 breviores
1336 990 1427 1050 etism

350 1087 445 1142 vestes
455 1087 570 1162 gerant.
587 1078 694 1141 muter
707 1075 899 1138 Benedictum
914 1074 984 1136 xtv
998 1069 1034 1136 de
1052 1071 1165 1156 synod.
1183 1070 1295 1134 diocte.
1317 1068 1369 1134 tit.
1388 1074 1422 1134 ll

351 1181 417 1244 cop.
432 1163 466 1242 8,
480 1169 508 1224 et
520 1159 623 1222 lostit.
636 1155 739 1222 eccles.
754 1156 856 1220 instit.
871 1157 911 1218 et
923 1162 951 1216 et
965 1155 1021 1214 7¹,

669 1803 988 1896 'mmm
1017 1803 1109 1893 hh.

725 2027 762 2094 he
783 2027 925 2094 hierarchia
947 2029 1055 2094 ordinis.

353 2333 373 2384 1.
392 2333 473 2398 Quare
489 2348 504 2384 a
518 2331 615 2384 Christo
631 2330 741 2383 instituta
757 2331 848 2384 hierar·
926 2333 956 2385 V.
974 2333 1084 2384 Potestas
1103 2331 1197 2382 ordinis
1213 2346 1228 2381 a
1245 2329 1429 2396 jurisdictionis

417 2398 472 2450 chia
480 2397 574 2450 ordinis
585 2397 806 2464 etjurisdictionisi
994 2407 1113 2465 potestate
1121 2396 1215 2465 sejungi
1226 2405 1313 2464 potest.

354 2462 386 2514 ll.
396 2462 530 2531 Utriusque
540 2462 586 2524 ris,
596 2463 668 2516 ratio.
928 2463 969 2516 v1.
980 2463 1045 2525 Quid
1071 2462 1220 2531 requiritur,
1246 2471 1274 2512 ut
1295 2461 1430 2529 episcopus

355 2526 397 2578 tlt.
411 2528 519 2580 Potestas
530 2527 632 2580 ordinis.
995 2539 1076 2580 utram
1111 2537 1280 2596 epotesutam
1288 2527 1395 2578 haheat?

354 2591 394 2643 tv.
406 2593 709 2662 commmunione,
929 2593 1027 2646 vtttte
1049 2611 1064 2646 o
1096 2593 1143 2645 inis
1174 2592 1309 2646 hierarchia
1339 2601 1429 2644 tracta·

666 2677 672 2690 ·
1008 2661 1042 2712 tio
1053 2659 1195 2728 suscipitur.

845 2797 876 2899 p.
910 2801 944 2872 ι.

401 2969 563 3041 Durnium
610 2995 677 3042 esse
727 2969 868 3041 diximus
911 2970 1142 3059 hierarchiam,
1181 2983 1216 3042 et
1261 2967 1429 3067 duplicem

353 3064 545 3138 clericorum
568 3081 783 3163 potestatem,
808 3065 931 3140 ordinis
964 3085 998 3140 et
1017 3067 1252 3168 jurisdictionis
1276 3069 1343 3138 sive
1374 3093 1434 3138 re-

354 3165 484 3258 giminis
518 3163 586 3260 (l).
625 3163 776 3236 Christus
812 3167 901 3236 enim
932 3191 1009 3238 cum
1042 3163 1207 3236 ecclesiam
1239 3167 1431 3255 constituit,

354 3259 442 3354 leges
464 3259 555 3332 dedit
578 3263 723 3332 societati
749 3260 944 3351 hominum,
967 3285 1049 3358 quos
1074 3262 1139 3332 lrui
1164 3261 1260 3333 bouis
1276 3263 1433 3359 spiritua·

354 3357 459 3446 libus,
489 3371 524 3428 et
547 3382 628 3454 quos
657 3359 781 3455 optime
813 3361 882 3454 regi
911 3357 1027 3446 voluit,
1052 3375 1091 3430 ut
1118 3357 1271 3455 deinceps
1299 3375 1435 3431 aeternae

354 3453 514 3526 felicitatis
541 3457 712 3552 participes
733 3481 800 3527 esse
820 3473 965 3554 possent.
994 3455 1041 3526 Ut
1071 3455 1220 3527 homines
1244 3454 1433 3528 fruerentur

354 3551 448 3624 bonis
466 3551 706 3648 spiritualibus,
730 3557 850 3624 creavit
866 3553 989 3625 ordinis
1010 3569 1226 3652 potestatem,
1242 3568 1280 3624 ut
1306 3554 1433 3650 optime

356 3663 562 3745 regerentur,
579 3664 775 3745 potestatem
785 3651 1020 3750 jurisdictionis
1039 3652 1191 3722 instituit.

398 3818 442 3902 (l)
462 3813 585 3900 Duplex
608 3825 651 3880 est
683 3820 780 3899 inquit
804 3824 841 3883 D.
865 3821 1037 3884 Thomssh.
1058 3823 1088 3898 ἢ,
1111 3818 1269 3905 quaestion.
1283 3819 1434 3882 dior-td

359 3902 493 3986 interp„
512 3864 682 3983 spiritualis
695 3909 838 3984 potestas.
868 3905 935 3966 Uno
958 3901 1080 3988 quidem
1103 3896 1346 3978 sacramentalis,
1371 3899 1436 3964 olio
