3122 5170
534 431 761 572 ÷-'⁷1⁷.-·-:÷·
1106 563 1108 568 ,

110 608 299 704 dignitates,
339 627 396 683 ent
426 611 468 682 ad
497 605 666 690 canonicos
686 611 884 708 pertinent,
907 611 969 704 gab
1004 613 1192 711 episcopo,

109 709 206 780 etiam
247 726 413 806 tamquam
442 701 769 806 -dpostolicanrse'dis
804 709 952 806 delegato
991 713 1025 784 in
1060 713 1195 810 quoti,
1290 787 1295 796 ,

111 805 220 878 dianas
248 806 490 880 distributiones
519 823 725 880 convertatur
751 807 818 904 (d).
1186 827 1194 850 ⁸

147 953 189 1036 (t)
210 958 298 1017 Cone.
314 956 398 1018 Trid.
410 973 481 1019 sess.
498 957 648 1039 troops
663 954 697 1018 de
709 955 835 1040 reform.

154 1083 185 1185 §.
213 1085 263 1157 X.
299 1086 567 1180 Distributiones,
607 1114 686 1187 quas
721 1087 868 1160 absentes
903 1091 1080 1180 amittunt,
1119 1115 1176 1162 aa·
1273 1153 1278 1164 .

107 1183 250 1280 pitulum
292 1188 415 1256 nemini
452 1191 619 1258 remittere
653 1203 688 1260 et
727 1187 911 1260 condonare
956 1203 1064 1284 potest
1100 1188 1174 1284 (1);
1258 1205 1262 1246 ῑ
1401 1235 1405 1246 ·
1432 1215 1435 1223 ·
1474 1235 1478 1243 ·

105 1283 163 1354 sed
191 1281 334 1355 ecclesiae
366 1283 514 1376 fabrice,
549 1286 641 1358 aliive
672 1287 728 1383 pio
762 1285 834 1358 loco
867 1287 1009 1384 episcopi
1046 1284 1178 1358 arbitrio
1384 1285 1389 1294 '

107 1379 329 1452 adscribendae
353 1399 430 1454 sunt
454 1382 696 1456 distributiones
721 1409 856 1474 eorum,
888 1386 944 1481 qui
974 1381 1097 1454 reditus
1124 1384 1179 1454 ha·

106 1479 188 1551 bent
215 1479 388 1576 acapituli
415 1507 527 1553 mensa
556 1485 743 1582 sejunctos,
776 1509 890 1554 eorum
927 1507 1023 1570 vero,
1061 1475 1179 1579 quibus
1295 1509 1297 1516 ·

106 1603 144 1647 ex
184 1575 297 1649 eadem
335 1605 446 1651 mensa
481 1606 670 1652 communes
692 1596 770 1652 sunt
795 1580 939 1670 reditus,
977 1582 1063 1650 inter
1094 1585 1189 1676 prae?

105 1691 213 1746 sentes
233 1675 424 1750 dividuntur
449 1678 518 1776 (2).
550 1677 636 1751 Sunt
664 1695 776 1749 tamen
802 1681 860 1777 qui
886 1679 983 1776 justis
1011 1677 1052 1748 de
1079 1681 1179 1749 causis

108 1773 217 1845 abesse
257 1793 419 1871 eoguntur
459 1792 492 1847 et
531 1777 566 1847 hi
603 1777 845 1849 distributiones
880 1779 1077 1874 acquirunt,
1118 1800 1180 1874 pe-

107 1871 203 1942 rinde
229 1898 266 1944 ac
304 1890 481 1971 praesentes
508 1893 634 1964 essent,
670 1875 780 1973 quales
807 1890 885 1946 sunt
913 1900 988 1945 vere
1014 1889 1047 1944 et
1078 1875 1180 1969 gravi-

107 1985 157 2041 ter
190 1988 404 2066 aegrotantes,
431 1974 610 2045 carceribus
640 1976 759 2072 injuria
793 1971 932 2062 detenti,
969 1989 1002 2042 et
1034 1971 1180 2043 absentas

107 2084 243 2166 propter
267 2087 410 2166 pestem,
440 2071 491 2142 vet
514 2087 650 2170 propter
682 2071 820 2144 ecclesiae
852 2070 1024 2142 utilitatem
1049 2070 1117 2167 (5).

147 2241 190 2321 (t)
211 2244 316 2305 Confer
335 2248 442 2308 Suarez
459 2242 496 2306 de
515 2242 600 2327 reliq.
626 2241 676 2306 lib.
695 2246 714 2304 d
734 2241 770 2306 dc
791 2241 872 2305 bon's
890 2261 957 2304 can.
982 2261 1008 2303 c.
1032 2244 1070 2304 to
1088 2261 1119 2303 n.
1140 2244 1180 2304 20

109 2329 182 2384 tom.
201 2327 231 2394 2.
246 2335 276 2386 et
287 2331 358 2388 Ben.
378 2330 447 2390 xlv
460 2327 560 2390 instit.
578 2329 636 2388 tot
652 2325 679 2408 §.
696 2328 810 2388 7num.
825 2328 877 2387 ta.

145 2405 188 2486 (2)
210 2411 282 2469 Duas
293 2420 362 2469 sunt
373 2429 406 2470 ea
418 2409 456 2469 de
465 2427 499 2468 re
510 2408 591 2471 Trid.
603 2409 717 2470 concilii
728 2409 806 2490 leges
816 2426 887 2470 aeas.
901 2408 938 2470 at
953 2425 1019 2487 cap.
1035 2408 1093 2466 det
1102 2423 1174 2468 sese.

107 2487 146 2548 22
166 2506 230 2570 cap.
251 2495 269 2553 5
286 2489 322 2552 de
340 2490 411 2588 res„
436 2491 526 2552 altera
546 2491 710 2552 absentium
733 2489 953 2551 distributiones
966 2487 1175 2567 praesentibus,

107 2577 136 2629 et
161 2571 252 2632 altera
276 2573 402 2634 ecelesrae
427 2572 559 2650 fabricae,
586 2581 637 2634 aut
664 2569 713 2634 alii
744 2573 793 2652 pio
817 2571 880 2632 loco
904 2571 1026 2632 arbitrio
1053 2570 1179 2648 episcopi

108 2651 259 2714 adscribit.
284 2656 342 2716 Sed
361 2656 408 2716 lex
427 2655 475 2716 itta
493 2656 589 2716 locum
612 2654 716 2731 habet,
740 2671 806 2714 cum
830 2671 999 2714 communes
1020 2659 1089 2712 sunt
1113 2669 1178 2713 orn-

107 2734 190 2795 nium
215 2739 435 2812 canonicorum
459 2737 549 2798 altera
573 2755 658 2813 vero,
682 2755 749 2798 eum
773 2736 816 2796 itti
841 2735 961 2810 absunt,
994 2733 1101 2813 quibus
1128 2751 1179 2793 sua

108 2817 289 2896 recapitulari
305 2838 403 2880 mensa
417 2819 552 2880 distincta
566 2819 723 2899 prebenda
745 2827 799 2879 est.
819 2820 947 2898 Fagnan.
966 2816 999 2876 ira
1014 2833 1080 2896 cap.
1102 2813 1179 2890 Quia

109 2897 250 2960 nonnulli
259 2919 343 2962 num.
360 2904 399 2961 Ἡ
414 2909 443 2961 et
453 2920 514 2984 seq.
530 2901 566 2962 de
577 2898 680 2962 cleric.
697 2919 758 2962 non
769 2897 858 2960 resid.

149 2981 192 3060 (5)
213 2983 309 3044 Bonis.
332 2987 400 3044 vtlt
423 2982 456 3043 in
481 3002 506 3044 c.
528 3002 582 3045 arn.
607 2981 643 3043 de
664 2979 766 3044 ctera.
786 2999 848 3042 nort
866 2975 953 3041 resid.
976 2977 1010 3038 in
1032 2979 1067 3056 6,
1092 2996 1179 3056 quam

108 3061 203 3143 legem
219 3066 370 3126 renovavit
388 3083 455 3144 syn.
479 3065 562 3126 trid.
583 3081 654 3126 sess.
674 3067 713 3124 td
734 3081 800 3144 cap.
826 3063 865 3124 ta
879 3059 915 3122 de
931 3059 1003 3143 res,
1029 3068 1180 3140 postquam

108 3147 272 3224 generatim
283 3147 450 3222 constituit,
464 3145 597 3206 absentes
608 3143 863 3206 distributionibus
873 3161 987 3214 carere,
1004 3143 1087 3204 addit
1100 3141 1177 3204 hoec:

115 3230 276 3308 «Exceptis
299 3229 372 3304 illis,
394 3245 467 3306 quos
484 3227 655 3304 infirmitas,
670 3245 720 3288 seu
735 3227 813 3306 justa
827 3235 857 3287 et
876 3224 1056 3286 rationabilis
1077 3242 1180 3304 corpo-

108 3308 179 3370 ralis
192 3310 365 3383 necessitas,
386 3317 437 3370 aut
450 3308 569 3371 evidens
583 3309 709 3370 cadesim
726 3308 836 3370 utilitas
854 3315 1014 3368 excusaret.
1036 3332 1050 3361 r·
1081 3309 1182 3384 ltaque

107 3392 266 3469 quaesitum
285 3399 343 3470 est,
364 3411 430 3470 quae
447 3389 622 3474 infirmitas,
651 3409 718 3471 quae
738 3391 810 3451 item
824 3387 986 3472 corporalis
1008 3387 1177 3464 necessitas,

109 3491 177 3550 quaa
201 3473 328 3552 denique
350 3471 476 3535 ecclesie
498 3471 613 3536 utilitas
630 3474 810 3552 requiratur,
825 3481 860 3532 ut
884 3472 1016 3534 absentes
1039 3468 1181 3529 distribu-

108 3554 204 3616 tiones
222 3556 374 3635 accipiant.
400 3557 566 3618 Generatim
586 3573 673 3616 verus
692 3554 846 3636 gravisque
865 3553 984 3614 morbus
1002 3550 1179 3628 requiritur,

109 3635 161 3717 qui
177 3637 304 3718 aliquem
318 3637 405 3698 domo
419 3637 499 3698 exire
512 3635 681 3719 prohibeat,
699 3654 875 3716 quamquam
890 3654 923 3695 ea
943 3634 974 3694 in
989 3651 1022 3693 re
1036 3632 1106 3693 boni
1122 3631 1179 3692 viri

107 3723 265 3784 arbitrium
290 3717 419 3798 spectare
439 3729 586 3797 oporteat3
605 3737 701 3798 neque
722 3717 770 3779 hic
797 3719 859 3798 ipse
884 3715 1004 3778 morbus
1028 3722 1072 3774 est
1093 3713 1178 3788 satis,

109 3805 259 3882 numquis
278 3820 365 3863 sanus
383 3800 496 3862 Divinis
511 3801 614 3863 officiis
633 3801 774 3862 interesse
787 3818 846 3861 nou
858 3797 979 3859 solebat.
999 3799 1180 3858 Excusantur

109 3889 215 3965 ctiam,
231 3885 281 3966 qni
297 3882 461 3945 carceribus
481 3883 588 3963 injuste
609 3881 794 3959 detinentur,
816 3881 925 3960 quique
945 3879 983 3940 ob
1004 3879 1093 3958 pestis
1110 3895 1180 3938 cau-

109 3989 191 4044 sam,
207 3977 257 4030 aut
272 3973 393 4046 propter
412 3965 579 4027 inimicitias
605 3965 650 4025 vel
672 3964 809 4044 injurias,
824 3981 895 4041 quas
916 3961 1062 4022 immerito
1083 3961 1180 4038 perse-

112 4059 201 4130 runt,
222 4049 260 4114 ad
276 4048 399 4111 chorum
414 4047 514 4110 venire
534 4055 695 4128 nequeunt.
715 4046 856 4110 Similiter
873 4043 1026 4106 canonicus
1053 4041 1179 4104 Theolo-
