3134 5144
820 527 1041 600 -250-

393 689 475 762 putat
489 679 617 741 ecclesie
626 676 841 740 tlemndrinae.
856 681 916 758 Ego
929 695 998 740 vero
1009 677 1127 739 Pet-ario
1142 695 1201 740 non
1212 677 1354 738 assertior
1365 675 1468 756 aienti,

392 762 472 844 quod
487 764 518 823 in
535 763 648 824 cunctis
661 759 820 840 majoribus
838 759 963 820 urbibus
981 760 1147 841 presbyteri
1166 769 1255 822 certae
1268 758 1471 820 adscriberen-

392 855 444 906 tur
464 846 607 919 ecclesie,
628 861 717 921 quom
738 849 880 921 perpetuo
904 851 1059 924 repererim
1084 841 1137 903 aed
1162 851 1261 903 tamen
1275 861 1356 916 eam,
1382 861 1471 922 qoam

393 945 480 1007 aspra
496 927 674 1000 memoravi,
690 924 932 986 consuetudinem
951 943 1011 986 non
1034 933 1150 986 tantam
1173 923 1396 1000 Alexandriam,
1419 925 1471 986 sed

392 1012 480 1071 etiam
494 1013 634 1072 nomano
650 1007 780 1068 oeclcaiae
796 1009 945 1086 propriam
958 1007 1047 1068 inisse
1064 1007 1203 1068 arbitror.
1219 1010 1305 1069 Certe
1322 1011 1470 1068 Romanos

393 1092 580 1172 presbyteros
590 1091 684 1150 titulis
694 1108 767 1168 quos
779 1093 811 1149 S.
823 1091 972 1150 Eraristus
982 1088 1144 1164 distribuit,
1151 1089 1472 1164 affixostuisseoeosco;

393 1183 423 1234 et
438 1174 522 1236 Biton
539 1172 693 1252 presbyter
709 1175 873 1246 Romanus,
891 1171 974 1250 cujus
992 1172 1127 1231 meminit
1141 1174 1172 1232 S.
1191 1171 1368 1232 Athanasius
1382 1169 1469 1252 Apol.

393 1255 496 1318 odoer.
509 1255 617 1318 Arion.
633 1272 718 1315 nom.
731 1255 772 1315 20
844 1297 852 1312 .
867 1261 888 1314 t.
901 1257 915 1314 l
929 1271 1002 1336 pop.
1017 1254 1035 1313 ὅ
1052 1253 1099 1314 ed.
1113 1253 1250 1314 Maurico.
1265 1255 1374 1314 Potoo.
1391 1255 1470 1314 1777

393 1337 527 1400 addictus
545 1335 672 1398 firmiter
688 1344 751 1396 crat
827 1336 911 1412 esim,
929 1337 959 1395 in
973 1355 1029 1414 qua
1041 1335 1182 1416 populum
1199 1335 1364 1416 colligebat.
1381 1337 1473 1396 locus

391 1429 489 1481 autem
502 1419 663 1481 innocentii
679 1421 692 1479 l
706 1417 792 1500 epist.
806 1419 845 1478 75
860 1415 902 1478 od
914 1419 1037 1478 Doceat.
1051 1415 1202 1500 quobin.
1215 1435 1283 1500 cop.
1301 1420 1418 1478 tuom.
1436 1419 1471 1494 8,

393 1502 683 1580 apudGoustantiam
699 1497 754 1561 eol.
773 1501 848 1574 860,
871 1517 937 1560 meo
953 1499 1073 1578 quidem
1092 1500 1222 1578 judicio,
1239 1501 1363 1560 minime
1375 1507 1474 1560 osten-

394 1584 450 1660 dit,
465 1593 500 1646 at
513 1585 645 1646 Valesius
659 1589 758 1662 putat,
773 1581 853 1661 quod
867 1589 952 1642 etate
967 1583 1145 1656 innocentii,
1164 1583 1287 1644 liomani
1307 1581 1473 1661 presbyteri

393 1667 454 1728 suis
471 1667 583 1744 titulis,
606 1667 667 1726 sive
680 1665 809 1726 ecclesiia
825 1663 904 1724 affixi
921 1681 979 1725 non
998 1673 1107 1726 essent.
1124 1664 1174 1726 bit
1187 1665 1309 1742 quidem
1329 1669 1476 1726 innocen·

394 1749 468 1822 tius,
494 1749 548 1808 bos
572 1747 757 1828 presbyteros
778 1747 900 1826 reliquis
927 1746 1032 1807 diebus
1059 1765 1157 1807 seeum
1176 1748 1333 1808 convenire
1356 1747 1474 1818 solitos,

395 1829 446 1890 sed
463 1831 542 1890 nulla
563 1831 593 1889 in
610 1848 644 1890 eo
660 1847 758 1910 pugna
771 1837 830 1903 est,
847 1827 927 1906 quod
949 1829 991 1888 illi
1009 1827 1094 1889 alicui
1119 1827 1227 1889 minori
1246 1837 1405 1908 preessent
1425 1847 1475 1888 ec-

394 1911 488 1972 clesiae
504 1919 533 1972 ct
547 1911 626 1989 quod
643 1911 763 1990 reliquis
779 1910 900 1986 dicbus,
917 1919 1037 1988 excepto
1055 1911 1105 1971 die
1119 1911 1287 1986 Dominioo,
1305 1929 1373 1970 cum
1396 1913 1477 1971 Pon-

394 1991 473 2054 tibce
491 1993 520 2054 in
540 1993 659 2053 ecclesia
676 1991 779 2072 majori
798 1993 954 2053 convenire
975 1992 1127 2054 deberent.
1150 1995 1211 2054 lloc
1233 2002 1362 2060 certum,
1390 1993 1478 2070 quod

394 2074 485 2136 iidem
501 2075 664 2156 presbyteri
679 2075 728 2135 die
743 2075 908 2151 Dominico,
918 2083 1043 2158 propter
1052 2072 1167 2158 plebem
1176 2073 1232 2138 sobi
1240 2072 1395 2149 creditam,
1410 2075 1480 2134 suis

395 2158 488 2218 titulis
514 2175 638 2237 preesse
662 2156 824 2234 debebant,
849 2159 927 2235 quod
953 2159 1027 2220 mibi
1051 2165 1166 2218 tantum
1191 2157 1333 2236 quadrare
1351 2155 1480 2217 videtur

394 2239 525 2318 possein
545 2257 609 2316 eos,
628 2239 680 2318 qui
709 2247 819 2300 certam
837 2239 953 2320 plebem
974 2249 1143 2318 certamque
1163 2241 1311 2302 ecclesiam
1329 2247 1480 2320 perpetuo

395 2321 555 2403 regendam
574 2321 728 2382 baberent.
747 2321 833 2398 Quod
851 2329 948 2382 autem
963 2321 1046 2384 addit
1071 2324 1258 2383 innocentius
1275 2321 1312 2382 de
1326 2321 1480 2382 termento
1527 2345 1528 2378 3

394 2423 411 2464 a
435 2423 466 2464 se
489 2406 636 2474 conlecto,
661 2403 741 2482 quod
757 2404 795 2464 ad
817 2403 871 2464 hos
887 2403 1074 2486 presbyteros
1098 2405 1286 2479 mittebatur,
1306 2403 1337 2464 id
1358 2413 1480 2464 tantum

396 2485 508 2546 indicat
524 2487 675 2548 vinculum
694 2486 929 2564 communionis,
946 2505 1003 2565 qua
1026 2488 1153 2548 minores
1177 2487 1306 2548 ecclesiae
1320 2505 1389 2546 cum
1412 2505 1480 2546 ma-

392 2567 449 2646 jori
467 2569 629 2648 conjuncte
648 2587 711 2630 esse
734 2567 896 2646 debebant,
912 2570 955 2630 ati
980 2571 1041 2648 ipse
1066 2570 1193 2630 declarat
1217 2569 1408 2632 innocentius
1431 2571 1480 2630 in-

395 2651 515 2729 quiens,
538 2650 648 2712 ideiroo
663 2649 847 2734 fermentum
865 2649 981 2713 anobis
999 2650 1166 2734 consectam
1180 2671 1236 2735 per
1254 2647 1408 2734 acolythos
1427 2671 1481 2712 oc-

395 2731 524 2815 cipiunt,
555 2743 591 2794 ct
612 2752 642 2795 ae
670 2755 690 2794 o
714 2741 819 2795 matra
846 2733 1065 2812 communione,
1090 2733 1222 2795 monime
1243 2731 1295 2796 illo
1323 2731 1387 2810 die,
1418 2753 1481 2795 non

390 2813 531 2896 judicent
544 2823 709 2898 soporatos.

446 2967 476 3068 ς.
512 2969 717 3042 LXXXIX.
755 2969 950 3042 Constituto
979 2989 1056 3042 aunt
1087 2971 1247 3068 parochie
1274 2975 1430 3068 primum
1447 2975 1484 3042 in

396 3069 472 3137 vicis
495 3083 529 3137 et
558 3068 657 3158 villis,
690 3095 829 3165 quarum
855 3068 971 3140 incolae
1012 3069 1155 3140 eumad
1196 3072 1360 3141 cintatem
1390 3097 1485 3144 com·
1526 3067 1527 3120 ³

398 3163 563 3236 modoine
603 3191 671 3236 non
702 3183 846 3262 possent,
875 3192 989 3238 eorum
1027 3171 1128 3263 gratia
1152 3168 1197 3238 ibi
1224 3168 1371 3241 conditae
1402 3185 1488 3240 sant

397 3263 561 3352 eeclesiae,
605 3263 723 3360 quibus
758 3265 923 3363 praepositi
967 3265 1165 3356 sacerdotes,
1212 3267 1270 3364 qui
1309 3267 1487 3364 populum

396 3359 488 3430 illum
512 3379 663 3455 regerent
698 3389 901 3459 muneraque
931 3363 1138 3436 ecclesiastica
1170 3381 1359 3436 exercerent
1411 3367 1486 3462 (l).

396 3455 505 3528 Serius
535 3461 570 3530 io
608 3461 789 3532 civitatibus
823 3477 906 3534 ortae
934 3478 1010 3534 sunt
1057 3461 1218 3560 parochiae
1245 3461 1317 3559 (2),
1364 3489 1490 3562 neque

397 3555 519 3654 abique
543 3581 656 3630 omnes
686 3560 803 3631 codem
824 3575 974 3656 tempore
1004 3563 1134 3631 initium
1159 3561 1356 3632 babuerunt.
1394 3561 1491 3634 Cum
1525 3641 1526 3650 ,

315 3693 319 3712 ν
396 3658 484 3725 enim
506 3681 609 3726 cares
635 3671 703 3728 tota
730 3657 771 3727 ab
799 3661 1023 3756 episcoporum
1053 3661 1185 3730 arbitrio
1215 3658 1406 3758 penderet,
1435 3663 1490 3731 alii
1525 3661 1526 3735 l

397 3753 508 3843 citius,
529 3757 628 3824 serius
652 3753 705 3826 alii
736 3757 892 3852 parochos
920 3759 954 3826 in
983 3759 1110 3829 civitate
1137 3759 1410 3852 constituerunt,
1441 3765 1493 3831 uti

396 3853 499 3950 major
528 3855 674 3926 minorve
705 3881 861 3926 numerus
896 3855 1163 3948 christianorum,
1197 3883 1390 3954 eorumque
1427 3864 1493 3930 uti-

396 3949 468 4020 litas
489 3967 588 4049 atquc
605 3957 777 4024 necessitas
791 3955 975 4050 postulabat
991 3956 1058 4052 (5).

433 4121 475 4202 (il
497 4125 644 4188 Perochie
663 4147 787 4206 nomen,
806 4147 865 4208 quo
889 4147 967 4190 nunc
987 4129 1076 4191 etiam
1094 4129 1219 4192 civitatis
1240 4130 1377 4194 sedeciae
1405 4131 1493 4196 desi-
