3100 5182
556 341 751 415 -87-

134 487 287 560 cardindis
312 504 414 580 esset,
444 516 484 562 ex
513 516 654 564 numero
687 491 816 566 illorum
847 492 972 580 fuerat,
1052 496 1121 566 iea
1143 497 1177 566 in

132 613 160 658 re
184 613 272 658 sunm
298 614 431 683 operam
459 589 668 688 studiumque
692 609 878 688 posuerant.
908 589 1016 666 Sede
1062 595 1119 664 rtis
1140 618 1179 664 eo
1277 633 1282 642 ·

132 687 268 782 inopere
288 685 533 760 difficultatibus
548 689 622 786 (i),
651 691 754 760 visum
781 707 829 761 est
850 691 1052 788 supprimere
1066 715 1179 761 exem-
1309 701 1314 710 '

132 781 233 877 pluria,
263 810 338 898 que
364 811 455 857 nnnc
481 790 637 858 rarissima
667 804 744 860 sont
764 805 798 862 et
823 791 909 886 gravi
938 787 1076 860 emendn
1099 813 1179 886 pre·
1310 831 1313 840 ·

132 883 170 952 tio
184 888 316 978 reperiri
333 885 382 954 ris
397 902 546 982 possunt.
567 887 571 894 ’
620 893 624 900 ’

164 1045 200 1142 (t)
219 1049 296 1110 Vide
318 1051 493 1131 Pugnantia
512 1055 585 1134 Cap.
608 1071 675 1114 cum
688 1053 835 1116 occurent
851 1051 887 1115 de
896 1049 995 1136 judic
1012 1072 1096 1115 num.
1114 1055 1150 1116 61
1166 1101 1175 1130 ,

132 1147 173 1205 qur
185 1149 244 1190 rem
263 1139 355 1193 totam
373 1133 530 1214 diligenter
542 1144 668 1198 cunrat.

171 1281 200 1382 S.
226 1284 355 1356 XCIV.
384 1285 505 1360 Iisdem
536 1288 602 1360 sere
630 1291 831 1388 temporibus
861 1289 976 1362 Petrus
1005 1289 1179 1364 Matthaeus

131 1383 363 1476 jurisconsultus
402 1385 627 1481 Lugdunensis
659 1387 762 1458 edidit
798 1395 987 1486 septimum
1022 1391 1180 1462 demuto·

134 1479 214 1552 lium
235 1481 274 1550 ab
297 1508 329 1554 se
352 1485 479 1580 privato
501 1485 608 1558 studio
625 1503 805 1572 exaratum
835 1485 892 1556 aed
913 1487 978 1557 hoc
1003 1510 1085 1582 opus
1110 1511 1180 1652 pu·

135 1575 211 1647 blica
233 1583 414 1653 auctoritate
439 1597 545 1674 caret,
575 1583 677 1657 multa
701 1586 736 1654 in
757 1609 796 1656 eo
817 1599 895 1656 aunt
915 1585 989 1654 vitia
1026 1599 1060 1654 ct
1087 1609 1180 1682 puro

141 1677 226 1746 ctiam
239 1675 468 1751 desiderantur.

176 1795 202 1897 ff.
227 1799 323 1872 XCV.
352 1801 441 1873 Sunt
462 1805 559 1898 igitur
581 1821 669 1876 extra
691 1830 808 1902 corpus
826 1803 913 1876 duris
935 1805 1099 1893 canonici,
1121 1803 1176 1874 sed

136 1909 227 1969 tamen
254 1903 352 1996 ipsius
376 1901 464 1972 duris
493 1917 620 2000 partem
649 1901 810 1994 efficiunt,
838 1905 1030 2000 posteriores
1064 1901 1180 1972 decre-

133 1992 199 2066 tales
226 1997 423 2069 Pontificum
449 2000 692 2089 Romanorum,
717 2025 791 2098 quae
816 2003 920 2074 badloe
947 2015 1180 2095 nuncupantur

129 2097 269 2185 auda,
297 2112 355 2166 eut
374 2098 485 2196 „pitto
514 2098 563 2168 vel
585 2098 764 2196 plumbeo,
782 2098 833 2170 rel
854 2123 973 2187 nureo,
994 2097 1090 2194 quod
1114 2123 1178 2167 una

129 2195 1108 2391 {tt-1¹23tttttttthttt25⁸t0ttt¹tt¹‚⁰tttdttt
1141 2211 1180 2362 ἓξ

129 2385 259 2463 snuicnlo
289 2395 349 2487 qui
377 2391 542 2462 interdurn
576 2396 713 2483 sericus,
743 2393 909 2464 interdum
940 2391 1092 2464 cannabis
1115 2405 1174 2463 est.

167 2507 196 2610 ς.
222 2511 345 2583 XCVI.
373 2512 479 2586 Buttae
509 2513 578 2586 aliae
598 2515 826 2586 consistoriales
853 2531 948 2605 sunt³
975 2541 1048 2612 qoae
1080 2539 1179 2609 expe·

126 2605 250 2681 dinntur
283 2614 318 2680 in
357 2615 563 2702 consistorio,
596 2613 740 2684 adhibito
780 2613 911 2684 consilio
945 2612 1176 2698 cardinalium,

126 2709 281 2806 aquibus
307 2709 553 2781 subscribuntur
580 2727 614 2781 et
647 2711 701 2784 hae
727 2709 813 2780 aliud
850 2725 1006 2806 praeterea
1038 2707 1178 2803 sigillum

126 2808 167 2876 od
182 2809 342 2902 forsetam
363 2813 479 2880 σηισίε
509 2807 626 2880 haber'e
648 2809 754 2880 solent
788 2805 870 2880 tliae
906 2831 981 2877 vero
1008 2822 1084 2876 sunt
1109 2831 1180 2878 reon

124 2907 383 2994 ornemus,
415 2929 489 3004 quae
522 2923 608 2978 extro
647 2908 871 2978 consistorium
903 2903 1000 2975 nullis
1029 2905 1180 2974 cardina·
1207 2968 1208 2972 ,

123 2997 193 3072 lium
229 3003 522 3100 subscriptionibus
563 3007 767 3076 emittuntur.
816 3003 901 3075 Sunt
941 3006 1037 3074 etiam
1075 3001 1179 3074 bullae

123 3099 296 3190 dimr’rls‘cm
334 3127 408 3198 quae
439 3102 499 3174 boc
529 3119 683 3174 vocantur
714 3103 866 3192 nomine,
896 3099 983 3198 quod
1013 3103 1049 3172 in
1077 3099 1179 3196 sigillo

122 3197 308 3292 impressum
331 3226 399 3271 non
424 3199 546 3272 habent
566 3225 689 3272 nomen
710 3199 895 3289 Pontificis‚
929 3215 1026 3296 atque
1054 3199 1105 3270 he
1128 3197 1178 3267 f·

123 3313 230 3369 runtnr
243 3325 267 3368 a
283 3295 444 3370 Pontificc
465 3313 640 3395 antequem
668 3313 883 3370 consecretur.

161 3415 188 3517 ς.
216 3418 358 3491 xcvtl.
387 3420 520 3492 Buttaea
536 3420 687 3492 brevibus
707 3419 949 3516 distinguuntur
966 3417 1086 3516 lquod
1107 3421 1179 3492 haec

120 3541 171 3610 pro
194 3517 392 3609 levioribus,
420 3517 486 3591 iliae
508 3544 567 3616 pro
594 3518 791 3614 pudendus
817 3519 1010 3614 plerumque
1042 3520 1178 3613 negotiis

119 3612 178 3688 dni
192 3617 324 3705 nolent3
348 3617 378 3687 ll
403 3617 492 3715 quod
516 3617 584 3688 hec
598 3617 700 3688 latino
720 3617 859 3712 eleganti
885 3616 1086 3706 charactere,
1111 3615 1177 3685 illtc

119 3713 297 3786 charactere
341 3715 612 3811 Longubardico‚
656 3731 711 3786 aut
754 3715 932 3787 Teutonico
969 3715 1175 3798 scribuntur3

118 3809 157 3882 Hi
172 3813 285 3885 brevia
314 3839 373 3911 per
401 3813 595 3885 cardinalem
620 3839 639 3883 a
666 3817 793 3886 secretis
818 3813 990 3899 brevium,
1017 3799 1116 3880 bullae
1144 3810 1177 3878 in

118 3911 301 3985 nnoettaria
335 3913 505 4009 apostolica
541 3911 776 4008 expediuntur3
819 3911 864 3982 IV
904 3909 1003 3980 butte
1039 3905 1177 4000 sigillum
