3142 5188
560 413 782 492 -sss-
881 379 885 387 ’

133 559 281 622 sententia
301 561 332 622 in
349 559 406 622 hoc
419 563 571 624 Dominim
585 562 634 624 dic
648 563 862 626 constituendo.
878 567 952 628 Nsm
970 562 1121 624 interdum
1140 580 1217 624 eve-

137 643 252 719 niebat,
280 651 313 704 ut
339 643 466 705 ecclesiae
480 645 615 722 quedam
631 665 688 707 una
716 645 900 707 hebdomada
918 645 963 707 vel
982 663 1083 708 mense
1106 644 1208 724 citius,

136 744 225 804 qnam
238 725 360 803 reliquae
375 726 483 788 festum
498 727 581 788 illum
597 727 675 790 diem
690 735 826 808 agerent3
847 733 878 788 et
894 728 997 790 Ambr.
1018 727 1138 808 quidem
1160 745 1208 808 sp.

136 809 177 869 45
195 825 280 868 oum.
302 809 340 868 44
359 815 388 868 ct
404 826 464 892 seq.
482 805 538 870 ool.
557 811 596 870 94
610 817 681 871 tom.
698 811 716 870 5
735 807 806 870 odit.
823 807 874 870 cit.
894 817 1034 886 testatur,
1056 828 1133 871 anno
1148 809 1208 870 587

135 889 243 968 paseha
257 897 302 949 ter
315 891 454 968 separatis
468 891 648 970 temporibus
661 891 839 952 celebratum
856 892 960 969 luisse,
976 891 1013 952 ab
1023 892 1087 952 aliis
1100 891 1210 952 scilicet

136 975 193 1034 xll
209 972 276 1034 Kal.
300 973 423 1050 Aprilis,
442 972 480 1032 ab
497 973 561 1034 aliis
584 977 666 1036 xlv.
690 974 755 1036 Kal.
782 973 882 1052 idajae,
909 973 945 1034 ab
967 973 1032 1034 aliis
1059 977 1113 1036 vll
1140 973 1210 1036 Kal,

135 1053 236 1132 llaJas.
256 1055 398 1116 Similiter
414 1057 471 1116 Leo
486 1059 526 1118 ll.
545 1075 593 1138 cp.
612 1058 671 1118 440
686 1064 708 1117 t.
731 1059 751 1118 4
770 1074 836 1138 cop.
851 1059 865 1118 4
884 1074 958 1138 pop.
977 1058 1035 1118 404
1053 1053 1099 1116 ed.
1120 1055 1207 1116 Reor.

136 1137 244 1211 tradit,
262 1155 311 1196 an.
332 1137 392 1198 444
410 1146 474 1198 octo
490 1137 605 1198 dierum
621 1139 808 1200 intervallum
825 1139 903 1200 inter
926 1141 1126 1200 Romanorum
1142 1155 1210 1216 pus-

136 1217 208 1293 oba,
224 1225 254 1278 et
270 1219 376 1297 pascha
390 1219 655 1282 Alexandrinorum
669 1221 876 1284 inmcessisse.
893 1221 979 1282 Tanti
998 1219 1087 1300 hujus
1104 1217 1210 1279 discri-

136 1301 228 1362 minis
240 1302 315 1362 ratio
327 1309 404 1378 erut,
419 1301 498 1380 quod
513 1320 572 1364 non
586 1321 687 1364 omnes
701 1321 760 1363 uno
774 1301 936 1380 eodemque
949 1302 1030 1382 cyclo
1041 1308 1207 1363 uterentur.

137 1383 252 1444 Priscus
268 1383 442 1445 christianos
467 1384 744 1464 Hierosolymitauos
766 1383 937 1446 adhibuisse
959 1392 1073 1446 constat
1095 1383 1209 1464 cyclum

136 1465 293 1526 ludoicum
310 1467 350 1527 84
364 1484 526 1542 annorum,
543 1485 601 1544 quo
615 1467 710 1529 Judaei
726 1467 874 1545 aliquanto
888 1475 956 1528 ante
975 1465 1013 1526 ad
1027 1465 1211 1526 constituen-

135 1547 205 1607 dam
219 1548 446 1608 anniversariam
460 1547 603 1625 paschatis
615 1549 660 1609 sui
676 1549 873 1610 celebritatem
887 1550 932 1609 usi
945 1549 1072 1608 lucrant.
1089 1547 1211 1626 cyclum

135 1629 217 1690 hunc
229 1649 282 1708 per
296 1629 437 1692 ducentos
449 1630 511 1691 lere
528 1649 620 1694 annos
633 1631 784 1692 christiani
800 1631 1017 1705 adhibuerunt,
1032 1647 1210 1708 quamquam

137 1711 247 1773 Pascha
257 1731 344 1774 suum
359 1712 408 1774 dic
420 1712 584 1790 dominico,
600 1733 658 1774 non
674 1712 892 1792 quartadecima
906 1713 976 1774 luna
993 1731 1060 1773 cum
1079 1711 1211 1774 Hebraeis

135 1793 341 1869 observarent,
361 1803 395 1854 ut
412 1794 551 1856 adversus
564 1798 624 1856 los.
643 1797 822 1878 scaligerum
839 1793 874 1856 dc
888 1792 1004 1856 emend
1021 1802 1109 1873 temp.
1122 1789 1170 1852 lib.
1188 1793 1208 1852 4

136 1875 297 1936 ostendunt
318 1877 396 1939 Guil.
417 1879 591 1958 Beveregius
610 1876 643 1938 in
667 1897 735 1938 ooo.
762 1879 780 1938 7
804 1899 823 1938 4
844 1885 915 1954 ost,
944 1885 973 1936 et
994 1879 1056 1938 lac.
1076 1874 1210 1937 Usscrius

132 1954 250 2040 prolep.
274 1955 315 2019 od
329 1962 430 2040 19444.
457 1978 523 2042 cop.
555 1961 589 2037 9,
614 1967 738 2039 uterque
760 1897 844 2038 apud
859 1958 984 2022 coteler.
1011 1959 1079 2018 PP.
1106 1959 1208 2038 Apost.

136 2048 207 2100 tom.
223 2041 237 2100 l
252 2059 325 2123 pop.
342 2043 420 2112 484,
444 2049 473 2102 et
491 2049 561 2102 torn.
582 2043 600 2102 4
616 2061 638 2124 p
682 2087 688 2102 .
707 2043 768 2103 448
784 2040 831 2104 ed.
850 2045 948 2104 Amet.
966 2041 1056 2100 4744.
1073 2042 1142 2100 Post
1155 2041 1211 2099 Ju-

136 2121 254 2182 daicum
272 2131 379 2184 statum
399 2124 518 2184 omnino
541 2123 579 2184 ab
601 2127 645 2186 Ha
667 2126 750 2186 rinno
773 2123 938 2198 sublatum,
961 2121 1113 2183 christiani
1138 2119 1210 2182 alios

136 2203 233 2283 cyclos
249 2203 390 2266 adbibere
413 2213 580 2286 coeperunt,
603 2205 670 2266 cum
692 2205 841 2266 novissent
866 2205 980 2268 ludoici
1004 2221 1132 2278 errores,
1159 2201 1211 2280 qui

136 2285 288 2347 interdurn
302 2287 409 2349 Pascha
423 2287 596 2367 [equinoctio
606 2306 698 2348 uerno
708 2288 921 2363 anteferebant,
933 2286 1005 2348 adeo
1020 2283 1140 2346 utillud
1155 2283 1211 2343 ali-

135 2369 255 2448 quando
273 2367 318 2430 bis
336 2371 368 2430 in
385 2389 445 2431 uno
459 2388 536 2430 anno
554 2367 649 2430 ficret.
668 2370 842 2450 Hippolytus
863 2370 1032 2431 Portuensis
1050 2371 1082 2429 in
1103 2366 1210 2428 brabia

135 2451 373 2531 episcopuscirca
385 2471 496 2513 annum
510 2453 570 2514 440
584 2451 696 2532 cyclum
711 2453 874 2530 composuit
885 2470 1031 2512 annorum
1044 2448 1207 2524 sexdecim,

135 2533 228 2594 444444
245 2552 388 2596 annorum
407 2542 471 2594 octo
486 2553 545 2596 non
565 2534 662 2594 medlo
679 2540 745 2612 post
761 2533 844 2596 dedit
863 2534 1021 2612 Dionysius
1048 2529 1207 2594 Alexandr.
1301 2542 1305 2552 ·

136 2615 306 2694 episcopus,
334 2625 364 2676 et
389 2617 479 2677 alium
512 2616 695 2697 undeviginti
724 2634 869 2678 annorum
896 2615 1047 2677 Anatolius
1074 2612 1210 2674 similiter

136 2696 352 2760 Alexandrinus
368 2715 417 2758 an.
441 2699 515 2772 470,
532 2717 598 2778 quae
613 2700 710 2759 omnia
724 2706 824 2759 narrat
841 2696 946 2758 Euseb.
969 2694 1039 2758 list.
1063 2691 1129 2758 eccl.
1148 2691 1170 2754 l.
1189 2695 1208 2755 6

135 2781 308 2923 44444ἕὲ
324 2777 392 2923 tl
406 2781 889 2938 autumares
899 2780 965 2942 3⁶13.
989 2773 1208 2938 clotten

136 2943 186 3004 die
199 2951 313 3006 tantum
328 2945 474 3006 dominico
485 2944 591 3024 pascha
601 2945 809 3007 celebrandum
823 2963 886 3006 esse
897 2943 1077 3020 decreverat,
1089 2959 1208 3004 omnem

134 3025 321 3087 hanccuram
334 3027 532 3090 Alexandrino
541 3027 675 3106 episcopo
689 3027 850 3104 commisit,
871 3033 905 3088 ut
918 3027 1047 3105 reliquos
1060 3025 1208 3105 episcopos

134 3125 252 3185 quoque
268 3127 344 3170 anno
358 3110 496 3172 certiores
511 3111 618 3172 laceret
638 3110 675 3170 de
695 3111 745 3171 die
759 3109 921 3186 dominico,
943 3127 1002 3186 quo
1051 3105 1136 3169 ascha
1158 3124 1207 3167 ce-

134 3188 251 3252 lebrare
267 3198 431 3269 oporteret,
448 3193 533 3252 sicuti
553 3199 677 3252 testatur
694 3195 725 3254 S.
741 3195 797 3254 Leo
812 3193 852 3252 Μ.
869 3209 915 3272 ep.
933 3192 972 3251 94
1046 3188 1203 3254 Marcion.

135 3277 206 3332 tom.
224 3274 277 3354 up
319 3317 327 3332 .
343 3275 403 3334 485
419 3271 465 3334 ed.
478 3275 565 3335 Rern.
582 3275 673 3334 4748.
688 3277 800 3335 Verum
816 3273 873 3333 boc
886 3272 1038 3335 Nieoenum
1052 3273 1203 3334 decretum

133 3354 182 3414 rel
198 3372 291 3415 nonu
314 3353 381 3432 ique
394 3355 538 3432 obtinuit,
555 3355 600 3415 vel
616 3373 669 3434 pro
751 3373 770 3415 u
788 3353 928 3434 temporis
942 3355 1089 3434 antiquari
1106 3353 1203 3431 coepit.

133 3438 210 3499 Nam
225 3437 351 3516 Cyn‘llus
370 3437 453 3498 Alex.
477 3437 562 3519 epist.
591 3439 668 3500 raso
689 3435 730 3499 ol.
755 3437 835 3516 apud
856 3436 1023 3499 Bucherum
1050 3435 1085 3497 de
1108 3433 1202 3495 doctr.-

136 3527 229 3600 temp.
243 3537 277 3601 p.
298 3521 355 3581 844
374 3537 436 3603 aeq.
452 3517 500 3580 ed.
517 3520 609 3581 Anto.
629 3522 708 3582 4654
727 3519 765 3580 de
833 3519 864 3580 vi
875 3520 1012 3600 queritur
1025 3515 1204 3591 confusione,

134 3619 202 3679 quse
216 3600 254 3662 de
267 3610 398 3681 tempore
415 3601 581 3663 celebrandi
601 3600 745 3682 paschatis
763 3539 873 3681 uffiue
895 3597 1118 3675 dominabatur,
1137 3615 1205 3657 cum

135 3686 334 3746 Romanorum
348 3691 378 3746 et
395 3683 660 3746 Alexandrinorum
676 3685 804 3746 rationes
822 3701 881 3744 una
895 3682 1071 3762 quandoque
1091 3677 1206 3740 bebdo-

134 3765 238 3842 madc,
258 3767 304 3826 vel
328 3785 429 3828 mense
448 3767 526 3828 inter
548 3785 580 3828 se
596 3767 806 3847 discreparent.
826 3770 956 3829 Romana
981 3763 1061 3826 enim
1086 3761 1205 3822 eclesia

133 3847 232 3908 adbuc
248 3857 362 3910 vetusto
376 3850 457 3929 cyclo
472 3848 589 3929 judaico
603 3869 708 3912 annor.
729 3851 786 3928 84,
801 3867 861 3910 444
876 3855 974 3908 sutem
991 3865 1067 3908 novo
1078 3845 1204 3904 Alexan·

133 3928 222 3989 drino
244 3949 389 3992 annornm
417 3933 457 3994 ts
483 3931 631 3994 utebatur.
654 3932 788 4012 Denique
809 3949 874 3992 rem
901 3927 1022 4009 perleoit
1047 3925 1208 4006 Dionysius

136 4012 266 4093 Exiguos
280 4019 356 4076 anno
379 4015 456 4094 444,
480 4014 582 4094 quiin
602 4019 727 4078 Roman.
753 4012 902 4076 ecclesiam
923 4009 1041 4072 induxit
1062 4025 1207 4094 canonem
