3142 5188
805 401 1024 474 ...622-

429 552 459 654 §.
503 551 614 624 xxtt.
651 550 824 624 Christiani
857 577 989 624 suornm
1036 551 1213 622 reverentia
1245 550 1446 654 templorum

383 677 448 724 nou
482 650 640 742 hehraeis,
676 676 744 722 non
776 651 908 748 reliquis
937 649 1086 747 gentibus
1126 649 1322 740 concedere,
1360 653 1447 722 imo-

380 775 455 820 vero
492 753 614 820 cuuctis
646 765 797 846 praestare
831 748 1026 820 debuerunt.
1062 747 1147 820 Nam
1179 751 1214 819 in
1243 774 1357 820 eorum
1388 775 1446 819 ec-

380 847 482 920 clesiis
511 873 580 918 non
612 847 775 918 hircorum
805 864 862 919 aut
904 846 1080 918 vitulorum
1118 848 1245 940 sanguis
1292 845 1443 936 offertur,

379 945 434 1018 sed
465 949 532 1042 ipsc
561 944 707 1017 Christus
742 947 813 1016 sine
838 970 952 1016 cruore
996 943 1203 1034 immolatur,
1236 961 1335 1041 atque
1376 947 1446 1040 ipse

381 1043 472 1115 adeat
503 1044 589 1116 Deus
617 1043 695 1115 reali
733 1046 903 1142 praesentia
942 1069 1019 1134 sua,
1049 1067 1114 1140 qua
1152 1045 1187 1112 in
1227 1069 1263 1113 rc
1301 1041 1444 1114 hebraeos

380 1145 533 1228 vincunt3
569 1145 616 1212 uti
653 1139 745 1213 cultu
766 1144 864 1212 etiam
891 1144 1023 1212 vineunt
1050 1157 1170 1211 ceteras
1197 1155 1332 1234 gentes,
1371 1165 1445 1238 que

380 1265 450 1311 non
472 1265 606 1330 verum,
631 1241 678 1311 uti
709 1241 791 1336 ipsi,
832 1239 980 1311 colebant
1007 1239 1193 1310 effectorem
1220 1255 1255 1308 et
1294 1238 1446 1310 domina-
1546 1321 1547 1332 p

380 1355 486 1410 torem
513 1364 623 1410 rerum
653 1340 801 1410 omnium
826 1339 952 1427 Deum,
979 1337 1036 1409 sed
1068 1339 1151 1408 Deos
1182 1337 1355 1408 hominum
1383 1363 1444 1409 ro·

380 1435 506 1506 luntate
529 1437 703 1526 confictos,
722 1453 756 1506 et
783 1439 931 1508 omnium
961 1435 1115 1508 scelerum
1145 1439 1339 1530 contagione
1365 1461 1445 1508 con·

382 1536 565 1606 taminatus.

428 1628 459 1732 §.
498 1629 623 1703 xxut.
663 1633 748 1704 Hinc
785 1631 959 1704 eccleaiaea
1002 1631 1181 1704 christianis
1217 1657 1348 1728 semper
1388 1658 1445 1730 pro

381 1732 475 1801 sacris
504 1729 631 1822 usibus,
676 1730 831 1828 cultuque
852 1729 1013 1826 religionis
1048 1729 1220 1820 adhibitae,
1255 1729 1445 1827 exclusaque

382 1831 511 1918 omnia,
545 1854 619 1924 quae
649 1855 717 1902 non
741 1831 851 1928 aliquo
876 1829 974 1900 modo
1000 1828 1040 1898 ad
1076 1833 1230 1925 pietatem
1251 1827 1442 1914 tenderent²

383 1925 431 1994 vel
462 1929 608 2022 proxime
644 1926 685 1997 ad
723 1953 792 1998 eam
837 1943 941 1998 essent
985 1926 1152 1998 reserenda
1190 1927 1260 2022 (1);
1306 1928 1444 2023 episcopi
1547 1963 1548 1980 κ

382 2025 465 2094 mori
503 2023 709 2114 maluerunt,
750 2051 848 2122 quam
883 2025 1028 2097 ccclesias
1061 2025 1103 2094 ab
1137 2023 1298 2096 haereticis
1338 2023 1444 2096 violari

382 2123 524 2192 sinerent
550 2121 624 2219 (ῆς
651 2147 742 2220 reges
770 2123 933 2194 ecclesiam
962 2125 1134 2218 ingressuri
1161 2122 1310 2194 diadema
1343 2122 1444 2218 depo-

382 2217 527 2308 nebant,
559 2237 657 2318 atque
684 2237 773 2292 extra
810 2220 897 2290 illam
924 2220 1082 2292 custodias
1110 2221 1192 2291 relin
1219 2222 1339 2292 nebant
1373 2219 1439 2316 (5):,

383 2321 491 2386 cuncti
521 2335 630 2390 autem
655 2315 769 2390 fideles
808 2345 922 2390 manus
954 2335 1052 2416 atque
1077 2345 1111 2391 os
1141 2249 1308 2409 lavhbant,
1342 2336 1379 2389 ut
1404 2322 1442 2388 si-

381 2413 576 2510 gnificarent
622 2419 840 2488 innocentiam
884 2443 921 2487 ac
954 2419 1148 2516 puritatem,
1194 2445 1292 2514 quam
1334 2441 1444 2488 omncs
1548 2427 1549 2460 ³

382 2515 417 2582 in
444 2512 500 2585 illo
539 2529 605 2584 tam
639 2514 737 2610 pleno
766 2517 957 2588 reverentiae
995 2541 1032 2585 ac
1070 2518 1243 2616 majestatis
1273 2515 1342 2587 loeo
1377 2539 1443 2613 prae

381 2636 415 2681 se
446 2611 530 2682 serre
555 2613 725 2708 oportebat
757 2613 810 2710 (4)
842 2613 1027 2711 calceosque
1058 2613 1272 2685 detrahebant
1307 2613 1384 2712 (5);
1412 2616 1444 2684 in

382 2711 451 2806 ipso
478 2709 634 2782 vestibulo
654 2727 751 2806 caput
793 2737 829 2780 ae
858 2739 961 2807 genua
993 2711 1168 2783 flectebant
1208 2713 1283 2809 (6),
1322 2710 1444 2784 oscula·
1549 2791 1550 2808 p

381 2805 504 2876 bantur
543 2823 577 2878 et
616 2807 902 2904 circumplicahant
940 2809 1090 2906 amplexu
1120 2811 1237 2910 januas
1263 2829 1364 2908 atque
1392 2835 1445 2882 to-

323 2942 334 2962 =
379 2903 508 2974 lumnas
527 2905 601 3004 (⁷);
626 2905 767 3003 denique
795 2907 921 2978 ecelesia
949 2909 1125 2978 tutissimus
1152 2925 1220 2980 erat
1246 2935 1359 2980 rerum
1381 2933 1445 2979 ser-

381 3001 559 3072 vandarum
589 3001 679 3074 locos
713 3020 746 3074 et
783 3005 967 3102 perfugium
995 3008 1135 3096 miseris,
1169 3031 1250 3103 quos
1284 3034 1324 3080 eo
1353 3033 1443 3079 voca·

379 3115 467 3170 verat
485 3125 558 3196 spes
582 3101 691 3173 tutelae
714 3119 746 3174 et
767 3121 873 3176 metus
894 3101 1032 3202 publicae
1052 3104 1240 3174 calamitatis
1257 3107 1328 3204 (8).

421 3245 463 3327 (t)
485 3251 586 3326 ltaque
602 3267 639 3312 ne
656 3251 735 3330 quod
757 3253 788 3312 in
809 3251 935 3313 ecclesiis
960 3253 1052 3314 scelus
1079 3253 1203 3314 latenter
1229 3254 1444 3330 admitteretur,

379 3328 620 3473 gibiliioeffi
630 3333 854 3476 ¹sarerpliparssinrpiis
864 3335 977 3477 alpgpilias
986 3353 1087 3476 agap,
1103 3353 1184 3396 conc.
1200 3337 1312 3480 Elipetp.
1328 3359 1398 3482 curat.
1411 3341 1446 3434 55

429 3456 436 3472 .
602 3457 609 3472 .
669 3434 735 3476 c.
784 3435 1271 3479 a.acmeecausave1
1324 3440 1379 3482 suu
1417 3441 1445 3481 ιιι

381 3493 498 3554 ecclesia
511 3493 653 3572 convivia,
665 3514 746 3556 conc.
763 3497 899 3578 Carthug.
916 3499 956 3560 ttt
974 3435 1040 3559 daun.
1058 3501 1098 3559 50
1111 3495 1164 3561 col.
1181 3501 1241 3562 965
1257 3509 1328 3563 tom.
1348 3507 1360 3564 t
1379 3499 1445 3565 coit.

381 3575 447 3652 cit,
469 3575 597 3653 itemque
620 3579 733 3654 vetitae,
760 3588 810 3639 aut
826 3589 904 3640 certe
921 3581 1084 3643 imminutae
1103 3601 1217 3663 agapae,
1244 3585 1355 3645 seilicet
1378 3605 1447 3646 oon-

380 3657 457 3716 vivia
471 3657 519 3718 itta
538 3657 679 3735 mittatis,
701 3661 813 3738 quaein
834 3661 952 3722 ecclesia
970 3662 1096 3730 hebent.
1116 3683 1240 3744 qumque
1259 3667 1382 3744 apostoli
1402 3668 1447 3728 in·

377 3739 545 3817 stituemnt‚
567 3759 649 3800 conc.
675 3741 790 3802 Laodic.
816 3761 882 3804 con.
911 3745 950 3804 28
975 3743 1028 3806 col.
1056 3747 1115 3808 785
1141 3755 1210 3808 tom.
1234 3745 1333 3810 iccll.
1355 3749 1444 3810 flard.

382 3821 456 3880 Hinc
472 3839 538 3901 syn.
557 3825 665 3903 Ganga.
682 3823 755 3884 duos
772 3825 865 3885 edidit
881 3843 1020 3903 canones,
1036 3827 1171 3889 videlieet
1189 3848 1256 3890 cara.
1279 3834 1297 3892 5
1316 3840 1344 3892 et
1359 3833 1378 3892 6
1392 3829 1445 3893 col.

382 3903 441 3962 tat
456 3911 484 3964 et
500 3905 558 3964 556
578 3913 601 3964 t.
623 3901 722 3967 icoll.
742 3907 832 3967 Hard.
848 3907 916 3968 adv.
936 3907 1087 3970 hereticos
1102 3910 1322 3988 Eustathianos,
1341 3917 1446 3976 taessa-

380 3982 483 4063 lianos,
505 3993 593 4064 atque
618 3985 704 4064 alios,
730 3989 781 4067 qui
803 3989 880 4049 inter
903 3989 1036 4052 ccclesias
1056 3991 1240 4073 privatasque
1264 3993 1364 4057 domos
1387 3995 1446 4056 dis·
