3134 5144
804 425 1023 496 -act-

378 579 506 654 floribit,
531 581 599 640 «ut
615 576 699 656 plebe
720 582 862 654 praesente
882 575 928 634 vel
950 574 1125 654 detegantur
1149 574 1292 634 malorum
1307 573 1447 650 crimina,

379 665 425 724 vel
447 663 591 722 bonorum
614 659 718 720 merita
734 657 931 736 praedicentur
954 665 985 715 et
1006 657 1045 716 sit
1065 656 1211 716 ordinatio
1230 655 1308 734 justa
1324 666 1353 716 et
1372 658 1450 737 legi-

378 747 465 818 tIma,
482 761 548 822 qua
565 743 697 803 omniurn
711 737 850 820 suffragio
866 746 896 798 et
912 737 1023 816 judIcio
1037 738 1128 800 luerit
1143 739 1316 798 examinata.
1332 765 1345 792 a
1366 743 1450 818 Saepe

379 835 476 887 mmen
504 824 560 885 boc
590 824 689 904 populi
716 821 933 894 testimonium,
966 827 1054 898 atque
1080 821 1182 900 petitio
1217 820 1448 899 despiciebatur3

379 908 532 986 quonlam,
556 913 589 965 ut
612 905 708 984 inquit
730 903 901 966 cetesunus
923 905 937 963 1
964 903 1050 984 epist.
1069 905 1087 964 5
1106 900 1147 964 od
1200 902 1291 983 iscop.¹
1315 900 1405 985 apat.
1423 913 1450 964 et

380 987 497 1052 Colobr.
520 987 599 1068 apud
622 987 823 1050 coustantium
841 983 896 1046 col.
919 987 1015 1063 1071,
1039 1010 1053 1038 v
1072 990 1169 1048 nosen
1192 1003 1227 1046 us
1247 991 1291 1046 est
1306 986 1447 1064 populus,

378 1091 438 1132 non
458 1069 639 1150 sequendus;
663 1087 790 1148 nosque,
812 1068 836 1128 si
862 1068 1012 1143 nesciunt,
1036 1085 1085 1128 eos
1113 1066 1185 1146 quid
1213 1067 1315 1143 liceat,
1339 1068 1449 1146 quidve

379 1173 439 1214 non
459 1154 559 1227 liceat,
576 1169 775 1227 commonere,
789 1169 849 1210 non
863 1151 910 1212 hIs
924 1167 1097 1211 consensum
1109 1148 1240 1230 prebere
1261 1148 1412 1210 debemus.
1428 1177 1442 1204 a

420 1233 462 1318 (5)
483 1236 593 1298 concil.
618 1235 769 1296 Ninaenum
789 1251 856 1294 coa.
883 1235 904 1294 t
929 1239 1000 1294 toan.
1024 1227 1118 1294 ficol.
1144 1234 1183 1293 ⁷2
1202 1227 1311 1294 collat.
1327 1229 1445 1309 labbei,
1546 1231 1547 1248 ¹

382 1316 452 1379 edit.
475 1321 573 1381 Vener.

426 1532 458 1633 §.
484 1531 577 1606 VIII.
606 1533 645 1604 ln
661 1532 799 1606 ecclesiis
821 1531 1062 1631 compluribus,
1087 1531 1291 1628 potissimum
1308 1533 1333 1602 si
1358 1531 1448 1628 quod

379 1650 448 1704 erat
490 1633 689 1730 periculum,
726 1655 770 1704 ne
804 1657 870 1728 qua
907 1633 944 1701 in
980 1630 1137 1702 electione
1179 1627 1306 1702 dissidia
1342 1645 1447 1700 essent

380 1731 511 1820 lutura,
555 1729 763 1826 metropolita
810 1729 852 1798 ad
889 1727 1052 1800 viduatam
1092 1727 1255 1799 ecclesiam
1299 1727 1447 1798 mittebat

379 1832 567 1924 episcopum
602 1831 817 1918 visitatorem,
861 1832 954 1922 cujus
985 1843 1054 1898 erat
1099 1825 1235 1897 edocere
1265 1825 1444 1923 populum,

383 1925 464 2022 quid
496 1941 576 1996 esset
603 1925 645 1996 de
661 1925 816 2020 eligendis
851 1927 1008 2022 episcopis
1042 1923 1260 1996 acanonibus
1287 1925 1448 1995 constitu-

378 2040 470 2112 tum,
500 2039 534 2094 et
560 2040 667 2095 motus
704 2047 899 2121 componere
939 2026 1143 2112 animorum,
1189 2023 1246 2119 qui
1279 2023 1445 2092 contrariis

378 2121 492 2192 studiis
516 2137 721 2219 raperentur.
744 2121 793 2191 Ita
819 2121 945 2207 clerici,
974 2119 1141 2210 monachi,
1160 2119 1231 2190 laici
1253 2145 1325 2191 cnm
1354 2119 1445 2214 epis·
1546 2153 1547 2190 r

378 2245 460 2316 copo
488 2223 650 2292 visitatore
674 2236 800 2291 certum
828 2219 995 2292 bominem
1018 2218 1213 2308 laudabant,
1241 2235 1339 2316 atque
1366 2215 1446 2287 inde

378 2318 544 2390 decretum
572 2317 815 2390 conficiebatur.
845 2319 893 2390 Ra
910 2317 1032 2415 perlata
1053 2316 1093 2388 ad
1113 2316 1371 2413 metropolitam,
1400 2317 1444 2404 is,
1546 2349 1547 2396 a

378 2419 485 2487 accitis
504 2419 678 2513 provincias
697 2417 874 2514 episcopis,
900 2432 957 2486 aut
980 2441 1078 2507 eum,
1102 2413 1144 2486 de
1166 2439 1233 2510 quo
1255 2417 1447 2485 canonicum
1546 2397 1547 2462 l

378 2513 546 2586 decretum
574 2513 695 2586 iactum
716 2515 841 2605 luerat,
868 2516 1056 2614 episcopum
1085 2511 1309 2603 consecrabat,
1339 2527 1397 2581 aut
1422 2514 1447 2580 si

379 2612 460 2710 quid
491 2616 521 2685 ei
548 2612 679 2685 officere
703 2629 738 2684 et
761 2611 889 2685 obstare
919 2612 1203 2699 animadverteret,
1237 2611 1334 2682 alium
1366 2613 1449 2708 epis-
1546 2639 1547 2652 ³

377 2737 497 2809 copum
528 2710 667 2807 eligebat
701 2711 767 2810 (l).
803 2709 931 2784 Saeculo
972 2729 1082 2782 tamen
1120 2709 1184 2780 llll
1207 2711 1265 2808 jus
1306 2707 1447 2804 eligendi

377 2814 542 2906 episcopos
565 2810 607 2878 ad
639 2809 724 2882 solos
746 2808 887 2882 viduatas
909 2807 1051 2882 ecclesiae
1083 2809 1254 2880 canonicos
1274 2807 1445 2903 migravit,

378 2905 467 3004 quod
474 2910 529 3007 jus
545 2923 594 2978 est
607 2907 817 2980 decretalium
834 2905 980 3004 Gregorii
995 2905 1044 2978 IX
1058 2905 1124 3004 (2)

417 3125 459 3208 (l)
480 3127 612 3206 Episcopi
634 3127 792 3190 vlaitatoris
812 3127 915 3190 crebra
933 3127 1044 3190 mentio
1064 3136 1109 3190 est
1126 3129 1157 3189 io
1172 3127 1302 3208 epistolis
1324 3129 1357 3190 S.
1373 3129 1450 3189 Gre-
1546 3159 1547 3196 r

377 3209 452 3290 gorii
470 3211 524 3286 IL,
549 3210 711 3288 praesertim
727 3207 778 3272 lib.
803 3212 817 3271 1
842 3211 929 3292 epist.
956 3212 995 3271 78
1020 3207 1074 3271 rol.
1101 3212 1174 3286 sca,
1193 3209 1281 3292 apa'at.
1298 3211 1334 3270 11
1359 3205 1450 3270 tus
1546 3265 1547 3280 ,

376 3288 431 3352 col.
454 3291 528 3369 721,
544 3291 630 3372 epist.
646 3291 682 3353 91
701 3288 752 3353 lib.
769 3295 787 3354 6
805 3290 861 3354 col.
882 3293 957 3370 800,
981 3291 1066 3375 eps'st.
1092 3295 1128 3354 17
1144 3290 1194 3353 It'b.
1222 3294 1262 3353 10
1281 3288 1334 3352 ccl.
1353 3292 1448 3368 1052,

377 3380 405 3433 st
420 3373 505 3454 epist.
524 3374 561 3433 15
585 3369 635 3434 lib.
650 3375 689 3435 15
706 3371 760 3435 col.
781 3376 861 3436 1227
880 3383 951 3436 tom.
972 3377 1007 3452 1,
1028 3371 1452 3451 edit.Poris.1705.0perrs
1546 3415 1547 3450 ,

413 3455 505 3515 etium
526 3454 672 3516 estverba
692 3455 753 3537 ipsa
779 3457 945 3519 describere
963 3457 1055 3536 ipsius
1076 3457 1208 3538 Gregorii
1229 3455 1279 3518 cit.
1304 3453 1451 3536 51113515
1546 3451 1547 3460 ’

387 3535 428 3598 ib.
455 3539 503 3613 15,
531 3543 565 3596 ut
586 3547 698 3616 pateat,
724 3539 804 3616 quod
828 3557 935 3600 munus
962 3547 1038 3600 meet
1064 3539 1190 3618 episcopi
1217 3537 1391 3614 visitatoris,
1419 3547 1454 3598 et
1546 3569 1547 3582 r

376 3637 447 3698 qaas
461 3619 492 3679 in
506 3621 707 3698 episcoporum
726 3621 916 3683 electionibus
930 3629 1027 3700 portes
1047 3623 1142 3682 clerus
1159 3628 1190 3680 et
1213 3621 1335 3700 populus
1352 3618 1454 3681 babe-

375 3710 453 3762 rent.
476 3726 489 3754 s
505 3699 574 3762 Ideo
588 3701 704 3764 dilectio
719 3711 784 3780 tua,
806 3704 904 3782 inquit
919 3703 1092 3784 Gregorius,
1112 3703 1149 3766 ad
1168 3702 1337 3782 predictam
1351 3703 1453 3764 cccle-

374 3785 448 3844 siam
468 3784 513 3880 ire
530 3783 698 3882 properabit
713 3793 743 3845 et
761 3786 884 3846 assiduis
903 3785 1155 3882 adhortationibus
1179 3785 1290 3846 clerum
1311 3783 1455 3878 plebem-

375 3865 1454 4043 5513001115110310100115150131310οῗ

375 4047 425 4106 qus
450 4040 480 4090 at
507 4039 588 4094 unte
614 4031 777 4094 ministerio
804 4033 910 4112 dIgnus
938 4033 1031 4094 valeat
1052 4031 1175 4112 reperiri
1203 4039 1232 4092 at
1255 4051 1271 4093 a
1297 4047 1452 4093 veneran-
