3100 5182
702 393 706 413 '
745 427 794 442 -
821 385 891 455 188
917 426 966 440 -

324 537 450 600 utrum.
467 493 751 599 ceremoniae
773 533 855 615 §.to
876 529 1218 613 exhonorastis
1241 531 1302 594 rc.
1321 531 1388 608 rr,

213 649 214 652 ¹
324 629 354 681 et
367 619 435 680 vide
452 618 496 680 Cl.
514 617 645 680 Blescum
658 614 694 678 dc
706 611 823 678 Collect.
841 632 949 677 conon.
965 611 1076 676 luder.
1093 615 1257 676 Mercator.
1282 631 1350 696 cop.
1371 615 1390 674 9

199 715 202 754 ῑ
322 720 395 784 pop.
412 701 451 762 95
462 707 493 761 et
504 718 578 783 seq,
596 699 647 761 ubi
668 705 728 760 totu
743 696 808 760 hoec
824 696 946 760 materie
967 693 1059 758 solide
1078 703 1108 757 et
1131 695 1248 758 erudite
1261 703 1393 777 pertrec-

326 791 415 944 totpp.
429 863 538 926 Concil.
556 861 689 926 Trident.
705 877 776 924 sess.
790 861 830 922 hl
842 877 910 943 cop.
925 861 944 922 5
957 856 994 922 de
1005 856 1125 944 reform
1250 939 1252 944 Ι

233 981 237 991 »
343 945 396 1026 ’(5
430 948 502 1027 Cap.
519 943 583 1007 tce
596 941 709 1007 Cetsih
725 943 759 1004 in
770 945 800 1005 6.

366 1029 397 1107 (4
430 1028 539 1090 concil.
555 1027 690 1090 Trident.
704 1043 777 1088 sees.
790 1026 830 1088 tt
842 1041 909 1106 cop.
928 1025 946 1086 5
961 1021 997 1086 de
1013 1020 1156 1106 refom.;
1175 1023 1309 1086 Urbanus
1324 1027 1393 1088 vltl

328 1111 427 1172 conr.
440 1108 561 1192 Exposui
569 1106 652 1174 nohis
667 1109 727 1172 570
741 1116 811 1170 tom.
829 1109 931 1190 sspor.
948 1107 1047 1189 lpop.
1063 1106 1121 1166 277
1136 1102 1246 1166 bullar.

374 1328 404 1428 §.
441 1329 548 1401 XLll.
591 1328 715 1401 Omnes
743 1326 933 1426 patriarchio
961 1343 995 1399 et
1029 1325 1265 1424 metropolitae,
1302 1349 1394 1422 prae-

276 1427 277 1430 ’
327 1429 376 1498 'ter
400 1443 505 1499 cetere
526 1426 722 1524 pontificalis
750 1425 1096 1516 omamenteghebent
1121 1423 1276 1521 pellium,
1301 1425 1395 1522 cnjus

327 1509 416 1620 origo
449 1526 654 1600 a-divisione
685 1523 967 1598 ecclesiasticarum
997 1525 1236 1622 provinciarum
1264 1519 1395 1594 ridetur

327 1621 520 1719 repetendo,
561 1649 599 1696 eo
631 1627 810 1722 praesertim
839 1639 1001 1719 tempore,
1042 1647 1109 1719 quo
1149 1619 1329 1692 secerdotes
1373 1647 1393 1690 e

327 1719 489 1816 diacopis,
518 1748 536 1792 e
574 1719 791 1794 sacerdotibus
820 1721 983 1816 episcopi,
1013 1736 1113 1818 atque
1144 1721 1231 1790 inter
1258 1721 1395 1816 eosqui

218 1840 221 1848 ’
326 1821 506 1916 principem
536 1818 729 1890 obtinebant
759 1817 890 1908 locum,
922 1816 1063 1890 vestibus
1095 1816 1251 1914 distingui
1281 1841 1395 1914 ooepe.

326 1915 556 2013 runt.'Neque
579 1918 667 1987 enim
690 1915 798 2005 eliud,
815 1931 936 2012 prester
957 1914 1111 2012 pellium,
1144 1915 1274 1988 videtur
1284 1939 1396 1987 oecur-

325 2037 397 2084 rere
422 2015 609 2085 ornamenti
634 2039 753 2112 genus,
775 2037 842 2112 quo
864 2014 971 2110 episco
996 2015 1006 2083 i
1035 2016 1123 2086 inter
1144 2038 1181 2086 se
1203 2012 1394 2084 discernan-

326 2127 381 2182 tur
396 2111 465 2208 (l).
486 2112 543 2181 Est
565 2128 675 2184 autem
702 2111 838 2210 pellium
852 2109 946 2182 fascio
965 2039 1058 2184 dines
1076 2110 1213 2184 candida
1230 2109 1310 2209 (2),
1329 2125 1396 2182 tres

326 2211 452 2280 circiter
479 2208 596 2305 digitos
622 2209 707 2302 lete,
744 2212 780 2282 in
816 2208 955 2282 modum
979 2209 1090 2282 circuli
1119 2225 1288 2299 contexte,
1316 2233 1396 2306 quae

326 2305 479 2382 humeros
514 2310 635 2405 cingit,
674 2307 837 2406 habetque
865 2306 907 2378 ab
939 2321 1078 2406 utreque
1115 2323 1208 2404 parte
1231 2307 1331 2378 lineos
1357 2308 1394 2378 in

326 2419 438 2501 pectus
464 2421 498 2477 et
520 2405 673 2478 humeros
698 2405 924 2504 impendentes
949 2431 1026 2477 cum
1052 2432 1106 2479 sex
1136 2407 1242 2478 sericis
1273 2405 1393 2498 nigris-

327 2527 392 2599 que
411 2503 559 2574 crucibus
581 2507 731 2596 intextis,
758 2503 929 2602 tribusque
952 2504 1080 2576 aciculis
1103 2506 1207 2575 aureis
1228 2503 1395 2574 constitui·

326 2615 380 2670 tur
420 2616 454 2674 et
479 2601 628 2698 albgatur
660 2602 726 2700 (ὅ).
754 2597 902 2673 Sumitur
927 2628 966 2674 ex
998 2601 1109 2694 elteri,
1140 2603 1196 2674 ubi
1225 2599 1397 2672 conditum

327 2713 375 2768 est
405 2697 446 2770 Β.
479 2699 569 2774 Petri
601 2726 736 2800 corpus,
769 2698 889 2772 ideirco
921 2726 961 2772 ex
990 2700 1107 2774 eodem
1137 2701 1228 2772 Petri
1259 2722 1397 2796 corpore

326 2813 494 2894 sumptum
524 2799 661 2892 dicitur,
688 2825 726 2872 eo
755 2799 947 2896 peripsum
979 2797 1108 2897 plenior
1135 2798 1396 2897 patriarcharum

326 2909 361 2963 et
387 2897 667 2994 metropolitarum
698 2911 838 2996 potestas
863 2893 1050 2993 designetur
1074 2897 1142 2996 (t).
1166 2895 1257 2968 Ohm
1277 2921 1297 2967 a
1319 2893 1398 2967 sede

326 2992 510 3088 Apostolico
530 2997 594 3066 suis
618 2998 758 3086 vicariis,
786 3011 825 3065 ut
850 2994 1052 3092 plurimum,
1082 2995 1288 3068 tribuebatur
1313 2992 1393 3088 (5),

326 3114 419 3180 nunc
435 3089 476 3161 cb
489 3117 525 3164 ee
541 3091 638 3164 detur
661 3091 811 3166 omnibus
826 3092 1014 3190 patriarchis
1035 3108 1069 3165 et
1090 3093 1306 3190 metropolitis
1323 3091 1391 3190 (6).

367 3310 409 3394 (4)
430 3315 462 3374 ln
477 3320 556 3375 unu
574 3313 696 3396 originis
714 3315 794 3394 pallii
816 3313 992 3376 obscuritate
1008 3313 1072 3376 hoec
1092 3317 1196 3376 ceteris
1215 3311 1397 3394 probabilior

326 3393 490 3473 conjecturs
510 3394 641 3473 videtur,
660 3415 748 3476 quam
768 3396 859 3458 trudit
875 3397 994 3459 Carolus
1011 3395 1184 3478 Geglisrdus
1200 3396 1303 3459 Iostlt.
1320 3395 1394 3455 Jur.

326 3493 433 3542 conon.
457 3473 508 3540 lib.
531 3479 545 3538 l
567 3477 612 3538 ro.
637 3479 675 3539 47
701 3497 786 3541 oum.
815 3481 845 3541 5.
865 3477 1027 3541 Gurdinclis
1041 3479 1182 3541 Beronius
1199 3477 1240 3540 od
1261 3497 1312 3540 arr.
1332 3477 1394 3538 556

327 3579 412 3623 oum.
429 3560 469 3620 ot
479 3577 552 3642 paq.
569 3561 625 3622 494
644 3567 715 3622 tom.
729 3563 750 3622 4
764 3559 835 3622 edit.
852 3561 954 3639 Lucu,
969 3561 1089 3640 pallium
1103 3561 1140 3622 eb
1154 3561 1272 3622 eeclesia
1287 3559 1396 3620 indue-

326 3653 390 3705 tum
412 3651 495 3723 putet
516 3643 647 3721 exemplo
670 3643 828 3706 Rationalis
845 3650 876 3703 et
896 3640 1165 3723 superhumeralis,
1184 3643 1268 3723 cujus
1282 3640 1397 3702 mentio

326 3726 415 3786 estin
438 3723 536 3786 Exodo
550 3743 616 3806 cop.
640 3726 755 3787 overe.
778 3727 814 3803 4,
837 3733 936 3803 etquo
956 3733 1071 3786 tentum
1089 3744 1221 3787 summus
1240 3723 1396 3800 sacerdos,

326 3809 400 3870 elius
417 3817 556 3888 pretereo
576 3825 679 3882 nemo,
698 3806 846 3869 utebatur.
865 3807 929 3885 Ito,
950 3807 1063 3886 inquit,
1080 3807 1113 3869 io
1131 3804 1304 3870 christianes
1320 3802 1399 3866 reli-

325 3889 423 3972 qiortis
449 3887 613 3951 sacerdotio
632 3905 726 3971 percus
757 3885 835 3951 illud
855 3887 1035 3968 indumenti,
1061 3887 1142 3974 quod
1162 3885 1294 3972 pallium
1318 3883 1398 3948 dici-

324 3989 407 4052 mue,
426 3970 538 4036 summi
553 3977 671 4034 tuntum
692 3969 848 4055 Pontificio
867 3970 953 4036 cessit
972 3970 1057 4050 tuci,
1078 3969 1115 4034 ab
1133 3989 1165 4034 oo
1188 3979 1289 4034 tomen
1310 3985 1396 4031 emn-
