3100 5182
789 322 1012 424 *1⁰2-

358 475 500 538 stantium
523 471 608 556 epist.
632 473 759 534 Romen.
785 470 899 555 Pontis.
927 469 982 534 col.
1010 471 1108 548 1067,
1132 472 1184 551 qui
1211 472 1440 551 reprehendens

359 558 535 630 Gallicanos,
570 554 650 633 quod
683 554 770 633 pollio
816 563 845 614 et
872 553 989 635 cingulo
1015 562 1186 630 uterentur,
1217 553 1305 615 hebet
1346 553 1438 616 hese:

359 635 558 700 Discernecdt'
580 656 600 696 o
618 633 700 718 plebe
723 633 769 696 ecl
801 633 902 697 ceteris
933 653 1039 696 sumus
1067 633 1217 712 doctrino,
1247 654 1308 696 ooo
1336 647 1438 714 vecte,

359 719 591 798 conversatione,
614 736 676 794 port
700 713 817 793 halitu,
846 716 955 778 cuntes
980 717 1129 798 puritate,
1157 734 1219 778 noc
1237 713 1336 778 cultu.
1361 721 1441 780 Nam

358 801 408 862 hic
435 801 514 862 loeus
542 798 622 860 houd
648 807 726 860 certe
754 799 898 875 ostendit,
927 799 1074 858 clericales
1101 798 1246 877 laicosque
1282 806 1377 860 vestes
1402 818 1441 860 eo

359 890 445 942 aetotc
465 880 664 959 aliquomodo
686 879 841 940 dissimiles
862 899 922 940 non
936 879 1041 955 luisse3
1064 887 1181 940 tantum
1194 879 1323 958 conficit,
1345 881 1442 942 tuisse

357 971 463 1025 contro
486 959 716 1024 ecclesiasticum
739 979 851 1022 morem
873 961 995 1040 pallium
1024 961 1099 1022 illud
1128 969 1157 1022 et
1177 961 1346 1042 cingulum,
1375 981 1441 1040 quo

359 1043 500 1108 Gallicani
523 1043 621 1104 elerici
644 1043 818 1119 utebantur,
847 1039 994 1104 credentes
1019 1060 1050 1104 sc
1083 1042 1238 1125 scripturo
1258 1041 1350 1125 fidem
1375 1062 1442 1104 nort

357 1145 412 1208 per
420 1125 576 1209 spiritum,
590 1123 642 1187 sed
649 1144 705 1207 per
715 1122 847 1186 litteram
857 1122 1069 1206 completuros,-
1082 1123 1212 1203 itemque
1225 1123 1342 1184 conticit
1353 1123 1440 1185 cleri·

359 1227 425 1284 eos,
458 1206 538 1288 quod
562 1225 649 1268 nemo
674 1225 732 1268 non
757 1204 910 1286 intelligit,
946 1203 1080 1266 doctrina
1109 1207 1274 1284 praesertim
1310 1224 1343 1264 ac
1371 1207 1441 1284 pie-

357 1297 418 1350 tate
436 1309 453 1350 a
474 1289 555 1349 laicis
577 1289 729 1350 distinctos
750 1306 812 1348 esse
827 1295 974 1366 oportere.
998 1287 1073 1348 Satis
1095 1288 1198 1368 igitur,
1225 1295 1258 1348 ut
1278 1285 1352 1346 milri
1367 1288 1440 1366 qui·

358 1370 427 1431 dem
445 1369 579 1446 videtur,
602 1377 785 1449 compertum
802 1369 1044 1448 exploratumque
1062 1377 1124 1446 est,
1145 1387 1205 1430 non
1226 1367 1320 1429 solum
1334 1378 1438 1445 sexto,
1523 1369 1524 1374 ’

358 1453 410 1513 scd
436 1453 525 1513 etiam
552 1451 656 1530 quinto
685 1457 848 1530 quartoque
876 1449 982 1510 saeculo
1009 1450 1128 1527 aliquod
1159 1450 1249 1510 luisse
1274 1449 1438 1522 discrimen

358 1535 438 1594 inter
451 1543 563 1610 vestes,
579 1533 686 1612 quibus
697 1533 781 1609 laici,
796 1530 963 1611 quibusque
977 1531 1075 1591 clerici
1091 1530 1259 1592 utebantur.

399 1613 441 1695 (l)
463 1618 557 1694 Caput
579 1613 752 1674 clericorum
773 1611 900 1694 desuper
922 1613 955 1674 in
975 1611 1099 1674 necdum
1120 1610 1244 1694 spltoeroe
1264 1607 1335 1673 rodi
1349 1612 1440 1691 jubet

358 1697 497 1760 Anicetus
517 1694 596 1774 apud
611 1693 783 1757 Gratianum
798 1713 867 1754 coo.
890 1697 926 1756 11
946 1692 1017 1755 diat.
1045 1697 1098 1770 23,
1121 1693 1173 1756 sed
1191 1693 1239 1754 hic
1257 1712 1349 1754 conon
1365 1713 1439 1773 per·

357 1778 434 1838 tinet
447 1775 485 1836 ad
506 1775 591 1836 falsas
606 1773 764 1835 decretales
785 1773 889 1836 isidori
904 1775 1083 1836 Mercatoris.
1102 1775 1248 1838 Credibile
1261 1781 1359 1836 nutem
1374 1795 1438 1838 non

359 1867 426 1935 est,·
438 1857 557 1918 clericos
578 1875 611 1918 ca
630 1863 818 1934 tempestate,
839 1875 896 1934 qua
910 1875 942 1918 se
966 1857 1092 1918 ethnicis
1115 1857 1229 1938 ignotos
1249 1874 1311 1918 esse
1331 1859 1437 1936 cupie-

358 1939 444 2016 ltant,
467 1957 530 1999 sese
546 1938 603 1999 illis
621 1945 681 1998 tom
701 1938 853 2016 perspicua
870 1946 939 1999 nota
952 1939 1114 2018 patefacere
1125 1939 1267 2016 voluisse,
1289 1945 1318 1998 et
1336 1938 1439 2000 nullus

359 2021 498 2099 antiquus
517 2019 642 2098 scriptor
659 2027 788 2080 tonsurae
806 2020 957 2094 meminit,
976 2021 1036 2080 imo
1051 2039 1116 2080 eam
1130 2020 1321 2082 disertissime
1335 2021 1440 2081 exclu-

360 2101 436 2164 dunt
451 2105 475 2163 0
498 2109 575 2162 tatus
588 2101 749 2162 llilcvitnn.
765 2099 800 2162 de
817 2097 971 2163 achismot.
992 2101 1145 2164 Donatist.
1165 2099 1282 2164 advers.
1306 2103 1440 2164 Perme-

360 2183 445 2244 ot'co.
471 2119 521 2244 111.
547 2187 562 2246 1
590 2201 656 2264 cap.
678 2183 718 2244 23
737 2201 809 2264 pap.
831 2185 887 2260 16,
914 2181 986 2244 edit.
1013 2184 1182 2266 dotcerpice
1201 2185 1294 2260 1701,
1315 2191 1345 2243 et
1364 2185 1443 2246 ilie·

359 2264 557 2407 rpnlylmusjo
568 2261 675 2326 Ezeclt.
698 2260 749 2326 111).
769 2265 807 2326 15
832 2283 900 2347 cop.
917 2265 969 2326 tt.
986 2271 1057 2327 toto.
1075 2262 1162 2328 dccl.
1178 2267 1236 2327 1117
1249 2267 1345 2342 citet,
1361 2263 1436 2328 edit.

390 2367 409 2406 o
435 2365 523 2407 arsat.

408 2497 438 2600 §.
468 2499 529 2571 Xl.
568 2499 633 2571 Per
659 2499 748 2572 idem
772 2501 858 2574 sorte
883 2517 1013 2598 tempus
1035 2501 1187 2574 clericalis
1212 2518 1345 2574 tonsura
1367 2529 1441 2576 coe-

360 2599 410 2695 pit
433 2597 592 2670 adhiberi.
615 2598 752 2696 Triplex
776 2601 812 2670 in
833 2600 1052 2672 ecclesiasticis
1075 2603 1298 2672 monumentis
1318 2627 1441 2674 occur·
1523 2621 1524 2624 ’

359 2699 404 2766 rit
455 2713 601 2770 tonsurae
646 2723 766 2791 genus,
807 2700 1061 2795 poenitentium,
1113 2697 1350 2770 monachorum
1402 2716 1442 2770 ct

360 2793 564 2868 clericorum.
594 2796 831 2866 Poenitcntiom
860 2809 994 2868 tonsure
1017 2797 1166 2868 omnium
1192 2799 1439 2892 antiquissima,
1523 2845 1524 2848 =

361 2915 433 2960 eam
461 2907 598 2987 sequuta
626 2909 675 2964 cst
707 2891 963 2984 monachorum,
995 2896 1053 2992 qui
1088 2895 1285 2992 poenitentes
1317 2895 1442 2965 imitari

361 2987 576 3077 videbantur,
612 3005 778 3085 postremo
800 3004 933 3062 tonsura
958 2991 1151 3064 clericorum
1177 2991 1192 3080 (
1196 2990 1252 3088 1);
1283 2990 1341 3062 sed
1366 2991 1443 3064 haec

360 3084 458 3180 longe
483 3083 581 3156 distat
602 3113 620 3156 a
640 3087 794 3181 reliquis,
817 3113 921 3184 eaque
943 3115 1033 3160 nunc
1052 3087 1247 3186 accipiendis
1267 3089 1443 3162 ordinibus

361 3199 429 3252 tam
462 3185 557 3278 pueri
582 3209 681 3280 quam
706 3181 809 3255 edulti
836 3187 1028 3276 initiantur,
1066 3211 1134 3258 non
1156 3186 1262 3257 solum
1285 3189 1383 3258 tonsis
1402 3204 1443 3260 et

362 3281 558 3351 circumcisis
598 3281 720 3378 capillis
760 3281 800 3354 ad
833 3285 934 3353 instar
969 3309 1117 3374 coronae,
1144 3283 1202 3356 sed
1233 3286 1332 3354 etiam
1366 3309 1443 3357 reso

362 3403 491 3449 summo
517 3381 630 3476 cepitis
662 3381 781 3451 vertice
813 3397 852 3450 ut
881 3405 899 3449 a
926 3380 1012 3452 laicis
1038 3381 1264 3453 discernantur
1294 3379 1358 3478 (2).
1395 3381 1444 3452 Et
1523 3453 1524 3468 2

362 3473 433 3546 haec
455 3489 589 3547 tonsura
608 3475 661 3546 illa
679 3476 852 3568 clericalis,
876 3503 952 3574 qnae
973 3477 1070 3551 hodie
1082 3481 1243 3568 sumitur,
1261 3495 1444 3575 numquam
1523 3475 1524 3518 ¹

363 3571 493 3645 ordines
531 3576 768 3670 suscipiantur,
804 3577 962 3673 cujusque
1007 3579 1088 3648 ritus
1129 3575 1357 3650 describuntur
1396 3582 1444 3650 iot
1523 3571 1524 3610 ³

363 3671 774 3766 recusassem(
801 3672 827 3768 ).

372 3867 375 3872 .
403 3819 446 3902 (1)
468 3819 645 3882 Poenitentes
670 3820 800 3900 primum
820 3820 915 3887 crines
938 3821 1062 3883 tondere
1084 3831 1251 3902 coeperunt,
1272 3830 1306 3882 ut
1330 3823 1444 3900 populo

364 3899 511 3982 despectui
534 3911 645 3982 essent,
670 3920 758 3982 quem
780 3920 867 3964 usum
891 3904 1082 3984 arripuerunt
1105 3903 1242 3984 deinceps
1260 3903 1349 3964 etiam
1373 3922 1443 3965 mo-
1523 3913 1524 3996 ᾗ
