3142 5188
367 513 370 524 ,
526 477 576 490 -
600 435 671 506 cst
698 478 747 493 .-

97 580 146 644 ed.
175 583 273 644 Vertat.
301 580 416 644 videsis
437 581 631 643 Mamacbium
655 579 702 644 del
729 581 832 645 diritto
851 579 939 645 libero
962 592 1029 659 etc,
1054 601 1122 663 por.
1151 585 1168 646 ι

98 673 170 726 tom.
191 667 201 724 l
224 684 291 748 cop.
311 667 329 726 l
348 683 420 746 pop.
438 665 512 742 526,
544 665 618 740 527,
641 667 712 726 sto.
735 668 831 744 Atque
855 665 887 726 id
904 666 1023 744 quidem
1044 666 1174 744 pertinet

97 747 137 807 ad
154 747 288 825 antiquos
301 745 473 818 monachos,
499 745 549 824 qui
570 745 656 808 initio
678 765 712 808 ea
735 745 800 827 lege
820 747 945 808 instituti
969 755 1049 818 sunt,
1076 755 1110 806 ut
1139 747 1170 808 in

98 828 258 890 solitudine
274 830 363 889 vitam
380 835 499 908 agerent
518 845 551 888 ac
568 846 708 889 manuum
724 827 816 889 labori
834 837 981 889 vacarent.
997 833 1070 892 Nam
1085 829 1171 908 incp-

98 919 164 970 tum
179 919 269 986 esset,
290 918 448 988 contraque
465 911 591 970 instituti
609 909 704 992 legem
719 910 757 970 ad
775 909 964 971 solitudinem
982 930 1015 972 ac
1033 929 1175 973 manuum

97 992 228 1054 laborem
252 1010 354 1052 vocare
373 1001 484 1053 ceteros
502 992 663 1072 regulares,
688 1011 761 1072 quos
782 993 938 1053 recentiori
953 1001 1038 1054 atate
1055 995 1095 1073 pii
1115 993 1171 1055 bo·
1222 1033 1224 1040 ,

96 1075 291 1154 mineslonge
309 1073 372 1133 aliis
385 1074 494 1154 regulis
511 1073 717 1150 instituerunt,
737 1083 767 1134 et
779 1093 852 1154 qnos
870 1075 901 1134 in
920 1075 1026 1136 mediis
1044 1077 1169 1138 civitati·

96 1155 154 1217 bus
166 1158 275 1216 versari
289 1157 462 1230 voluerunt,
482 1163 517 1216 ιιι
535 1155 700 1218 christianis
714 1157 821 1218 auxilio
841 1156 910 1217 sint.
927 1157 1031 1219 Visum
1051 1167 1095 1220 cst
1107 1157 1170 1218 baec

97 1255 220 1298 monere
237 1244 266 1296 et
282 1237 415 1312 edicere,
434 1245 468 1297 ut
490 1239 666 1299 satisfactum
686 1238 724 1299 sit
742 1239 933 1318 scriptoribus
953 1239 1050 1300 annal.
1067 1239 1170 1300 eccles.

97 1320 269 1394 Florentiae,
289 1321 339 1398 qui
356 1319 430 1380 mihi
444 1321 618 1381 senteutiam
637 1321 818 1396 adscribunt,
838 1339 854 1380 a
872 1339 930 1400 quo
945 1320 1032 1403 longe
1048 1321 1170 1398 absum3

96 1403 240 1462 nimirum
254 1402 332 1480 quod
347 1402 451 1462 barum
471 1402 566 1462 lustit.
586 1400 636 1464 lib.
655 1407 668 1464 l
688 1403 734 1464 tit.
755 1407 767 1464 l
789 1400 817 1484 S.
835 1404 853 1463 9
872 1411 934 1463 not.
955 1405 991 1479 b,
1010 1402 1114 1462 clerico
1131 1403 1176 1462 li-·

95 1501 164 1544 cere
176 1483 235 1544 dixi
251 1483 350 1544 labore
369 1501 509 1544 manuum
531 1503 650 1545 suarum
674 1493 704 1546 ct
717 1485 840 1546 bonosio
853 1484 976 1545 artificio
991 1483 1047 1544 sibi
1062 1485 1172 1546 victum

95 1583 281 1645 comparare,
297 1566 337 1625 ita
351 1565 427 1626 banc
447 1583 541 1626 meam
567 1568 741 1628 sententiam
765 1567 949 1648 interpretati
974 1573 1059 1642 sunt,
1089 1567 1172 1644 quasi

96 1647 158 1708 illis
174 1647 275 1708 ridear
289 1648 439 1724 assentiri,
455 1648 506 1726 qui
525 1649 682 1710 monachos
697 1650 827 1710 revocari
846 1648 953 1708 vedent
976 1647 1014 1708 ad
1032 1665 1174 1708 manuum

95 1729 245 1804 laborem,
261 1730 292 1790 in
310 1747 369 1807 quo
388 1747 450 1790 sese
465 1729 536 1790 olim
555 1731 712 1792 solitariam
735 1738 853 1812 agentes
871 1731 961 1790 vitam
984 1728 1169 1790 exercebant.

96 1810 157 1873 Sed
171 1829 272 1872 omnes
290 1812 374 1872 incile
394 1811 577 1892 intelligunt,
594 1831 682 1891 quam
696 1813 782 1894 longe
799 1813 855 1874 alia
868 1830 901 1872 ac
921 1812 1036 1873 diversa
1050 1811 1089 1872 sit
1105 1827 1172 1872 sen·

95 1892 191 1954 tentia
212 1893 331 1972 ajentis,
358 1893 441 1972 quod
462 1894 547 1956 liceat
568 1896 672 1958 clerico
694 1895 794 1956 labore
824 1911 965 1956 manuum
994 1911 1113 1954 suarum
1141 1899 1172 1954 et

96 1974 222 2037 honesto
235 1975 358 2036 artificio
371 1974 427 2036 sibi
444 1977 553 2038 victum
572 1995 740 2057 comparare
755 1996 789 2039 ao
801 1976 944 2038 sententia
964 1976 1101 2052 illorum,
1117 1975 1170 2054 qni

95 2057 171 2118 falso
189 2064 292 2137 putant
306 2057 463 2119 monachos
480 2059 517 2120 ud
540 2058 625 2120 bunc·
634 2061 763 2121 laborem
782 2060 902 2121 omnino
923 2076 985 2118 esse
1010 2056 1168 2138 cogendos.

97 2143 168 2201 llaec
182 2141 320 2202 adversus
336 2141 483 2201 annalium
505 2142 661 2220 scriptores
680 2142 825 2203 monenda
841 2159 903 2202 esse
918 2140 1005 2212 duxi,
1019 2149 1053 2201 ut
1069 2155 1172 2200 omnes

97 2221 280 2303 intelligant,
302 2241 389 2301 quam
409 2221 493 2282 valde
516 2223 684 2286 dissentiam
711 2223 748 2284 ab
775 2225 812 2285 iis
834 2221 1037 2302 opinionibus,
1064 2221 1171 2300 quibus

95 2303 169 2382 ipsi,
184 2313 284 2365 contra
299 2323 419 2365 omnem
432 2304 503 2364 recti
523 2305 644 2382 verique
660 2307 801 2384 speciem,
826 2305 1038 2367 assentiuntur.
1055 2307 1100 2364 De
1111 2309 1171 2362 'ce-

98 2386 186 2460 teris‚
206 2405 331 2464 quorum
345 2405 429 2448 causa
443 2404 491 2446 me
505 2387 782 2464 reprehendendum
800 2393 955 2467 putarunt,
977 2404 1036 2446 non
1050 2385 1169 2460 labor03

96 2468 236 2546 quoniam
256 2468 330 2529 mibi
353 2487 412 2530 non
434 2467 605 2544 molestum,
625 2469 677 2530 sed
695 2469 854 2550 gloriosum
873 2477 967 2544 est‚a
994 2467 1170 2547 quibusdam

95 2549 291 2628 reprebendi,
315 2549 394 2629 quod
418 2549 554 2611 omnibus
574 2559 721 2630 comporta
748 2569 810 2613 esse
834 2551 899 2612 volo
921 2549 987 2627 jura
1008 2549 1168 2610 certissima

98 2633 207 2692 summi
225 2631 390 2708 Pontificio,
406 2651 494 2710 quem
510 2631 645 2694 Christus
660 2634 802 2694 Dominus
818 2651 876 2692 non
895 2631 990 2692 solum
1007 2630 1119 2692 bonore
1139 2649 1173 2690 ac

97 2713 256 2809 dignitate,
273 2715 323 2775 sed
336 2716 424 2775 ctiam
436 2715 560 2794 imperio
572 2722 601 2775 et
613 2713 816 2794 jurisdictione
830 2733 953 2794 praesse
971 2714 1064 2774 voluit
1078 2711 1171 2773 ercle-

97 2815 150 2856 srae
163 2814 318 2857 universae.

147 2925 178 3026 §.
205 2927 249 2998 11.
276 2926 407 3000 Novum
447 2931 679 3002 monasterium
713 2931 781 3000 sine
812 2929 905 3000 venia
947 2927 1089 3023 episcopi
1133 2948 1170 2995 ac

95 3025 181 3098 sedis
222 3025 415 3122 Apostolicae
453 3029 588 3098 excitari
624 3053 693 3100 non
732 3042 840 3124 potest
867 3023 936 3122 (1).
978 3024 1016 3094 Ιιι
1054 3025 1171 3120 primis

95 3139 206 3196 autem
238 3123 418 3196 cavendum
447 3142 516 3216 est,
552 3151 595 3196 ne
634 3150 754 3196 nonum
792 3149 874 3221 opus
902 3126 1060 3218 ingrate
1088 3121 1170 3194 alio-

94 3247 172 3293 rum
204 3219 438 3294 detrimentum
476 3222 650 3294 redundet.
687 3222 797 3310 Quare
834 3225 1002 3319 episcopus
1041 3222 1168 3292 ueniam

94 3345 166 3392 non
193 3318 366 3409 concedit,
403 3322 464 3392 nisi
491 3323 639 3418 primum
669 3322 829 3394 vocaverit
870 3335 970 3418 atque
1014 3319 1172 3389 audiverit

96 3416 284 3514 prefectos,
333 3419 384 3490 vel
428 3435 652 3516 procuratores
694 3421 903 3516 antiquorum
953 3417 1168 3489 monasterio·

96 3541 193 3604 rum,
230 3541 304 3612 quae
343 3533 420 3588 sunt
453 3519 488 3588 in
523 3517 602 3589 locis
642 3519 763 3590 sucum
795 3518 905 3613 positis
939 3541 999 3612 per
1028 3528 1169 3610 quatuor

95 3611 197 3682 millia
233 3639 404 3710 passuum,
440 3631 544 3714 'atque
590 3616 688 3686 etiam
718 3614 915 3713 parocbum,
955 3615 1040 3682 intra
1078 3609 1169 3706 cujus

95 3714 246 3806 paroeciae
275 3712 357 3783 lines
392 3739 514 3786 novum
550 3715 782 3786 monasterium
813 3713 947 3808 erigitur
980 3707 1047 3804 (ἢ).
1081 3706 1170 3776 Prae

97 3824 185 3880 terea
238 3809 365 3881 nullum
415 3815 575 3882 extruitur
619 3815 695 3884 novi
738 3811 924 3884 monasterii
971 3804 1168 3894 aedificium,

95 3908 159 3976 nisi
200 3910 236 3978 in
275 3933 314 3980 eo
354 3907 526 3994 duodecim
566 3909 678 3982 saltem
715 3908 885 3998 monachi,
928 3932 984 3978 seu
1027 3903 1166 4074 calipiosi

1099 4027 1108 4070 1

94 4002 261 4096 habitare,
305 4022 403 4105 atque
450 4034 489 4080 ex
529 4006 688 4080 reditibus
739 4023 773 4079 et
818 4005 977 4080 consuetis
1019 4001 1066 4076 fid
1111 4025 1170 4094 um
