3102 5184
519 561 741 632 -595-

139 709 168 813 5.
209 709 358 783 XXVll.
392 707 585 782 Ordinoriua
626 707 778 804 baptismi
815 713 964 782 minister
996 727 1045 784 est
1085 715 1165 810 epis·

92 835 188 907 oopus
225 825 259 880 et
291 807 452 896 sacerdon
482 823 572 878 extra
605 805 755 878 ordinem
787 809 886 878 etium
915 809 1061 902 diaconi,
1089 838 1166 883 curn

89 910 229 1006 episcopi
271 925 328 980 aut
379 905 553 980 sacerdotis
605 929 777 996 concessu,
820 905 884 978 hoc
925 925 1165 982 sacramentum

90 1005 318 1078 administrant
349 1005 416 1102 (1).
461 1003 606 1099 Cogente
637 1005 846 1096 necessitate,
885 1030 999 1078 omnes
1026 1023 1061 1079 et
1091 1034 1165 1078 ma-

90 1131 161 1194 res,
195 1119 229 1174 et
267 1103 411 1177 loeminn
448 1120 535 1176 recte
570 1101 737 1198 baptizant
780 1100 854 1198 (2);
900 1129 1015 1176 verum
1055 1133 1166 1204 neque

90 1203 206 1274 mulier
233 1218 395 1300 praesente
426 1203 514 1293 viro,
550 1224 659 1297 neque
695 1199 795 1270 laicus
833 1217 994 1296 presente
1022 1199 1162 1294 clerico,

90 1325 198 1398 neque
241 1299 392 1391 clericus,
419 1325 494 1372 cum
529 1297 620 1372 adest
658 1297 823 1388 sacerdos,
860 1299 921 1370 sibi
946 1325 1074 1373 sumere
1104 1299 1167 1373 boc

90 1424 211 1470 munus
234 1397 358 1470 debent
379 1397 447 1496 (ὅ).
477 1397 578 1470 Recte
609 1398 765 1494 inquam,
790 1395 853 1469 hoc
877 1413 927 1469 est
953 1400 1021 1470 sine
1048 1399 1164 1497 culpc3

91 1513 254 1588 ceterum,
284 1499 382 1568 etiam
411 1496 544 1570 absente
572 1497 779 1586 necessitate,
820 1495 1002 1592 baptismus
1031 1524 1049 1568 e
1081 1497 1169 1570 laicis

92 1593 226 1668 collatus
261 1595 363 1686 valet,
390 1594 446 1668 sed
482 1619 535 1666 nae
566 1595 590 1664 ii
627 1610 739 1665 contra
781 1593 923 1666 ecclesie
964 1593 1167 1691 disciplinam

91 1709 227 1790 peceant
258 1693 329 1789 (4).
363 1693 412 1766 De
439 1693 602 1790 baptismo
635 1690 677 1762 ab
700 1692 860 1766 haereticis
895 1707 952 1764 aut
980 1691 1167 1765 infidelibus

93 1791 188 1882 dato,
222 1817 340 1888 magna
378 1792 457 1864 olim
489 1789 666 1888 disputatio
704 1791 784 1880 fuit,
826 1815 907 1860 num
941 1790 1074 1880 valeret3
1111 1791 1168 1863 sed

93 1915 169 1959 enm
203 1889 309 1961 valere
335 1905 461 1961 certum
494 1905 564 1979 est,
595 1891 622 1959 si
659 1905 771 1959 umen
795 1885 831 1957 id
855 1887 986 1959 efficere
1021 1894 1168 1987 proposi-

94 2003 166 2058 tum
186 1991 229 2060 eis
250 1988 369 2080 luerit,
399 1985 490 2086 quod
505 1985 669 2060 Catholica
686 1985 816 2058 ecclesia
834 1986 910 2058 lacit
927 1986 993 2083 (5).

133 2183 174 2266 (1)
188 2187 295 2248 conica·
308 2185 522 2249 catechismum
545 2189 632 2248 itom.
649 2203 719 2268 par.
741 2187 834 2266 iccp.
852 2186 871 2245 2
889 2181 916 2266 5.
944 2186 995 2253 25,
1012 2193 1042 2245 et
1058 2188 1089 2247 S.
1107 2185 1166 2246 Th.

91 2287 123 2346 p.
139 2269 200 2364 tq.
215 2269 253 2328 67
268 2276 329 2329 ert.
346 2271 377 2329 2.
391 2269 477 2346 Quod
492 2269 516 2329 si
530 2287 546 2328 a
561 2268 685 2330 Tertull.
704 2265 739 2328 de
753 2271 846 2349 Bept.
862 2285 927 2349 cop.
947 2268 984 2328 17
1008 2285 1079 2349 pap.
1094 2269 1166 2338 250,

93 2353 123 2411 S.
146 2351 268 2412 Hieron.
292 2348 457 2412 1111111.
480 2348 578 2433 Locis.
600 2369 686 2412 oum.
705 2352 723 2410 9
744 2345 799 2410 eol.
822 2351 881 2410 182
898 2349 1021 2428 eliisapie
1034 2349 1170 2410 Patribus

92 2431 233 2511 scriptum
250 2441 309 2510 est,
326 2433 504 2513 baptismum
524 2433 589 2494 cine
606 2431 797 2509 auctoritate,
816 2441 870 2492 aut
887 2429 1024 2513 joscione
1040 2431 1170 2514 episcopi

91 2533 107 2572 a
121 2515 294 2594 presbytero
306 2533 366 2576 non
381 2533 444 2578 esse
456 2515 680 2590 conserendum,
693 2513 724 2574 id
735 2513 840 2574 referri
856 2513 943 2574 debet
957 2513 995 2574 ad
1007 2514 1167 2575 solemnem

93 2595 281 2674 baptismum,
297 2599 347 2676 qui
359 2599 445 2660 certis
458 2598 527 2660 anni
546 2598 649 2658 diebus
665 2595 865 2658 administrari
883 2604 1084 2656 consueverat.
1104 2599 1169 2658 Non

92 2679 188 2740 omnis
200 2687 299 2740 minen
315 2679 486 2759 presbyter,
501 2679 553 2740 sed
567 2688 682 2740 tantum
696 2679 849 2758 proprius,
867 2675 924 2738 hoc
940 2685 984 2738 est
1004 2678 1167 2758 parochus,

93 2759 161 2836 jure
173 2761 324 2822 ordinario
338 2761 476 2841 baptizat.

133 2841 175 2924 (2)
196 2845 270 2904 Gon.
293 2845 327 2904 21
353 2843 423 2906 dist.
439 2847 459 2906 1
478 2843 513 2906 dc
536 2846 693 2920 Conseer.,·
713 2843 836 2906 Tertull.
858 2838 919 2903 ioco
930 2838 979 2903 cit.
997 2844 1168 2923 ρ19.251,·

95 2927 124 2986 S·
142 2929 218 3006 lug.
239 2933 335 2987 contr.
394 2969 402 2986 .
423 2929 567 2988 Pomm.
590 2923 612 2986 l.
629 2930 730 3008 bccp.
749 2922 932 3000 151111.11,·
953 2926 1040 2985 Cone.
1058 2925 1167 2986 Eliber.

94 3025 158 3066 cca.
179 3008 315 3088 tcaput
334 2945 481 3070 libbeum
506 3017 576 3070 tom.
600 3009 615 3069 1
639 3005 693 3069 cot.
710 3009 782 3070 996.
796 3011 862 3084 Quo
877 3009 907 3067 in
928 3023 1038 3067 mnone
1053 3007 1171 3068 videtur

95 3089 207 3150 excludi
227 3091 376 3172 bigamus,
402 3092 490 3152 etiem
509 3091 680 3152 necessitate
691 3099 825 3171 cogente,
842 3109 858 3150 u
879 3088 1015 3168 bcptismi
1033 3089 1170 3151 adminis-

96 3172 230 3233 tratione.
251 3173 359 3235 Statuit
374 3174 470 3250 enim,
495 3199 508 3228 ιι
525 3177 612 3234 Posse
628 3172 765 3250 fidelem,
788 3173 837 3252 qui
854 3172 1003 3232 lavacrum
1023 3191 1109 3232 suum
1127 3173 1170 3232 in·

98 3262 209 3334 tcgrurn
222 3255 327 3326 habet,
342 3274 396 3316 nec
406 3257 444 3316 sit
459 3255 609 3336 bigamus,
625 3255 772 3335 baptizare
785 3255 816 3314 in
830 3253 1010 3315 necessitate.
1027 3277 1040 3308 1
1060 3256 1169 3316 Mirum

97 3336 128 3396 id
141 3337 257 3398 videtur
275 3338 415 3418 Dionysio
436 3339 554 3400 Petavio
572 3337 606 3398 ic
623 3345 684 3398 not.
705 3335 747 3398 ud
764 3333 917 3432 Epipltue.
936 3343 1007 3397 tom.
1026 3336 1090 3418 tp.
1109 3339 1164 3398 511

98 3415 145 3477 ed.
158 3419 257 3482 Paris.
274 3421 368 3498 1722,
382 3420 462 3498 quod
474 3418 600 3502 1119111111
613 3417 764 3500 baptizari
780 3437 813 3480 111
827 3427 914 3480 tanta
927 3417 1098 3480 nemssitcte
1109 3439 1169 3480 111111

99 3497 191 3560 licuit.
210 3505 339 3573 Verum,
369 3503 411 3562 uti
433 3503 568 3563 observat
589 3501 789 3580 libaspineus
806 3499 840 3561 iu
857 3501 935 3562 notis
952 3519 1026 3583 pap.
1048 3499 1167 3562 175111.

99 3581 193 3676 Ncup.
219 3583 314 3659 1770,
336 3602 444 3654 canon,
467 3601 525 3644 non
539 3585 659 3644 omnino
681 3583 810 3644 excludit
824 3581 973 3664 bigamum
994 3603 1011 3643 a
1032 3581 1167 3661 baptismi

98 3661 362 3738 administratione,
378 3665 474 3726 sedin
489 3685 524 3726 eo
538 3683 661 3728 munero
678 3665 795 3748 bigamo
815 3667 879 3727 vult
896 3665 1030 3746 prael'crri
1045 3665 1167 3740 laicum,

100 3743 152 3822 qni
164 3745 296 3828 bigamus
310 3767 369 3808 non
383 3749 433 3809 sit.

143 3825 182 3910 (7)
196 3829 271 3893 Vide
285 3829 403 3892 Catech.
416 3835 502 3893 Rom.
519 3827 575 3892 loc.
589 3829 640 3891 cit.
655 3827 682 3912 ς.
697 3832 747 3892 25.

142 3908 181 3988 ti)
201 3913 338 3996 apposite
356 3915 480 3994 August.
505 3921 597 3974 coco.
613 3931 660 3995 ep.
677 3914 819 3972 Parmen.
845 3913 895 3974 cit.
912 3930 978 3992 cop.
1005 3911 1042 3970 15
1064 3907 1149 3972 11111111
1156 3957 1165 3988 ,

1 4055 2 4058 ,
102 3989 206 4068 inquit,
222 3993 390 4058 necessitate
400 3995 428 4057 si
437 3993 504 4078 fiat,
518 3993 610 4056 alieni
619 3993 751 4055 muneris
765 3993 924 4076 usurpatio
938 3999 991 4054 est.

145 4073 182 4151 (5)
200 4081 285 4139 Cone.
301 4077 386 4140 Trid.
413 4093 484 4138 sess.
508 4079 525 4138 7
540 4095 636 4138 conon
656 4073 727 4136 ade
740 4079 832 4158 Bapt.
849 4077 966 4138 Primus
988 4073 1166 4156 Agrippinas

1 4138 2 4204 l
102 4154 233 4238 &clap
251 4161 341 4239 episc.
362 4159 394 4219 in
409 4160 488 4220 exitu
502 4177 567 4220 saec.
583 4161 609 4220 li
621 4158 825 4220 hereticorum
845 4159 1023 4239 baptismum
1048 4157 1167 4219 irritum
