3100 5182
555 459 753 530 -95-

133 606 218 702 capiti
248 601 397 676 Romano
423 603 575 678 Pontifici
606 635 718 706 parere
748 623 918 694 recusant3
951 609 976 678 si
1009 607 1050 678 ab
1082 609 1188 680 eecle-

132 707 178 774 sie
195 706 270 772 sinn
293 702 415 774 inerint
438 706 531 802 ejecti
552 721 585 776 et
612 707 891 778 excommunicati.
922 706 960 776 ln
989 705 1046 777 hos
1075 731 1187 777 omnes

132 801 251 872 ecclesia
291 827 349 872 suo
390 803 493 872 utitur
538 805 675 902 imperio
726 821 759 876 et
798 819 976 902 potestate,
1020 820 1187 904 tamquam

133 915 264 970 extorres
290 899 376 971 filios
403 915 436 970 et
459 901 656 974 criminosos.

173 1071 201 1240 q.
230 1071 289 1142 lll.
320 1071 387 1156 Qui
413 1075 499 1143 inter
521 1075 662 1148 ecclesiae
689 1073 773 1148 filios
800 1077 920 1172 recepti
948 1091 1136 1166 nunaunt,
1166 1079 1188 1146 ii

135 1197 216 1242 nuo
247 1169 346 1241 modo
374 1169 414 1242 ad
444 1171 608 1244 ecclesiam
639 1177 823 1270 pertinent,
858 1177 919 1244 nisi
950 1173 1033 1244 lortc
1064 1173 1190 1270 baptis-

136 1295 216 1338 mum
255 1271 409 1366 petierint
455 1285 489 1339 et
528 1269 610 1342 fiant
662 1275 753 1368 quasi
803 1271 966 1344 candidati
1010 1271 1189 1350 christianas

137 1369 305 1462 religionis,
346 1370 395 1436 uti
433 1383 509 1437 sunt
546 1371 589 1459 ii,
638 1395 720 1466 quos
760 1369 1006 1440 catechumenos
1050 1395 1089 1466 ap
1114 1368 1189 1440 ella-

138 1490 202 1533 mus
235 1466 297 1562 (l).
332 1463 398 1536 llos
428 1467 475 1535 rei
498 1465 689 1538 Christianae
722 1465 882 1537 elementa
908 1467 1003 1536 docet
1103 1469 1188 1550 eain,

140 1561 232 1630 tradit
252 1561 429 1662 symbolum
451 1580 486 1634 et
509 1567 638 1658 signum
664 1567 786 1653 crucia,
815 1563 956 1636 instituit
975 1561 1016 1632 ad
1039 1563 1190 1658 baptismi

143 1662 266 1751 gratiam
284 1661 506 1758 recipiendam.
538 1663 587 1732 De
616 1663 702 1734 laicis
735 1663 865 1732 nonnisi
891 1685 951 1758 pro
990 1685 1025 1731 re
1055 1677 1128 1730 nata
1157 1677 1190 1730 et

146 1781 214 1922 prp,
227 1757 382 1850 relatione,
419 1786 519 1858 quam
553 1759 674 1833 habent
706 1758 745 1830 ad
784 1787 833 1832 rea
873 1783 987 1849 sacras,
1028 1757 1191 1856 agendum

145 1879 183 1925 no
204 1881 226 1924 rs
251 1874 308 1928 est.

174 2029 316 2132 (ll-Quod
331 2031 452 2114 sr'qnum
469 2031 579 2109 amois,
600 2033 697 2110 inquit
720 2031 899 2126 Augustinus
923 2038 1009 2091 tract.
1032 2031 1066 2091 ll
1086 2029 1116 2090 ia
1139 2031 1189 2090 lo.

139 2129 237 2254 ibt
256 2111 1194 2276 {attrectata-{tt‘tetartaeo‚tt

139 2270 206 2352 sont
221 2295 253 2338 aa
266 2277 361 2338 tertiis
376 2275 445 2360 filit.
468 2279 536 2338 Nou
556 2279 633 2338 euim
650 2273 728 2338 citit
746 2285 828 2354 aaut,
855 2276 911 2360 qui
923 2275 993 2358 jam
1013 2273 1053 2335 ad
1074 2273 1192 2335 dourtrrrr

141 2375 265 2437 matonam
282 2359 446 2440 pertinent.
468 2359 618 2420 Interdum
640 2358 837 2420 catechumeni
864 2358 1014 2418 christiani
1039 2355 1193 2428 dicuntur,

141 2455 190 2513 quo
201 2442 282 2501 multi
301 2441 436 2501 reserant
454 2459 593 2502 canonem
611 2443 649 2501 59
665 2442 783 2504 aoncilii
795 2439 980 2512 Eliberitani3
996 2440 1063 2500 licet
1078 2439 1194 2501 Gabriel

140 2519 327 2602 llbaspinaeus
344 2521 376 2582 in
395 2521 472 2582 notis
490 2521 531 2583 cd
545 2521 622 2584 lruac
636 2541 776 2583 coconem
794 2542 866 2604 paq.
885 2524 955 2598 175,
975 2521 1045 2581 edit.
1066 2519 1192 2604 Neapol.

140 2603 207 2662 tito
223 2623 290 2665 cnm
303 2605 394 2686 longe
413 2605 498 2664 aliter
509 2605 711 2684 explicandum
729 2613 821 2684 putet.
842 2609 885 2665 De
899 2603 1112 2664 catechumenis
1122 2603 1195 2663 alius

139 2685 185 2744 erit
195 2687 300 2766 agendi
312 2687 392 2748 locus
403 2687 490 2748 Libro
504 2690 542 2763 ll,
556 2703 622 2748 cum
635 2687 672 2748 dc
686 2687 832 2764 baptismo
846 2685 1069 2763 disputabimus.

177 2851 203 2954 ς.
227 2853 287 2926 lV.
321 2853 440 2925 Omnis
461 2857 559 2948 igitur
585 2855 626 2924 sit
654 2853 804 2924 tractatio
833 2851 874 2922 de
897 2851 1032 2941 clericis,
1060 2877 1099 2922 ex
1120 2857 1196 2949 qui-

140 2949 191 3022 bus
214 2953 359 3024 efficitur
389 2951 575 3024 Hierarchia
601 2951 673 3048 (l),
704 2975 779 3048 quae
806 2966 931 3024 constat
957 2976 995 3020 ex
1019 2951 1194 3048 episcopia,

141 3049 326 3150 presbyteris
355 3067 388 3120 et
412 3053 565 3122 ministris
589 3049 661 3146 (ἢ),
689 3075 831 3146 quoeque
862 3049 968 3120 diviua
997 3048 1068 3144 lege
1099 3051 1196 3118 insti-

139 3161 198 3217 tuta
227 3165 301 3238 est,
336 3163 372 3218 ut
403 3148 537 3220 haberet
567 3147 717 3236 ecclesia,
747 3149 804 3242 qui
835 3173 872 3218 ea
896 3163 1086 3244 praestarent
1121 3173 1196 3243 quae

140 3261 205 3315 sunt
230 3247 375 3335 ordinis,
401 3248 465 3316 sire
492 3249 572 3317 sacri
598 3246 785 3334 ministerii,
813 3260 846 3315 et
867 3270 941 3341 quae
962 3263 1038 3314 sunt
1070 3247 1198 3340 regimi-

143 3345 196 3431 nis,
211 3347 276 3416 sive
289 3343 535 3442 jurisdictionis.
550 3343 661 3430 Quare
675 3345 820 3412 universa
836 3343 1026 3414 clericorum
1043 3359 1198 3440 postestas

142 3439 183 3511 tel
205 3441 245 3512 ad
268 3441 442 3531 ordinem,
465 3443 516 3514 vel
539 3442 580 3512 ad
597 3439 854 3538 jurisdictionem
876 3445 1061 3537 pertinent,
1086 3457 1119 3509 et
1139 3439 1197 3508 alia

141 3555 180 3608 eat
214 3539 414 3629 hierarchia,
454 3565 528 3638 quae
561 3539 704 3628 ordinis,
734 3537 816 3628 iilia,
849 3565 922 3636 quoe
945 3538 1197 3638 jurisdictionis,

142 3661 187 3708 scu
212 3640 382 3734 regiminis
409 3637 600 3735 appellatur.
635 3635 787 3731 Singulos
809 3663 868 3708 nos
892 3662 1126 3734 persequemur
1149 3659 1199 3704 ec-

141 3733 312 3807 clesiasticae
343 3733 528 3808 hierarchis
564 3734 701 3833 gradm,
730 3750 827 3832 atque
859 3760 989 3807 omnem
1016 3733 1138 3806 ordinis
1167 3747 1200 3800 et

138 3833 361 3926 jurisdictionis
382 3849 575 3931 potestatem
598 3832 838 3932 explicabimus.
864 3833 929 3904 Sed
956 3847 1131 3927 antequam
1158 3827 1199 3899 de

143 3931 265 4025 singulis
301 3930 409 4002 dicere
442 3932 663 4027 agrediamur,
693 3931 855 4002 noscenda
885 3946 974 4018 sunt,
1013 3953 1088 4023 quae
1123 3929 1199 3996 uni-

144 4051 239 4100 versos
264 4028 396 4101 clericos
423 4035 599 4124 generatim
627 4032 806 4126 attingunt.
