<?xml version="1.0" encoding="UTF-8"?>
<!DOCTYPE html PUBLIC "-//W3C//DTD XHTML 1.0 Transitional//EN"
    "http://www.w3.org/TR/xhtml1/DTD/xhtml1-transitional.dtd">
<html xmlns="http://www.w3.org/1999/xhtml" xml:lang="en" lang="en">
 <head>
  <title>
</title>
<meta http-equiv="Content-Type" content="text/html;charset=utf-8" />
  <meta name='ocr-system' content='tesseract 3.04.00' />
  <meta name='ocr-capabilities' content='ocr_page ocr_carea ocr_par ocr_line ocrx_word'/>
</head>
<body>
  <div class='ocr_page' id='page_1' title='image "./institutionumca00devogoog_0693.png"; bbox 0 0 3122 5170; ppageno 0'>
   <div class='ocr_carea' id='block_1_1' title="bbox 655 323 1010 452">
    <p class='ocr_par' dir='ltr' id='par_1_1' title="bbox 655 323 1010 452">
     <span class='ocr_line' id='line_1_1' title="bbox 655 323 1010 452; baseline 0.006 -2"><span class='ocrx_word' id='word_1_1' title='bbox 655 402 659 408; x_wconf 95' lang='lat'>·</span> <span class='ocrx_word' id='word_1_2' title='bbox 783 323 1010 452; x_wconf 48' lang='grc' dir='ltr'>μεθέ-</span> 
     </span>
    </p>
   </div>
   <div class='ocr_carea' id='block_1_2' title="bbox 232 526 1432 626">
    <p class='ocr_par' dir='ltr' id='par_1_2' title="bbox 232 526 1432 626">
     <span class='ocr_line' id='line_1_2' title="bbox 232 526 1432 626; baseline -0.001 -26"><span class='ocrx_word' id='word_1_3' title='bbox 232 577 238 618; x_wconf 68' lang='grc'><em>,</em></span> <span class='ocrx_word' id='word_1_4' title='bbox 363 527 570 625; x_wconf 79' lang='lat' dir='ltr'>significetur.</span> <span class='ocrx_word' id='word_1_5' title='bbox 615 529 673 599; x_wconf 83' lang='lat' dir='ltr'>Ite·</span> <span class='ocrx_word' id='word_1_6' title='bbox 701 554 752 600; x_wconf 81' lang='lat' dir='ltr'>ex.</span> <span class='ocrx_word' id='word_1_7' title='bbox 786 554 838 624; x_wconf 77' lang='lat' dir='ltr'>gr.</span> <span class='ocrx_word' id='word_1_8' title='bbox 869 526 1024 601; x_wconf 81' lang='lat' dir='ltr'>Csnoniei</span> <span class='ocrx_word' id='word_1_9' title='bbox 1055 544 1188 626; x_wconf 85' lang='lat' dir='ltr'>oeeepto</span> <span class='ocrx_word' id='word_1_10' title='bbox 1220 527 1326 618; x_wconf 82' lang='lat' dir='ltr'>libro,</span> <span class='ocrx_word' id='word_1_11' title='bbox 1360 528 1432 626; x_wconf 93' lang='lat' dir='ltr'>pul·</span> 
     </span>
    </p>
   </div>
   <div class='ocr_carea' id='block_1_3' title="bbox 318 625 1434 895">
    <p class='ocr_par' dir='ltr' id='par_1_3' title="bbox 318 625 1434 895">
     <span class='ocr_line' id='line_1_3' title="bbox 318 625 1432 724; baseline 0 -26"><span class='ocrx_word' id='word_1_12' title='bbox 318 655 328 666; x_wconf 90' lang='lat'><strong>·</strong></span> <span class='ocrx_word' id='word_1_13' title='bbox 364 643 431 700; x_wconf 81' lang='lat' dir='ltr'>soto</span> <span class='ocrx_word' id='word_1_14' title='bbox 475 626 720 718; x_wconf 73' lang='lat' dir='ltr'>tintinnabulo,</span> <span class='ocrx_word' id='word_1_15' title='bbox 759 629 939 724; x_wconf 84' lang='lat' dir='ltr'>ceterisque</span> <span class='ocrx_word' id='word_1_16' title='bbox 981 625 1140 698; x_wconf 82' lang='lat' dir='ltr'>similibus</span> <span class='ocrx_word' id='word_1_17' title='bbox 1177 628 1298 722; x_wconf 79' lang='lat' dir='ltr'>signis,</span> <span class='ocrx_word' id='word_1_18' title='bbox 1332 652 1432 724; x_wconf 80' lang='lat' dir='ltr'>paro-</span> 
     </span>
     <span class='ocr_line' id='line_1_4' title="bbox 339 719 1434 892; baseline 0.001 -98"><span class='ocrx_word' id='word_1_19' title='bbox 339 725 350 754; x_wconf 68' lang='grc'>“·</span> <span class='ocrx_word' id='word_1_20' title='bbox 364 725 420 892; x_wconf 67' lang='lat' dir='ltr'>plhi</span> <span class='ocrx_word' id='word_1_21' title='bbox 453 743 561 842; x_wconf 82' lang='lat' dir='ltr'>eutem</span> <span class='ocrx_word' id='word_1_22' title='bbox 585 719 818 828; x_wconf 67' lang='lat' dir='ltr'>possessionem</span> <span class='ocrx_word' id='word_1_23' title='bbox 844 727 998 823; x_wconf 73' lang='lat' dir='ltr'>capiunt,</span> <span class='ocrx_word' id='word_1_24' title='bbox 1027 749 1104 796; x_wconf 91' lang='lat' dir='ltr'>eum</span> <span class='ocrx_word' id='word_1_25' title='bbox 1141 723 1309 796; x_wconf 74' lang='lat' dir='ltr'>eeclesiam</span> <span class='ocrx_word' id='word_1_26' title='bbox 1328 727 1434 822; x_wconf 79' lang='lat' dir='ltr'>ingre·</span> 
     </span>
     <span class='ocr_line' id='line_1_5' title="bbox 389 841 567 895; baseline -0.006 -2"><span class='ocrx_word' id='word_1_27' title='bbox 389 841 514 895; x_wconf 86' lang='lat' dir='ltr'>runtur.</span> <span class='ocrx_word' id='word_1_28' title='bbox 561 873 567 884; x_wconf 85' lang='lat'>·</span> 
     </span>
    </p>
   </div>
   <div class='ocr_carea' id='block_1_4' title="bbox 405 1018 910 1105">
    <p class='ocr_par' dir='ltr' id='par_1_4' title="bbox 405 1018 910 1105">
     <span class='ocr_line' id='line_1_6' title="bbox 405 1018 910 1105; baseline 0 -23"><span class='ocrx_word' id='word_1_29' title='bbox 405 1023 446 1102; x_wconf 90' lang='grc'>(1)</span> <span class='ocrx_word' id='word_1_30' title='bbox 468 1025 540 1104; x_wconf 82' lang='lat' dir='ltr'>Cep.</span> <span class='ocrx_word' id='word_1_31' title='bbox 555 1024 573 1082; x_wconf 82' lang='lat'><strong>7</strong></span> <span class='ocrx_word' id='word_1_32' title='bbox 587 1019 622 1084; x_wconf 82' lang='lat' dir='ltr'>tle</span> <span class='ocrx_word' id='word_1_33' title='bbox 639 1018 721 1105; x_wconf 80' lang='lat' dir='ltr'>Offie.</span> <span class='ocrx_word' id='word_1_34' title='bbox 736 1019 910 1084; x_wconf 74' lang='lat' dir='ltr'>Areltt‘dioe.</span> 
     </span>
    </p>
   </div>
   <div class='ocr_carea' id='block_1_5' title="bbox 353 1194 1435 2671">
    <p class='ocr_par' dir='ltr' id='par_1_5' title="bbox 353 1194 1435 2671">
     <span class='ocr_line' id='line_1_7' title="bbox 411 1194 1431 1296; baseline -0.002 -28"><span class='ocrx_word' id='word_1_35' title='bbox 411 1195 441 1296; x_wconf 80' lang='lat'>§.</span> <span class='ocrx_word' id='word_1_36' title='bbox 480 1195 660 1270; x_wconf 85' lang='lat' dir='ltr'>XXXVII.</span> <span class='ocrx_word' id='word_1_37' title='bbox 700 1194 767 1280; x_wconf 89' lang='lat' dir='ltr'>Qui</span> <span class='ocrx_word' id='word_1_38' title='bbox 799 1197 1031 1294; x_wconf 84' lang='lat' dir='ltr'>possessionem</span> <span class='ocrx_word' id='word_1_39' title='bbox 1063 1195 1179 1278; x_wconf 84' lang='lat' dir='ltr'>tribuit</span> <span class='ocrx_word' id='word_1_40' title='bbox 1220 1221 1330 1268; x_wconf 90' lang='lat' dir='ltr'>merus</span> <span class='ocrx_word' id='word_1_41' title='bbox 1368 1199 1431 1266; x_wconf 91' lang='lat' dir='ltr'>mi-</span> 
     </span>
     <span class='ocr_line' id='line_1_8' title="bbox 365 1295 1418 1394; baseline -0.001 -29"><span class='ocrx_word' id='word_1_42' title='bbox 365 1296 465 1366; x_wconf 82' lang='lat' dir='ltr'>nister</span> <span class='ocrx_word' id='word_1_43' title='bbox 490 1311 557 1382; x_wconf 75' lang='lat' dir='ltr'>est,</span> <span class='ocrx_word' id='word_1_44' title='bbox 588 1297 645 1390; x_wconf 92' lang='lat' dir='ltr'>qui</span> <span class='ocrx_word' id='word_1_45' title='bbox 672 1319 741 1365; x_wconf 90' lang='lat' dir='ltr'>rem</span> <span class='ocrx_word' id='word_1_46' title='bbox 771 1310 872 1366; x_wconf 84' lang='lat' dir='ltr'>totum</span> <span class='ocrx_word' id='word_1_47' title='bbox 894 1297 978 1391; x_wconf 83' lang='lat' dir='ltr'>gerit</span> <span class='ocrx_word' id='word_1_48' title='bbox 997 1295 1159 1367; x_wconf 87' lang='lat' dir='ltr'>oollntoris</span> <span class='ocrx_word' id='word_1_49' title='bbox 1185 1296 1280 1394; x_wconf 89' lang='lat' dir='ltr'>jussu</span> <span class='ocrx_word' id='word_1_50' title='bbox 1305 1309 1341 1366; x_wconf 88' lang='lat' dir='ltr'>et</span> <span class='ocrx_word' id='word_1_51' title='bbox 1362 1319 1418 1365; x_wconf 71' lang='lat' dir='ltr'>sur</span> 
     </span>
     <span class='ocr_line' id='line_1_9' title="bbox 365 1391 1434 1484; baseline 0 -22"><span class='ocrx_word' id='word_1_52' title='bbox 365 1395 506 1465; x_wconf 84' lang='lat' dir='ltr'>toritate.</span> <span class='ocrx_word' id='word_1_53' title='bbox 540 1391 650 1477; x_wconf 80' lang='lat' dir='ltr'>Quare</span> <span class='ocrx_word' id='word_1_54' title='bbox 690 1391 753 1464; x_wconf 90' lang='lat' dir='ltr'>hoe</span> <span class='ocrx_word' id='word_1_55' title='bbox 791 1409 920 1464; x_wconf 83' lang='lat' dir='ltr'>tantum</span> <span class='ocrx_word' id='word_1_56' title='bbox 961 1410 1075 1484; x_wconf 81' lang='lat' dir='ltr'>curet,</span> <span class='ocrx_word' id='word_1_57' title='bbox 1103 1409 1143 1464; x_wconf 92' lang='lat' dir='ltr'>ut</span> <span class='ocrx_word' id='word_1_58' title='bbox 1170 1393 1352 1467; x_wconf 81' lang='lat' dir='ltr'>collationis</span> <span class='ocrx_word' id='word_1_59' title='bbox 1376 1392 1434 1463; x_wconf 85' lang='lat' dir='ltr'>Iit-</span> 
     </span>
     <span class='ocr_line' id='line_1_10' title="bbox 353 1489 1433 1590; baseline 0 -28"><span class='ocrx_word' id='word_1_60' title='bbox 353 1506 445 1564; x_wconf 84' lang='lat' dir='ltr'>.terae</span> <span class='ocrx_word' id='word_1_61' title='bbox 478 1494 600 1562; x_wconf 86' lang='lat' dir='ltr'>exitum</span> <span class='ocrx_word' id='word_1_62' title='bbox 634 1507 895 1587; x_wconf 56' lang='lat' dir='ltr'>consequentum</span> <span class='ocrx_word' id='word_1_63' title='bbox 934 1517 1043 1588; x_wconf 87' lang='lat' dir='ltr'>neque</span> <span class='ocrx_word' id='word_1_64' title='bbox 1075 1491 1146 1590; x_wconf 86' lang='lat' dir='ltr'>ejus</span> <span class='ocrx_word' id='word_1_65' title='bbox 1180 1509 1229 1564; x_wconf 90' lang='lat' dir='ltr'>est</span> <span class='ocrx_word' id='word_1_66' title='bbox 1261 1489 1433 1589; x_wconf 66' lang='lat' dir='ltr'>judicare,</span> 
     </span>
     <span class='ocr_line' id='line_1_11' title="bbox 363 1587 1432 1685; baseline -0.002 -25"><span class='ocrx_word' id='word_1_67' title='bbox 363 1614 444 1660; x_wconf 88' lang='lat' dir='ltr'>nurn</span> <span class='ocrx_word' id='word_1_68' title='bbox 488 1587 621 1661; x_wconf 84' lang='lat' dir='ltr'>clericus</span> <span class='ocrx_word' id='word_1_69' title='bbox 657 1589 817 1662; x_wconf 82' lang='lat' dir='ltr'>beneficio</span> <span class='ocrx_word' id='word_1_70' title='bbox 852 1589 991 1661; x_wconf 80' lang='lat' dir='ltr'>donatus</span> <span class='ocrx_word' id='word_1_71' title='bbox 1021 1615 1060 1662; x_wconf 86' lang='lat' dir='ltr'>eo</span> <span class='ocrx_word' id='word_1_72' title='bbox 1090 1593 1131 1660; x_wconf 91' lang='lat' dir='ltr'>sit</span> <span class='ocrx_word' id='word_1_73' title='bbox 1155 1616 1267 1662; x_wconf 77' lang='lat' dir='ltr'>revera</span> <span class='ocrx_word' id='word_1_74' title='bbox 1293 1589 1432 1685; x_wconf 75' lang='lat' dir='ltr'>dignus,</span> 
     </span>
     <span class='ocr_line' id='line_1_12' title="bbox 365 1687 1434 1784; baseline 0.001 -28"><span class='ocrx_word' id='word_1_75' title='bbox 365 1713 407 1756; x_wconf 82' lang='lat' dir='ltr'>sn</span> <span class='ocrx_word' id='word_1_76' title='bbox 431 1713 543 1774; x_wconf 76' lang='lat' dir='ltr'>seeus3</span> <span class='ocrx_word' id='word_1_77' title='bbox 573 1690 635 1758; x_wconf 92' lang='lat' dir='ltr'>nisi</span> <span class='ocrx_word' id='word_1_78' title='bbox 666 1687 740 1760; x_wconf 64' lang='lat' dir='ltr'>hoev</span> <span class='ocrx_word' id='word_1_79' title='bbox 756 1687 839 1761; x_wconf 86' lang='lat' dir='ltr'>sorte</span> <span class='ocrx_word' id='word_1_80' title='bbox 866 1691 1036 1784; x_wconf 74' lang='lat' dir='ltr'>negotium</span> <span class='ocrx_word' id='word_1_81' title='bbox 1061 1689 1092 1760; x_wconf 88' lang='lat' dir='ltr'>ei</span> <span class='ocrx_word' id='word_1_82' title='bbox 1123 1690 1333 1760; x_wconf 85' lang='lat' dir='ltr'>eommissum</span> <span class='ocrx_word' id='word_1_83' title='bbox 1362 1687 1434 1758; x_wconf 83' lang='lat' dir='ltr'>fue·</span> 
     </span>
     <span class='ocr_line' id='line_1_13' title="bbox 366 1785 1434 1882; baseline 0.002 -28"><span class='ocrx_word' id='word_1_84' title='bbox 366 1786 432 1875; x_wconf 69' lang='grc'><strong>111,</strong></span> <span class='ocrx_word' id='word_1_85' title='bbox 459 1787 535 1881; x_wconf 82' lang='lat' dir='ltr'>quie</span> <span class='ocrx_word' id='word_1_86' title='bbox 564 1801 644 1858; x_wconf 89' lang='lat' dir='ltr'>tune</span> <span class='ocrx_word' id='word_1_87' title='bbox 668 1811 737 1858; x_wconf 94' lang='lat' dir='ltr'>non</span> <span class='ocrx_word' id='word_1_88' title='bbox 776 1787 836 1857; x_wconf 89' lang='lat' dir='ltr'>nisi</span> <span class='ocrx_word' id='word_1_89' title='bbox 871 1789 1063 1882; x_wconf 78' lang='lat' dir='ltr'>recognita</span> <span class='ocrx_word' id='word_1_90' title='bbox 1101 1785 1254 1859; x_wconf 77' lang='lat' dir='ltr'>beneficii</span> <span class='ocrx_word' id='word_1_91' title='bbox 1280 1790 1434 1882; x_wconf 72' lang='lat' dir='ltr'>possessio</span> 
     </span>
     <span class='ocr_line' id='line_1_14' title="bbox 366 1880 1435 1982; baseline 0.002 -31"><span class='ocrx_word' id='word_1_92' title='bbox 366 1880 472 1954; x_wconf 81' lang='lat' dir='ltr'>denda</span> <span class='ocrx_word' id='word_1_93' title='bbox 493 1901 541 1954; x_wconf 88' lang='lat' dir='ltr'>est</span> <span class='ocrx_word' id='word_1_94' title='bbox 573 1883 639 1982; x_wconf 89' lang='lat' dir='ltr'>(l).</span> <span class='ocrx_word' id='word_1_95' title='bbox 676 1882 779 1982; x_wconf 72' lang='lat' dir='ltr'>Copta</span> <span class='ocrx_word' id='word_1_96' title='bbox 813 1885 1030 1982; x_wconf 76' lang='lat' dir='ltr'>possessione,</span> <span class='ocrx_word' id='word_1_97' title='bbox 1064 1887 1123 1982; x_wconf 88' lang='lat' dir='ltr'>qui</span> <span class='ocrx_word' id='word_1_98' title='bbox 1155 1884 1357 1956; x_wconf 86' lang='lat' dir='ltr'>beneficium</span> <span class='ocrx_word' id='word_1_99' title='bbox 1380 1883 1435 1954; x_wconf 70' lang='lat' dir='ltr'>ol&gt;</span> 
     </span>
     <span class='ocr_line' id='line_1_15' title="bbox 365 1981 1434 2074; baseline 0.002 -24"><span class='ocrx_word' id='word_1_100' title='bbox 365 1983 534 2052; x_wconf 90' lang='lat' dir='ltr'>tinuerunt</span> <span class='ocrx_word' id='word_1_101' title='bbox 577 2007 652 2054; x_wconf 88' lang='lat' dir='ltr'>cum</span> <span class='ocrx_word' id='word_1_102' title='bbox 699 2007 776 2053; x_wconf 84' lang='lat' dir='ltr'>euro</span> <span class='ocrx_word' id='word_1_103' title='bbox 818 1985 1022 2074; x_wconf 76' lang='lat' dir='ltr'>animorum,</span> <span class='ocrx_word' id='word_1_104' title='bbox 1062 1985 1149 2054; x_wconf 82' lang='lat' dir='ltr'>intre</span> <span class='ocrx_word' id='word_1_105' title='bbox 1191 1981 1276 2054; x_wconf 88' lang='lat' dir='ltr'>duos</span> <span class='ocrx_word' id='word_1_106' title='bbox 1318 1981 1434 2052; x_wconf 76' lang='lat' dir='ltr'>saltent</span> 
     </span>
     <span class='ocr_line' id='line_1_16' title="bbox 365 2078 1432 2179; baseline 0 -31"><span class='ocrx_word' id='word_1_107' title='bbox 365 2103 490 2150; x_wconf 84' lang='lat' dir='ltr'>memes</span> <span class='ocrx_word' id='word_1_108' title='bbox 515 2105 623 2154; x_wconf 80' lang='lat' dir='ltr'>eorem</span> <span class='ocrx_word' id='word_1_109' title='bbox 654 2082 823 2178; x_wconf 84' lang='lat' dir='ltr'>episeopo,</span> <span class='ocrx_word' id='word_1_110' title='bbox 864 2097 921 2152; x_wconf 83' lang='lat' dir='ltr'>eut</span> <span class='ocrx_word' id='word_1_111' title='bbox 951 2081 1022 2179; x_wconf 88' lang='lat' dir='ltr'>ejus</span> <span class='ocrx_word' id='word_1_112' title='bbox 1047 2082 1164 2153; x_wconf 79' lang='lat' dir='ltr'>vicario</span> <span class='ocrx_word' id='word_1_113' title='bbox 1187 2079 1331 2177; x_wconf 82' lang='lat' dir='ltr'>generali</span> <span class='ocrx_word' id='word_1_114' title='bbox 1354 2078 1432 2152; x_wconf 84' lang='lat' dir='ltr'>fidei</span> 
     </span>
     <span class='ocr_line' id='line_1_17' title="bbox 365 2176 1434 2277; baseline 0.001 -31"><span class='ocrx_word' id='word_1_115' title='bbox 365 2176 596 2273; x_wconf 84' lang='lat' dir='ltr'>professionem</span> <span class='ocrx_word' id='word_1_116' title='bbox 624 2206 684 2277; x_wconf 93' lang='lat' dir='ltr'>per</span> <span class='ocrx_word' id='word_1_117' title='bbox 704 2181 817 2250; x_wconf 86' lang='lat' dir='ltr'>semeti</span> <span class='ocrx_word' id='word_1_118' title='bbox 855 2204 892 2251; x_wconf 88' lang='lat' dir='ltr'>os</span> <span class='ocrx_word' id='word_1_119' title='bbox 917 2181 1067 2252; x_wconf 83' lang='lat' dir='ltr'>emittere</span> <span class='ocrx_word' id='word_1_120' title='bbox 1094 2178 1217 2250; x_wconf 90' lang='lat' dir='ltr'>debent</span> <span class='ocrx_word' id='word_1_121' title='bbox 1242 2177 1321 2276; x_wconf 70' lang='grc'><strong>(1);</strong></span> <span class='ocrx_word' id='word_1_122' title='bbox 1350 2179 1434 2248; x_wconf 82' lang='lat' dir='ltr'>eneti</span> 
     </span>
     <span class='ocr_line' id='line_1_18' title="bbox 366 2275 1431 2374; baseline 0.001 -31"><span class='ocrx_word' id='word_1_123' title='bbox 366 2299 443 2347; x_wconf 82' lang='lat' dir='ltr'>vero</span> <span class='ocrx_word' id='word_1_124' title='bbox 476 2279 685 2367; x_wconf 76' lang='lat' dir='ltr'>canonicatu,</span> <span class='ocrx_word' id='word_1_125' title='bbox 713 2293 770 2348; x_wconf 84' lang='lat' dir='ltr'>sut</span> <span class='ocrx_word' id='word_1_126' title='bbox 840 2279 973 2374; x_wconf 78' lang='lat' dir='ltr'>&#39;gnitate</span> <span class='ocrx_word' id='word_1_127' title='bbox 1001 2280 1038 2350; x_wconf 92' lang='lat' dir='ltr'>in</span> <span class='ocrx_word' id='word_1_128' title='bbox 1074 2277 1205 2350; x_wconf 77' lang='lat' dir='ltr'>eeclesia</span> <span class='ocrx_word' id='word_1_129' title='bbox 1235 2275 1431 2363; x_wconf 76' lang='lat' dir='ltr'>cathedrali,</span> 
     </span>
     <span class='ocr_line' id='line_1_19' title="bbox 365 2373 1433 2474; baseline 0.002 -32"><span class='ocrx_word' id='word_1_130' title='bbox 365 2397 433 2444; x_wconf 90' lang='lat' dir='ltr'>non</span> <span class='ocrx_word' id='word_1_131' title='bbox 460 2373 575 2467; x_wconf 84' lang='lat' dir='ltr'>solum·</span> <span class='ocrx_word' id='word_1_132' title='bbox 592 2401 701 2449; x_wconf 80' lang='lat' dir='ltr'>eorem</span> <span class='ocrx_word' id='word_1_133' title='bbox 726 2375 897 2474; x_wconf 81' lang='lat' dir='ltr'>episeopo,</span> <span class='ocrx_word' id='word_1_134' title='bbox 933 2391 990 2447; x_wconf 83' lang='lat' dir='ltr'>unt</span> <span class='ocrx_word' id='word_1_135' title='bbox 1021 2377 1142 2449; x_wconf 74' lang='lat' dir='ltr'>vicario</span> <span class='ocrx_word' id='word_1_136' title='bbox 1176 2375 1341 2472; x_wconf 78' lang='lat' dir='ltr'>generali,</span> <span class='ocrx_word' id='word_1_137' title='bbox 1378 2373 1433 2444; x_wconf 86' lang='lat' dir='ltr'>sed</span> 
     </span>
     <span class='ocr_line' id='line_1_20' title="bbox 367 2471 1430 2572; baseline 0 -30"><span class='ocrx_word' id='word_1_138' title='bbox 367 2473 465 2543; x_wconf 83' lang='lat' dir='ltr'>etiem</span> <span class='ocrx_word' id='word_1_139' title='bbox 491 2500 599 2547; x_wconf 85' lang='lat' dir='ltr'>eorem</span> <span class='ocrx_word' id='word_1_140' title='bbox 624 2473 767 2572; x_wconf 77' lang='lat' dir='ltr'>capitulo</span> <span class='ocrx_word' id='word_1_141' title='bbox 792 2473 880 2548; x_wconf 87' lang='lat' dir='ltr'>idem</span> <span class='ocrx_word' id='word_1_142' title='bbox 915 2489 1072 2572; x_wconf 77' lang='lat' dir='ltr'>praestent</span> <span class='ocrx_word' id='word_1_143' title='bbox 1095 2473 1162 2572; x_wconf 79' lang='grc' dir='ltr'><strong>(ὅ).</strong></span> <span class='ocrx_word' id='word_1_144' title='bbox 1193 2475 1263 2547; x_wconf 90' lang='lat' dir='ltr'>Nisi</span> <span class='ocrx_word' id='word_1_145' title='bbox 1291 2471 1326 2543; x_wconf 90' lang='lat' dir='ltr'>id</span> <span class='ocrx_word' id='word_1_146' title='bbox 1356 2471 1430 2561; x_wconf 84' lang='lat' dir='ltr'>fist,</span> 
     </span>
     <span class='ocr_line' id='line_1_21' title="bbox 367 2569 1298 2671; baseline 0.004 -33"><span class='ocrx_word' id='word_1_147' title='bbox 367 2569 489 2642; x_wconf 89' lang='lat' dir='ltr'>inutilis</span> <span class='ocrx_word' id='word_1_148' title='bbox 520 2575 672 2669; x_wconf 77' lang='lat' dir='ltr'>possessio</span> <span class='ocrx_word' id='word_1_149' title='bbox 684 2589 752 2662; x_wconf 84' lang='lat' dir='ltr'>est,</span> <span class='ocrx_word' id='word_1_150' title='bbox 769 2597 878 2670; x_wconf 89' lang='lat' dir='ltr'>neque</span> <span class='ocrx_word' id='word_1_151' title='bbox 893 2573 1017 2645; x_wconf 84' lang='lat' dir='ltr'>fruetus</span> <span class='ocrx_word' id='word_1_152' title='bbox 1034 2575 1106 2671; x_wconf 88' lang='lat' dir='ltr'>quis</span> <span class='ocrx_word' id='word_1_153' title='bbox 1121 2571 1199 2644; x_wconf 81' lang='lat' dir='ltr'>feeit</span> <span class='ocrx_word' id='word_1_154' title='bbox 1210 2597 1298 2644; x_wconf 88' lang='lat' dir='ltr'>suos.</span> 
     </span>
    </p>
   </div>
   <div class='ocr_carea' id='block_1_6' title="bbox 366 2766 1434 3018">
    <p class='ocr_par' dir='ltr' id='par_1_6' title="bbox 366 2766 1434 3018">
     <span class='ocr_line' id='line_1_22' title="bbox 408 2766 1434 2852; baseline -0.001 -22"><span class='ocrx_word' id='word_1_155' title='bbox 408 2766 449 2848; x_wconf 88' lang='grc'>(1)</span> <span class='ocrx_word' id='word_1_156' title='bbox 470 2771 533 2830; x_wconf 80' lang='lat' dir='ltr'>llue</span> <span class='ocrx_word' id='word_1_157' title='bbox 554 2777 683 2850; x_wconf 81' lang='lat' dir='ltr'>spectent</span> <span class='ocrx_word' id='word_1_158' title='bbox 708 2769 815 2831; x_wconf 79' lang='lat' dir='ltr'>littere</span> <span class='ocrx_word' id='word_1_159' title='bbox 838 2769 871 2831; x_wconf 80' lang='lat' dir='ltr'>in</span> <span class='ocrx_word' id='word_1_160' title='bbox 901 2769 1004 2852; x_wconf 69' lang='lat' dir='ltr'>sonito</span> <span class='ocrx_word' id='word_1_161' title='bbox 1027 2767 1171 2852; x_wconf 47' lang='lat' dir='ltr'>dueum,</span> <span class='ocrx_word' id='word_1_162' title='bbox 1198 2776 1250 2830; x_wconf 82' lang='lat' dir='ltr'>sut</span> <span class='ocrx_word' id='word_1_163' title='bbox 1278 2769 1312 2830; x_wconf 79' lang='lat' dir='ltr'>iu</span> <span class='ocrx_word' id='word_1_164' title='bbox 1338 2766 1434 2850; x_wconf 72' lang='lat' dir='ltr'>[erno</span> 
     </span>
     <span class='ocr_line' id='line_1_23' title="bbox 368 2849 1432 2934; baseline 0 -24"><span class='ocrx_word' id='word_1_165' title='bbox 368 2849 582 2928; x_wconf 70' lang='lat' dir='ltr'>comessoris,</span> <span class='ocrx_word' id='word_1_166' title='bbox 602 2851 640 2912; x_wconf 91' lang='lat' dir='ltr'>de</span> <span class='ocrx_word' id='word_1_167' title='bbox 655 2851 762 2931; x_wconf 88' lang='lat' dir='ltr'>quibus</span> <span class='ocrx_word' id='word_1_168' title='bbox 776 2859 873 2912; x_wconf 78' lang='lat' dir='ltr'>seturn</span> <span class='ocrx_word' id='word_1_169' title='bbox 892 2860 938 2914; x_wconf 79' lang='lat' dir='ltr'>est</span> <span class='ocrx_word' id='word_1_170' title='bbox 953 2852 999 2914; x_wconf 85' lang='lat' dir='ltr'>tit.</span> <span class='ocrx_word' id='word_1_171' title='bbox 1017 2855 1035 2914; x_wconf 75' lang='lat'><strong>5</strong></span> <span class='ocrx_word' id='word_1_172' title='bbox 1054 2859 1122 2914; x_wconf 82' lang='lat' dir='ltr'>stet.</span> <span class='ocrx_word' id='word_1_173' title='bbox 1141 2849 1201 2934; x_wconf 67' lang='lat' dir='ltr'>IS.</span> <span class='ocrx_word' id='word_1_174' title='bbox 1220 2853 1261 2912; x_wconf 83' lang='grc'>11</span> <span class='ocrx_word' id='word_1_175' title='bbox 1276 2869 1349 2932; x_wconf 71' lang='lat' dir='ltr'>pop.</span> <span class='ocrx_word' id='word_1_176' title='bbox 1365 2851 1432 2912; x_wconf 79' lang='grc'><strong>180.</strong></span> 
     </span>
     <span class='ocr_line' id='line_1_24' title="bbox 366 2931 1357 3018; baseline 0 -25"><span class='ocrx_word' id='word_1_177' title='bbox 366 2933 442 2994; x_wconf 87' lang='lat' dir='ltr'>Vide</span> <span class='ocrx_word' id='word_1_178' title='bbox 455 2935 542 2994; x_wconf 79' lang='lat' dir='ltr'>etiarn</span> <span class='ocrx_word' id='word_1_179' title='bbox 557 2935 688 2998; x_wconf 81' lang='lat' dir='ltr'>Gareiem</span> <span class='ocrx_word' id='word_1_180' title='bbox 701 2931 736 2995; x_wconf 78' lang='lat' dir='ltr'>cle</span> <span class='ocrx_word' id='word_1_181' title='bbox 747 2932 880 3018; x_wconf 79' lang='lat' dir='ltr'>Beuefie.</span> <span class='ocrx_word' id='word_1_182' title='bbox 893 2953 963 3016; x_wconf 88' lang='lat' dir='ltr'>por.</span> <span class='ocrx_word' id='word_1_183' title='bbox 975 2938 995 2996; x_wconf 90' lang='grc'>1</span> <span class='ocrx_word' id='word_1_184' title='bbox 1008 2954 1074 3016; x_wconf 83' lang='lat' dir='ltr'>cop.</span> <span class='ocrx_word' id='word_1_185' title='bbox 1092 2936 1206 2996; x_wconf 75' lang='lat' dir='ltr'>linum.</span> <span class='ocrx_word' id='word_1_186' title='bbox 1220 2937 1232 2995; x_wconf 93' lang='grc'>1</span> <span class='ocrx_word' id='word_1_187' title='bbox 1253 2941 1357 3018; x_wconf 75' lang='lat' dir='ltr'>etseq.</span> 
     </span>
    </p>
   </div>
   <div class='ocr_carea' id='block_1_7' title="bbox 366 3039 1436 3370">
    <p class='ocr_par' dir='ltr' id='par_1_7' title="bbox 366 3039 1436 3370">
     <span class='ocr_line' id='line_1_25' title="bbox 408 3039 1435 3122; baseline 0 -23"><span class='ocrx_word' id='word_1_188' title='bbox 408 3039 449 3122; x_wconf 84' lang='grc'><strong>(1)</strong></span> <span class='ocrx_word' id='word_1_189' title='bbox 470 3041 551 3102; x_wconf 86' lang='lat' dir='ltr'>Fidei</span> <span class='ocrx_word' id='word_1_190' title='bbox 570 3041 709 3120; x_wconf 80' lang='lat' dir='ltr'>professio</span> <span class='ocrx_word' id='word_1_191' title='bbox 727 3059 779 3120; x_wconf 90' lang='lat' dir='ltr'>per</span> <span class='ocrx_word' id='word_1_192' title='bbox 794 3049 1011 3119; x_wconf 79' lang='lat' dir='ltr'>procuratorem</span> <span class='ocrx_word' id='word_1_193' title='bbox 1027 3041 1121 3102; x_wconf 89' lang='lat' dir='ltr'>emitti</span> <span class='ocrx_word' id='word_1_194' title='bbox 1135 3059 1195 3101; x_wconf 92' lang='lat' dir='ltr'>non</span> <span class='ocrx_word' id='word_1_195' title='bbox 1210 3048 1323 3119; x_wconf 77' lang='lat' dir='ltr'>potest3</span> <span class='ocrx_word' id='word_1_196' title='bbox 1339 3057 1395 3119; x_wconf 82' lang='lat' dir='ltr'>que</span> <span class='ocrx_word' id='word_1_197' title='bbox 1405 3039 1435 3099; x_wconf 89' lang='lat' dir='ltr'>in</span> 
     </span>
     <span class='ocr_line' id='line_1_26' title="bbox 368 3121 1436 3202; baseline -0.002 -18"><span class='ocrx_word' id='word_1_198' title='bbox 368 3139 401 3184; x_wconf 84' lang='lat' dir='ltr'>re</span> <span class='ocrx_word' id='word_1_199' title='bbox 417 3123 616 3183; x_wconf 81' lang='lat' dir='ltr'>emendandus</span> <span class='ocrx_word' id='word_1_200' title='bbox 630 3132 675 3184; x_wconf 87' lang='lat' dir='ltr'>est</span> <span class='ocrx_word' id='word_1_201' title='bbox 690 3142 774 3184; x_wconf 89' lang='lat' dir='ltr'>error</span> <span class='ocrx_word' id='word_1_202' title='bbox 785 3123 921 3198; x_wconf 86' lang='lat' dir='ltr'>illorum,</span> <span class='ocrx_word' id='word_1_203' title='bbox 938 3125 987 3202; x_wconf 89' lang='lat' dir='ltr'>qui</span> <span class='ocrx_word' id='word_1_204' title='bbox 1007 3123 1038 3182; x_wconf 93' lang='lat' dir='ltr'>id</span> <span class='ocrx_word' id='word_1_205' title='bbox 1063 3142 1115 3202; x_wconf 83' lang='lat' dir='ltr'>per</span> <span class='ocrx_word' id='word_1_206' title='bbox 1134 3129 1355 3201; x_wconf 78' lang='lat' dir='ltr'>procuratorem</span> <span class='ocrx_word' id='word_1_207' title='bbox 1375 3121 1436 3182; x_wconf 86' lang='lat' dir='ltr'>lieri</span> 
     </span>
     <span class='ocr_line' id='line_1_27' title="bbox 366 3203 1434 3286; baseline 0 -22"><span class='ocrx_word' id='word_1_208' title='bbox 366 3221 449 3284; x_wconf 88' lang='lat' dir='ltr'>posse</span> <span class='ocrx_word' id='word_1_209' title='bbox 465 3205 656 3265; x_wconf 80' lang='lat' dir='ltr'>arbitrentur.</span> <span class='ocrx_word' id='word_1_210' title='bbox 672 3206 795 3268; x_wconf 86' lang='lat' dir='ltr'>Consule</span> <span class='ocrx_word' id='word_1_211' title='bbox 812 3208 884 3266; x_wconf 88' lang='lat' dir='ltr'>Ben.</span> <span class='ocrx_word' id='word_1_212' title='bbox 903 3207 972 3267; x_wconf 84' lang='lat' dir='ltr'>XIV</span> <span class='ocrx_word' id='word_1_213' title='bbox 986 3205 1089 3267; x_wconf 82' lang='lat' dir='ltr'>Instit.</span> <span class='ocrx_word' id='word_1_214' title='bbox 1113 3207 1153 3266; x_wconf 92' lang='grc'>60</span> <span class='ocrx_word' id='word_1_215' title='bbox 1171 3203 1199 3286; x_wconf 84' lang='lat'>§.</span> <span class='ocrx_word' id='word_1_216' title='bbox 1222 3207 1253 3281; x_wconf 78' lang='lat'>5,</span> <span class='ocrx_word' id='word_1_217' title='bbox 1275 3213 1308 3264; x_wconf 89' lang='lat' dir='ltr'>et</span> <span class='ocrx_word' id='word_1_218' title='bbox 1325 3203 1434 3267; x_wconf 77' lang='lat' dir='ltr'>niret.</span> 
     </span>
     <span class='ocr_line' id='line_1_28' title="bbox 369 3285 1146 3370; baseline 0.003 -24"><span class='ocrx_word' id='word_1_219' title='bbox 369 3285 491 3368; x_wconf 76' lang='lat' dir='ltr'>exposit.</span> <span class='ocrx_word' id='word_1_220' title='bbox 507 3287 579 3347; x_wconf 81' lang='lat' dir='ltr'>Jer.</span> <span class='ocrx_word' id='word_1_221' title='bbox 593 3289 682 3349; x_wconf 82' lang='lat' dir='ltr'>Pont.</span> <span class='ocrx_word' id='word_1_222' title='bbox 695 3305 764 3369; x_wconf 85' lang='lat' dir='ltr'>por.</span> <span class='ocrx_word' id='word_1_223' title='bbox 778 3291 797 3349; x_wconf 86' lang='grc'>1</span> <span class='ocrx_word' id='word_1_224' title='bbox 810 3295 879 3349; x_wconf 79' lang='lat' dir='ltr'>sest.</span> <span class='ocrx_word' id='word_1_225' title='bbox 895 3289 952 3348; x_wconf 75' lang='grc'>156</span> <span class='ocrx_word' id='word_1_226' title='bbox 964 3305 1037 3370; x_wconf 68' lang='lat' dir='ltr'>pay.</span> <span class='ocrx_word' id='word_1_227' title='bbox 1055 3289 1146 3349; x_wconf 91' lang='grc'><strong>1011.</strong></span> 
     </span>
    </p>
   </div>
   <div class='ocr_carea' id='block_1_8' title="bbox 367 3391 1438 4034">
    <p class='ocr_par' dir='ltr' id='par_1_8' title="bbox 367 3391 1438 4034">
     <span class='ocr_line' id='line_1_29' title="bbox 409 3391 1432 3478; baseline -0.003 -23"><span class='ocrx_word' id='word_1_228' title='bbox 409 3393 450 3478; x_wconf 80' lang='grc'>(5)</span> <span class='ocrx_word' id='word_1_229' title='bbox 471 3397 559 3456; x_wconf 86' lang='lat' dir='ltr'>Cone.</span> <span class='ocrx_word' id='word_1_230' title='bbox 580 3393 664 3456; x_wconf 77' lang='lat' dir='ltr'>Trid.</span> <span class='ocrx_word' id='word_1_231' title='bbox 683 3411 753 3455; x_wconf 85' lang='lat' dir='ltr'>sess.</span> <span class='ocrx_word' id='word_1_232' title='bbox 784 3395 823 3454; x_wconf 98' lang='grc'>11</span> <span class='ocrx_word' id='word_1_233' title='bbox 846 3413 912 3476; x_wconf 84' lang='lat' dir='ltr'>cop.</span> <span class='ocrx_word' id='word_1_234' title='bbox 936 3395 975 3455; x_wconf 85' lang='grc'>11</span> <span class='ocrx_word' id='word_1_235' title='bbox 990 3391 1026 3454; x_wconf 80' lang='lat' dir='ltr'>de</span> <span class='ocrx_word' id='word_1_236' title='bbox 1043 3391 1185 3477; x_wconf 74' lang='lat' dir='ltr'>resom.,·</span> <span class='ocrx_word' id='word_1_237' title='bbox 1204 3393 1275 3454; x_wconf 85' lang='lat' dir='ltr'>Pins</span> <span class='ocrx_word' id='word_1_238' title='bbox 1289 3395 1330 3454; x_wconf 84' lang='lat' dir='ltr'>IV</span> <span class='ocrx_word' id='word_1_239' title='bbox 1344 3401 1432 3454; x_wconf 74' lang='lat' dir='ltr'>sonet.</span> 
     </span>
     <span class='ocr_line' id='line_1_30' title="bbox 367 3471 1435 3558; baseline -0.008 -15"><span class='ocrx_word' id='word_1_240' title='bbox 367 3483 406 3543; x_wconf 78' lang='lat' dir='ltr'>Io</span> <span class='ocrx_word' id='word_1_241' title='bbox 427 3485 617 3542; x_wconf 73' lang='lat' dir='ltr'>sacrosancto</span> <span class='ocrx_word' id='word_1_242' title='bbox 644 3477 702 3536; x_wconf 88' lang='grc'>101</span> <span class='ocrx_word' id='word_1_243' title='bbox 726 3484 755 3536; x_wconf 83' lang='lat' dir='ltr'>et</span> <span class='ocrx_word' id='word_1_244' title='bbox 787 3484 881 3538; x_wconf 63' lang='lat' dir='ltr'>eone.</span> <span class='ocrx_word' id='word_1_245' title='bbox 908 3475 1086 3558; x_wconf 78' lang='lat' dir='ltr'>Iujenetum</span> <span class='ocrx_word' id='word_1_246' title='bbox 1112 3477 1172 3538; x_wconf 78' lang='grc'>105</span> <span class='ocrx_word' id='word_1_247' title='bbox 1194 3471 1306 3536; x_wconf 67' lang='lat' dir='ltr'>tutan</span> <span class='ocrx_word' id='word_1_248' title='bbox 1321 3483 1391 3535; x_wconf 78' lang='lat' dir='ltr'>tom.</span> <span class='ocrx_word' id='word_1_249' title='bbox 1416 3477 1435 3534; x_wconf 88' lang='grc'>1</span> 
     </span>
     <span class='ocr_line' id='line_1_31' title="bbox 367 3554 1436 3644; baseline -0.006 -22"><span class='ocrx_word' id='word_1_250' title='bbox 367 3582 400 3644; x_wconf 90' lang='lat' dir='ltr'>p.</span> <span class='ocrx_word' id='word_1_251' title='bbox 416 3563 471 3622; x_wconf 89' lang='grc'>101</span> <span class='ocrx_word' id='word_1_252' title='bbox 491 3567 518 3618; x_wconf 83' lang='lat' dir='ltr'>et</span> <span class='ocrx_word' id='word_1_253' title='bbox 532 3563 603 3621; x_wconf 86' lang='grc'><strong>101.</strong></span> <span class='ocrx_word' id='word_1_254' title='bbox 619 3557 755 3620; x_wconf 84' lang='lat' dir='ltr'>Cononiei</span> <span class='ocrx_word' id='word_1_255' title='bbox 767 3558 985 3640; x_wconf 79' lang='lat' dir='ltr'>eollegintnrum</span> <span class='ocrx_word' id='word_1_256' title='bbox 997 3559 1186 3620; x_wconf 74' lang='lat' dir='ltr'>eeclesiarum</span> <span class='ocrx_word' id='word_1_257' title='bbox 1198 3555 1286 3636; x_wconf 85' lang='lat' dir='ltr'>hujus</span> <span class='ocrx_word' id='word_1_258' title='bbox 1301 3554 1436 3618; x_wconf 74' lang='lat' dir='ltr'>iaciendo</span> 
     </span>
     <span class='ocr_line' id='line_1_32' title="bbox 368 3638 1436 3724; baseline -0.004 -20"><span class='ocrx_word' id='word_1_259' title='bbox 368 3641 555 3724; x_wconf 77' lang='lat' dir='ltr'>professionis</span> <span class='ocrx_word' id='word_1_260' title='bbox 571 3640 650 3702; x_wconf 80' lang='lat' dir='ltr'>nulls</span> <span class='ocrx_word' id='word_1_261' title='bbox 663 3641 728 3722; x_wconf 73' lang='lat' dir='ltr'>lege</span> <span class='ocrx_word' id='word_1_262' title='bbox 741 3638 982 3723; x_wconf 76' lang='lat' dir='ltr'>obstringuntur3</span> <span class='ocrx_word' id='word_1_263' title='bbox 998 3641 1052 3703; x_wconf 88' lang='lat' dir='ltr'>sed</span> <span class='ocrx_word' id='word_1_264' title='bbox 1070 3649 1170 3702; x_wconf 71' lang='lat' dir='ltr'>nmen</span> <span class='ocrx_word' id='word_1_265' title='bbox 1189 3641 1278 3702; x_wconf 66' lang='lat' dir='ltr'>aiem</span> <span class='ocrx_word' id='word_1_266' title='bbox 1298 3638 1332 3699; x_wconf 86' lang='lat' dir='ltr'>hi</span> <span class='ocrx_word' id='word_1_267' title='bbox 1348 3638 1436 3719; x_wconf 85' lang='lat' dir='ltr'>pluri·</span> 
     </span>
     <span class='ocr_line' id='line_1_33' title="bbox 368 3721 1438 3805; baseline -0.005 -19"><span class='ocrx_word' id='word_1_268' title='bbox 368 3727 423 3786; x_wconf 89' lang='lat' dir='ltr'>bus</span> <span class='ocrx_word' id='word_1_269' title='bbox 439 3725 470 3786; x_wconf 93' lang='lat' dir='ltr'>in</span> <span class='ocrx_word' id='word_1_270' title='bbox 485 3723 555 3784; x_wconf 89' lang='lat' dir='ltr'>loeis</span> <span class='ocrx_word' id='word_1_271' title='bbox 569 3725 614 3784; x_wconf 85' lang='lat' dir='ltr'>rel</span> <span class='ocrx_word' id='word_1_272' title='bbox 636 3723 774 3804; x_wconf 83' lang='lat' dir='ltr'>peculiari</span> <span class='ocrx_word' id='word_1_273' title='bbox 791 3722 871 3805; x_wconf 76' lang='lat' dir='ltr'>lege,</span> <span class='ocrx_word' id='word_1_274' title='bbox 886 3723 932 3783; x_wconf 90' lang='lat' dir='ltr'>vel</span> <span class='ocrx_word' id='word_1_275' title='bbox 956 3723 1167 3785; x_wconf 82' lang='lat' dir='ltr'>consuetudine</span> <span class='ocrx_word' id='word_1_276' title='bbox 1187 3721 1264 3784; x_wconf 79' lang='lat' dir='ltr'>hene</span> <span class='ocrx_word' id='word_1_277' title='bbox 1281 3721 1438 3800; x_wconf 78' lang='lat' dir='ltr'>prolessIo-</span> 
     </span>
     <span class='ocr_line' id='line_1_34' title="bbox 367 3801 1436 3882; baseline -0.007 -13"><span class='ocrx_word' id='word_1_278' title='bbox 367 3826 436 3869; x_wconf 88' lang='lat' dir='ltr'>nem</span> <span class='ocrx_word' id='word_1_279' title='bbox 456 3806 606 3868; x_wconf 87' lang='lat' dir='ltr'>emittunt.</span> <span class='ocrx_word' id='word_1_280' title='bbox 631 3807 678 3869; x_wconf 88' lang='lat' dir='ltr'>Sie</span> <span class='ocrx_word' id='word_1_281' title='bbox 699 3805 826 3882; x_wconf 83' lang='lat' dir='ltr'>inlotis,</span> <span class='ocrx_word' id='word_1_282' title='bbox 846 3805 897 3866; x_wconf 88' lang='lat' dir='ltr'>ubi</span> <span class='ocrx_word' id='word_1_283' title='bbox 913 3805 1026 3867; x_wconf 89' lang='lat' dir='ltr'>obtinet</span> <span class='ocrx_word' id='word_1_284' title='bbox 1039 3806 1142 3868; x_wconf 79' lang='lat' dir='ltr'>mneil.</span> <span class='ocrx_word' id='word_1_285' title='bbox 1165 3807 1252 3880; x_wconf 79' lang='lat' dir='ltr'>Rern.</span> <span class='ocrx_word' id='word_1_286' title='bbox 1272 3801 1436 3865; x_wconf 76' lang='lat' dir='ltr'>habitune</span> 
     </span>
     <span class='ocr_line' id='line_1_35' title="bbox 369 3885 1437 4034; baseline -0.005 -83"><span class='ocrx_word' id='word_1_287' title='bbox 369 3892 602 4034; x_wconf 60' lang='lat' dir='ltr'>Beluoxmtoln&#39;</span> <span class='ocrx_word' id='word_1_288' title='bbox 630 3889 727 3968; x_wconf 75' lang='grc'><strong>1711,</strong></span> <span class='ocrx_word' id='word_1_289' title='bbox 750 3887 834 3951; x_wconf 88' lang='lat' dir='ltr'>multi</span> <span class='ocrx_word' id='word_1_290' title='bbox 854 3896 938 3967; x_wconf 84' lang='lat' dir='ltr'>sunt,</span> <span class='ocrx_word' id='word_1_291' title='bbox 955 3887 1006 3968; x_wconf 83' lang='lat' dir='ltr'>qui</span> <span class='ocrx_word' id='word_1_292' title='bbox 1025 3906 1059 3950; x_wconf 82' lang='lat' dir='ltr'>es</span> <span class='ocrx_word' id='word_1_293' title='bbox 1080 3887 1145 3970; x_wconf 68' lang='lat' dir='ltr'>lege</span> <span class='ocrx_word' id='word_1_294' title='bbox 1162 3894 1315 3949; x_wconf 89' lang='lat' dir='ltr'>tenentur.</span> <span class='ocrx_word' id='word_1_295' title='bbox 1331 3885 1437 3950; x_wconf 79' lang='lat' dir='ltr'>confer</span> 
     </span>
     <span class='ocr_line' id='line_1_36' title="bbox 369 3970 655 4034; baseline -0.003 0"><span class='ocrx_word' id='word_1_296' title='bbox 369 3971 404 4034; x_wconf 83' lang='lat' dir='ltr'>oi</span> <span class='ocrx_word' id='word_1_297' title='bbox 472 3989 521 4033; x_wconf 90' lang='lat' dir='ltr'>um</span> <span class='ocrx_word' id='word_1_298' title='bbox 581 3970 655 4034; x_wconf 77' lang='lat' dir='ltr'>‚eit</span> 
     </span>
    </p>
   </div>
   <div class='ocr_carea' id='block_1_9' title="bbox 0 0 1572 5170">
    <p class='ocr_par' dir='ltr' id='par_1_9' title="bbox 0 0 1572 5170">
     <span class='ocr_line' id='line_1_37' title="bbox 0 0 1572 5170; baseline 0 0"><span class='ocrx_word' id='word_1_299' title='bbox 0 0 1572 5170; x_wconf 95' lang='lat' dir='ltr'> </span> 
     </span>
    </p>
   </div>
  </div>
 </body>
</html>
