3122 5170
798 423 848 518 -.-’-
872 405 946 514 761
971 483 1021 500 .-

159 549 282 680 'mh-¹
298 555 308 634 ’Ῐ
385 601 508 674 «evasa,
530 593 641 674 inqtiit,
665 551 791 672 pretiosa
816 593 1018 666 eeclesiarum,
1038 608 1090 652 seu
1107 609 1188 654 saera
1207 592 1365 672 etreliqua
1391 597 1457 656 Deo

212 681 221 748 ’.
236 679 260 764 ,ζ
278 681 290 698 ’“
378 685 557 752 consecrata,
579 685 608 736 et
624 676 817 756 possessiones
831 675 995 736 immobiles
1009 674 1207 736 inalienabilia
1217 683 1302 750 sunt,
1316 685 1345 736 et
1355 677 1457 739 66616-

376 765 426 826 siis
437 767 633 823 reservantur.
643 783 655 812 a
673 761 738 820 Non
749 757 841 838 igitur
850 774 936 834 nora,
951 764 984 818 ut
995 757 1115 836 qnidam
1126 765 1243 836 putant,
1256 757 1307 818 sed
1317 761 1456 819 uetustis-

375 847 449 908 sima
459 851 503 906 est
515 857 659 902 sanonum
674 840 775 920 regula
788 839 825 900 de
840 838 929 899 rebus
940 839 1067 900 ecolesiae
1080 858 1141 900 non
1155 838 1329 900 alienandis.
1343 841 1455 902 confer

377 929 463 988 otiam
477 921 672 986 Decretalium
684 922 729 984 111.
746 919 781 982 de
792 918 852 982 reb.
870 917 937 982 aed.
952 917 1107 982 alleuati
1119 939 1191 981 6661.

417 1007 458 1090 (l)
479 1008 516 1068 t.
540 1007 579 1066 tt
593 1013 622 1065 61
636 1003 674 1064 17
695 1001 760 1065 eod.
776 1001 812 1064 de
835 1005 918 1064 Sorr.
940 1000 1053 1080 coclea,
1069 1000 1187 1065 lt'ooell.
1204 1003 1306 1083 lcop.
1322 1005 1353 1064 1.
1375 1003 1454 1066 Vide

295 1129 300 1144 ·
376 1091 464 1152 etiam
478 1089 565 1168 capit.
580 1103 684 1166 regum
698 1089 801 1150 Frane.
820 1081 871 1145 tto.
889 1087 996 1146 6619
1011 1081 1067 1147 eol.
1085 1081 1252 1148 5016116.
1269 1086 1288 1144 6
1305 1103 1373 1167 cop.
1395 1089 1452 1148 156

180 1143 195 1218 ’-
269 1161 273 1170 “
375 1171 431 1234 661.
448 1173 508 1233 uta
528 1171 628 1232 16661
648 1164 694 1228 ed.
710 1165 837 1228 Boluzit'
849 1167 914 1242 611,
932 1176 961 1227 61
975 1165 1115 1247 expendit
1131 1167 1174 1230 Cl.
1197 1165 1379 1228 llamaohius
1395 1167 1454 1230 Del

286 1315 290 1324 ,
375 1253 479 1316 diritto
493 1249 583 1314 libem
596 1246 676 1311 dello
690 1247 793 1312 6111666
806 1247 840 1311 di
848 1267 883 1310 66
927 1249 1028 1328 latore,
1045 1267 1060 1310 6
1073 1247 1108 1310 di
1114 1245 1270 1332 possedere
1284 1245 1369 1311 1166
1382 1269 1451 1334 rap.

375 1343 478 1479 lpap.
498 1337 534 1396 61
558 1340 586 1394 61
604 1350 677 1414 aeq„
698 1331 749 1392 uhi
772 1339 867 1392 totum
911 1350 946 1392 oo
966 1333 1132 1413 argumenti
1153 1348 1246 1412 genus
1269 1334 1405 1410 graviter
1424 1343 1453 1394 ει

375 1438 407 1480 so
421 1418 467 1478 'de
485 1421 691 1498 pertractatur.
1321 1474 1323 1477 Ι

414 1499 457 1584 (5)
478 1501 606 1560 listron.
622 1491 795 1558 Ambitiosa·
807 1493 843 1556 de
855 1493 915 1557 reh.
928 1492 996 1556 6661.
1008 1491 1100 1558 61166.
1114 1493 1164 1558 661
1174 1514 1247 1558 non.

422 1667 453 1784 ᾗ.
492 1667 536 1739 ll.
572 1667 720 1738 Pertinet
753 1665 814 1738 hoc
849 1666 1061 1738 interdictum
1099 1668 1198 1739 etiam
1232 1667 1277 1739 ad
1314 1693 1452 1741 monas-

374 1787 471 1858 1666,
518 1765 708 1862 hospitalia,
753 1781 924 1862 ceteraque
972 1763 1042 1837 loca
1090 1767 1144 1863 pia
1187 1781 1221 1838 et
1272 1765 1449 1863 religiosa,

375 1890 517 1964 quorum
549 1865 648 1934 etiam
672 1862 757 1934 hona
788 1862 995 1934 ecclesiastiea
1027 1861 1208 1954 dicuntur,
1245 1889 1351 1962 eaque
1379 1864 1451 1936 dis-

374 1963 502 2036 trahere
529 1961 618 2034 nefas
645 1975 693 2032 est
718 1960 786 2058 (i)
814 1959 1026 2033 alienationis
1056 1977 1166 2034 autem
1197 1987 1320 2034 nomen
1352 1989 1450 2036 eum·

374 2059 549 2159 prehendit
588 2058 828 2148 venditionem,
874 2057 1105 2149 donationem,
1147 2064 1447 2155 permutationem,

374 2157 656 2258 emphytheusim,
705 2155 924 2245 locationem,
979 2173 1012 2228 et
1062 2156 1316 2230 conductionem
1361 2160 1448 2230 ultra

372 2259 551 2328 trienninm
599 2255 674 2352 (ᾖ),
726 2257 868 2352 pignoris
910 2257 1176 2328 mustitutionem
1219 2282 1277 2327 sen
1324 2283 1445 2328 nexum

372 2372 407 2427 et
443 2353 684 2454 hypothecam,
725 2355 760 2424 in
792 2352 929 2424 feudum
967 2357 1206 2426 concessionem
1237 2354 1317 2452 (5),
1346 2355 1444 2428 deni-

372 2479 437 2550 que
463 2477 595 2526 ornnem
631 2449 873 2542 conditionem,
903 2477 963 2548 per
998 2477 1097 2548 quam
1124 2477 1174 2523 res
1208 2451 1351 2526 ecolesiae
1382 2453 1445 2526 de-

372 2553 472 2624 terior
495 2548 637 2621 effioitur
650 2549 717 2645 (4).

411 2713 455 2807 (l)
478 2723 533 2784 611.
547 2718 652 2786 Nouel.
667 2723 723 2784 76.
738 2725 768 2784 1.
783 2731 812 2784 61
823 2722 873 2787 tit.
888 2725 1019 2785 Botrou.
1034 2721 1215 2788 Ambitioaoe.

409 2807 452 2890 (1)
472 2806 569 2868 vetita
584 2815 628 2866 est
647 2804 750 2866 locatio
763 2821 863 2866 rerum
881 2807 1138 2867 ecclesiastieorum
1163 2807 1242 2868 ultra
1261 2809 1439 2886 trienninm,

321 2912 324 2920 ·
370 2887 488 2968 quando
503 2907 539 2948 ex
552 2889 588 2948 iis
602 2887 714 2948 fruetus
726 2905 843 2966 quoque
856 2906 933 2950 anno
946 2889 1161 2968 pemipiuntur.
1176 2892 1289 2952 Namsi
1308 2911 1351 2953 66
1363 2893 1442 2954 inre-

369 2979 418 3031 tus
434 2971 530 3050 ierant
551 2976 665 3030 tantum
682 2987 859 3048 unoquoque
878 2970 1013 3046 biennio,
1035 2977 1085 3030 aut
1102 2970 1248 3046 triennio,
1270 2981 1343 3034 tunc
1363 2983 1443 3035 reete

369 3071 423 3132 per
433 3069 524 3112 annos
543 3069 609 3126 sex,
633 3059 684 3112 aut
704 3069 809 3112 novem
832 3051 936 3113 locatio
956 3051 1119 3132 perficitur.
1135 3055 1307 3116 Communis
1322 3055 1385 3117 haee
1400 3063 1442 3118 est

369 3134 583 3194 oattonistarum
599 3134 758 3208 sententia,
773 3151 861 3212 quam
875 3140 982 3212 praeter
1002 3143 1130 3208 eeteros,
1154 3137 1290 3214 sequitur
1310 3141 1439 3219 regma.

369 3217 400 3276 in
412 3233 478 3297 cop.
493 3212 558 3276 lide
570 3210 629 3274 rao.
643 3211 710 3276 ecel.
726 3211 815 3275 61166.
828 3212 883 3276 661.
900 3233 974 3294 noo,
990 3235 1075 3276 num.
1090 3217 1143 3276 ta.

405 3295 450 3380 (5)
471 3295 550 3359 nat.
569 3297 696 3356 Extrau.
726 3294 908 3373 Ambitiooae,
931 3306 960 3358 et
984 3300 1087 3379 eupli
1110 3295 1146 3358 de
1163 3295 1225 3361 reh.
1251 3297 1323 3361 6661.
1350 3297 1438 3362 atleta

173 3351 175 3358 ,
256 3387 260 3396 ’
366 3377 502 3441 661666.
527 3377 602 3440 Vide
624 3380 711 3439 etiam
733 3387 825 3440 66661.
850 3383 1001 3441 Humanae
1024 3376 1133 3442 6616116
1155 3381 1215 3441 tta
1238 3381 1351 3444 Urbani
1373 3387 1441 3446 vlll

367 3461 401 3522 in
412 3459 521 3523 bullar.
539 3468 608 3522 tom.
625 3463 725 3543 ttpor.
744 3463 763 3520 11
772 3479 845 3543 pap.
862 3463 940 3537 571,
957 3461 1149 3541 ejusdemque
1161 3462 1312 3524 decretum
1327 3464 1439 3526 editum

368 3545 447 3604 die?
469 3547 549 3623 Sept.
567 3543 660 3614 1611,
680 3541 758 3620 apud
776 3543 888 3606 Girald.
903 3561 972 3625 por.
995 3545 1009 3604 1
1027 3551 1098 3605 6661.
1113 3545 1170 3607 1111
1189 3565 1264 3628 pop.
1290 3548 1368 3622 292,
1381 3565 1440 3626 qno

366 3625 479 3686 sublata
497 3631 566 3686 sunt
582 3623 736 3706 privilegia
755 3625 952 3705 regularium,
968 3624 1075 3704 quihus
1098 3634 1186 3688 antea-
1200 3647 1250 3690 ree
1267 3628 1441 3690 eeclesiasti-

365 3725 428 3776 oas,
443 3708 534 3770 inscia
544 3707 613 3766 sede
623 3705 798 3786 Apostolica,
812 3708 940 3769 alienare
949 3707 1065 3768 lioehat.

406 3787 448 3870 (l)
470 3791 534 3851 Vox
550 3787 613 3849 haee
632 3785 828 3849 eottditt'ooem
847 3791 975 3852 ooeurrit
987 3789 1020 3850 16
1032 3789 1084 3850 611.
1104 3794 1207 3874 raph
1232 3789 1269 3852 de
1291 3791 1435 3856 661666.

365 3867 473 3946 61166,
497 3879 527 3931 61
547 3887 611 3930 eam
632 3879 781 3949 tamquam
799 3871 998 3950 importunam
1013 3871 1152 3951 rejiciunt
1170 3873 1305 3954 Gujaoina
1323 3877 1434 3937 61161.

352 3954 558 4032 'augustinum
582 3952 661 4030 quod
678 3971 737 4013 non
757 3953 937 4034 intelligant,
951 3971 1021 4033 quae
1038 3955 1150 4033 species
1168 3957 1353 4018 alienationis
1365 3974 1436 4018 oon·

364 4034 437 4096 ditio
450 4035 499 4097 sit.
518 4033 576 4096 Sed
594 4041 673 4095 reete
690 4037 789 4098 lnnoe.
810 4035 945 4099 Cironius
963 4033 1157 4100 Permittite
1181 4035 1331 4102 Deserat.
1349 4036 1432 4102 ota
