3122 5170
606 453 609 462 “
710 475 715 486 ·
805 455 1025 527 -116-

318 665 322 676 ,
424 605 454 706 §.
481 605 553 676 Vll.
572 565 772 694 ¹Oblationes
801 551 927 694 omnes,
960 605 1057 676 etiam
1082 628 1158 718 quse
1186 619 1445 702 sponte‚.quae·

368 691 505 802 „que-in
537 703 659 802 capella
681 697 849 792 inferiori,¹
881 701 984 776 aliove
1008 701 1080 774 loco
1114 717 1199 774 rutra
1231 701 1310 774 finer
1339 729 1445 802 paro-

369 803 457 875 ·chiae
484 803 593 892 fiunt,
625 804 812 898 pertinenti
832 800 874 870 ad
909 800 1074 872 ecclesiam
1107 799 1341 897 parochialem,
1379 805 1444 872 nisi

375 899 468 970 aliam
500 926 566 972 esse
606 915 734 972 constet
778 898 986 971 offerentium
1020 897 1237 972 voluntatem.
1280 898 1444 972 Nimirum

375 997 489 1070 fideles
517 998 695 1072 oblationes
725 998 829 1070 facere
861 997 1013 1069 videntur
1045 1013 1182 1095 propter
1222 1024 1336 1068 curam
1368 1001 1444 1066 ani-
1531 1037 1532 1104 ἦ

285 1151 290 1160 ,
376 1121 522 1188 marum,
558 1121 656 1194 quam
696 1096 828 1167 ecelesia
858 1098 1014 1186 sustinet,
1044 1119 1120 1194 qum
1152 1097 1364 1193 prmsumptio
1390 1093 1442 1166 lo-

375 1219 450 1264 cum
478 1220 546 1266 nou
578 1193 694 1286 habet,
730 1220 805 1266 eum
839 1193 900 1264 alia
933 1192 1142 1266 offerentium
1172 1194 1322 1266 voluntas
1355 1209 1441 1292 pate·
1531 1237 1532 1258 2

375 1291 456 1364 lacta
479 1309 540 1364 est.
567 1291 662 1363 Tunc
686 1295 776 1364 enim
804 1291 983 1365 oblationes
1010 1291 1129 1364 dandae
1160 1310 1236 1364 sunt
1268 1292 1360 1381 loco,
1390 1291 1441 1362 cui
1531 1295 1532 1370 Ϊ

376 1393 447 1486 quis
472 1417 524 1462 eas
551 1389 688 1462 adscribi
713 1389 813 1463 voluit
838 1390 905 1486 (l)
938 1387 1095 1462 Similiter
1124 1389 1166 1460 ad
1194 1390 1363 1462 ecclesiam
1388 1415 1440 1486 pa

376 1487 550 1560 roobialem
578 1515 646 1561 non
675 1491 840 1585 pertinent
867 1487 1059 1578 oblationes,
1089 1513 1164 1586 quae
1194 1488 1248 1560 alii
1269 1489 1342 1562 loon
1369 1513 1442 1560 oon·

375 1586 560 1677 suetudine,
591 1585 640 1658 rel
666 1586 837 1684 privilegio
867 1585 1007 1660 addictoe
1032 1604 1121 1658 sunt.

416 1783 457 1864 (t)
481 1785 604 1846 Consule
628 1784 746 1847 Barbas.
776 1783 811 1846 de
830 1781 907 1868 offic.
929 1781 1051 1868 parocb.
1081 1805 1107 1846 e.
1134 1787 1192 1861 245
1213 1786 1294 1846 eard.
1315 1785 1354 1846 de
1368 1789 1441 1847 Luca

375 1865 531 2034 fidem
543 1865 573 1928 d.
592 1869 646 1946 19,-
660 1871 749 1948 Fagn.
766 1866 800 1928 iro
813 1886 839 1928 o.
859 1870 878 1929 9
902 1871 946 1930 Do
959 1865 1006 1931 tir
1019 1887 1087 1953 quie
1095 1861 1177 1952 fiunt
1190 1889 1208 1928 o
1219 1865 1340 1951 praelat.
1357 1887 1440 1928 oum.
1531 1929 1532 1966 ἦ

423 2130 453 2232 §.
486 2129 576 2204 Vlll.
608 2131 698 2203 Inter
727 2133 921 2204 clericorum
954 2131 1078 2204 reditus
1107 2147 1316 2204 recensentur
1346 2133 1442 2202 etiam

375 2229 615 2302 distributiones
665 2229 883 2326 quotidianae,
924 2255 999 2330 quae
1051 2229 1215 2302 debentur
1263 2232 1442 2316 monna,

374 2327 431 2424 qui
461 2327 576 2400 divinis
608 2326 721 2400 officiis
754 2331 928 2400 intersunt.
964 2327 1060 2402 Nulla
1095 2331 1185 2399 enim
1220 2344 1269 2399 est
1310 2326 1363 2397 vel
1388 2354 1443 2398 oa-

374 2425 546 2516 thedralis‚
601 2425 652 2496 vel
690 2425 854 2522 collegiata
904 2425 1054 2516 ecelesia,
1106 2451 1185 2523 quae
1232 2451 1440 2498 communem

374 2550 479 2595 arcam
513 2549 582 2597 non
612 2523 748 2612 habeat,
783 2524 871 2596 unde
894 2541 1069 2596 sumuntur
1102 2523 1173 2596 haec
1201 2525 1338 2622 praemia
1370 2547 1444 2620 qum

372 2622 504 2716 singulis
528 2621 641 2692 diebus
684 2638 783 2718 atque
809 2621 896 2694 horis
930 2621 1089 2720 adscripta
1122 2639 1218 2713 sunt,
1261 2638 1301 2692 ut
1345 2620 1442 2693 choro

374 2719 493 2791 addicti
533 2717 655 2788 facilius
696 2717 756 2789 hac
788 2718 940 2790 illecebra
974 2719 1064 2792 ducti
1093 2737 1127 2793 et
1167 2721 1373 2818 frequentius
1403 2717 1444 2790 ad

373 2817 466 2890 illum
502 2819 695 2890 conveniant
743 2815 809 2914 (l).
851 2817 927 2889 Non
974 2836 1085 2891 tamen
1121 2817 1218 2918 hujus
1289 2821 1441 2890 raesertim
1530 2901 1531 2912 ἵ

374 2916 585 2989 emolumenti
623 2919 724 3004 ratio,
759 2913 815 2986 aad
851 2917 979 3012 pietatis
1016 2917 1160 2990 studium
1188 2932 1222 2988 et
1247 2845 1443 3084 cinnamum
1530 2921 1531 2926 ’

373 3017 408 3085 in
448 3015 571 3102 Deum,
611 3013 652 3084 ad
697 3015 833 3086 chorum
867 3039 980 3086 vocare
1014 3041 1285 3114 unumquemque
1348 3013 1441 3096 ebet3

374 3138 481 3209 neque
515 3111 672 3206 effugeret
707 3115 853 3185 simoniae
891 3111 1019 3206 labem,
1053 3117 1110 3212 qui
1140 3129 1270 3184 tantum
1295 3113 1444 3185 distribu-

374 3213 501 3281 tionum
531 3211 670 3282 utilitate
698 3211 881 3282 traheretur
907 3210 973 3308 (ᾖ).

370 3349 371 3352 i
414 3385 438 3464 (l
471 3387 519 3445 lvo
534 3387 650 3445 carnot.
663 3401 708 3464 op.
726 3382 835 3446 troad
845 3382 985 3448 Posrbol.
1003 3391 1039 3446 Ρ.
1055 3403 1089 3467 p.
1104 3387 1142 3447 93
1156 3383 1203 3446 od.
1221 3386 1323 3448 Poris.

414 3385 456 3549 (di
471 3467 546 3529 Vide
556 3470 585 3528 S.
603 3465 660 3530 Th.
674 3465 706 3526 io
723 3464 887 3545 Qooodlt’bet.
904 3470 924 3530 8
937 3488 990 3552 qo.
1004 3471 1022 3532 6
1034 3477 1094 3530 ort.
1110 3471 1139 3531 l.

421 3621 451 3724 ς.
489 3621 550 3694 ΙΧ.
597 3621 748 3723 Synodus
788 3623 979 3696 Tridentino
1025 3623 1270 3698 distributiones
1319 3649 1442 3721 appro-

372 3721 429 3792 bat
461 3739 560 3818 atque
597 3748 649 3793 eas
685 3723 722 3791 in
755 3747 880 3793 morem
923 3721 1059 3820 perduci
1090 3723 1209 3823 jubet,
1244 3721 1302 3792 ubi
1342 3723 1441 3794 reteri

371 3821 519 3892 instituto
551 3839 690 3917 receptae
721 3845 790 3892 non
821 3836 941 3892 essent.
969 3819 1146 3918 Propterea
1177 3823 1309 3912 statuit,
1344 3837 1381 3891 ut
1405 3821 1441 3890 in

372 3919 495 3990 cunctis
546 3919 782 3990 cathedralibus
835 3936 868 3990 et
924 3917 1098 4016 collegiatis
1153 3919 1295 3994 ecelesiis
1347 3919 1440 3990 tertia
1529 3905 1530 3926 ¹

373 4043 447 4114 pars
478 4015 644 4092 fructuum
676 4015 878 4114 aliorumque
910 4017 1097 4111 redituum,
1132 4022 1190 4118 qui
1223 4015 1267 4088 ad
1306 4014 1437 4114 capituli
