3100 5182
795 419 991 491 ...92-

88 641 90 652 .
210 632 213 638 .
359 573 489 644 clericos
519 571 609 642 relati
640 595 707 643 non
731 572 815 659 sint,
844 569 1000 640 fruuntur
1023 581 1133 636 mmeu
1156 561 1327 662 privilegiis
1354 561 1427 634 cle·

110 659 113 670 ¹
249 699 256 746 ς
361 674 520 760 ricorum,
546 669 588 741 ob
608 668 768 768 peculiare
787 670 865 738 vitae
888 691 1012 762 genua,
1036 661 1126 762 quod
1143 661 1353 760 profitentur.

296 963 299 970 ,
402 890 444 970 (7)
467 893 540 952 Con.
558 893 576 952 7
591 909 674 952 casas.
696 891 734 952 77
754 897 858 974 quaest.
879 890 909 950 7.
937 886 1065 969 Negligit
1084 903 1163 946 nune
1184 887 1237 948 tus
1254 879 1426 977 canonicum

323 993 325 998 ·
363 991 506 1034 summam
529 973 608 1034 illam
624 991 813 1052 personarum
837 971 1027 1046 divisionem,
1051 987 1139 1047 quam
1163 967 1298 1046 proponit
1318 963 1428 1026 Tribo-

363 1053 679 1136 nianus§.l.1natit.
706 1053 741 1116 dc
762 1053 829 1136 jur.
854 1071 1026 1136 personna,
1056 1049 1133 1128 quod
1159 1047 1299 1108 nimirum
1319 1061 1429 1141 'omnes

365 1135 497 1198 homiues
523 1145 574 1198 aut
594 1135 679 1197 liberi
697 1145 780 1212 sunt,
799 1143 849 1196 aut
872 1137 965 1210 servi3
991 1131 1126 1195 aedolim
1144 1149 1210 1191 suos
1228 1129 1429 1189 7771777777-

365 1237 415 1280 vos
439 1218 556 1294 babuit,
581 1237 707 1298 quorum
727 1218 837 1278 mentio
861 1225 904 1278 est
922 1218 952 1277 in
978 1213 1104 1279 Concilio
1131 1211 1288 1292 agathensi
1312 1227 1380 1270 oco.
1407 1208 1428 1302 7

322 1327 324 1334 2
364 1300 441 1379 apud
464 1299 610 1362 labbeum
634 1297 744 1362 collect.
770 1297 874 1362 777777.
900 1307 969 1360 7777.
1001 1299 1018 1360 7
1045 1293 1098 1358 777.
1122 1297 1195 1370 7777,
1225 1291 1429 1354 aurelianensi

365 1385 405 1443 lV
420 1401 486 1442 can.
505 1384 523 1442 0
546 1379 600 1444 777.
623 1385 719 1460 7567,
739 1381 911 1444 Emeritensi
938 1399 1003 1442 can.
1025 1379 1065 1438 70
1080 1374 1136 1439 ool.
1158 1378 1216 1438 777
1236 1382 1305 1435 tom.
1326 1374 1361 1449 7,
1381 1371 1429 1431 77-

365 1463 462 1541 cisque
478 1463 542 1524 aliis
565 1465 644 1524 etin
670 1464 861 1525 decretalibus
880 1483 946 1546 cap.
967 1464 985 1524 5
1004 1469 1030 1522 77
1048 1463 1067 1521 7
1085 1459 1121 1522 777
1141 1478 1199 1520 rcr.
1221 1462 1351 1539 7777777.
1370 1455 1431 1515 lio·

365 1537 457 1604 elesiae
476 1563 574 1606 servos
591 1546 814 1607 manumittebat
829 1545 980 1626 prelatus,
1000 1551 1147 1620 tamquam
1166 1546 1351 1620 procurator,
1366 1553 1429 1596 uon
1547 1605 1548 1610 η

365 1635 510 1704 tamquam
527 1627 677 1704 domiuus3
694 1629 830 1706 quoniam
849 1627 1012 1688 dominium
1029 1624 1153 1684 ecclesia
1173 1629 1235 1683 erat
1254 1619 1425 1699 proprium,

365 1725 456 1786 eaque
479 1709 587 1770 ideirco
610 1710 823 1771 manumittens
845 1709 953 1770 dicitur
969 1707 1000 1767 iu
1018 1725 1083 1788 cop.
1110 1708 1129 1766 7
1151 1702 1186 1764 77
1200 1722 1278 1766 aera.
1298 1719 1357 1762 777
1373 1715 1430 1794 77-

364 1787 446 1866 dim,
471 1791 539 1867 quia
567 1791 706 1850 nimirum
735 1791 796 1868 ejus
825 1791 995 1850 auctoritate
1016 1787 1203 1849 manumissio
1229 1783 1331 1859 fiebat,
1360 1781 1431 1840 boet

365 1877 445 1930 actus
462 1871 524 1949 ipae
544 1871 777 1932 manumissionis
794 1871 831 1932 ab
849 1871 981 1950 episcopo
1002 1875 1200 1951 perageretur.
1225 1871 1306 1929 tusca
1329 1873 1431 1925 autem

365 1969 448 2012 causa
475 1970 547 2031 opus
568 1961 645 2028 erat,
668 1961 701 2013 ut
723 1961 801 2014 recte
825 1953 951 2014 ecclesiae
978 1953 1053 2012 servi
1081 1949 1371 2023 manumitterentur,
1399 1952 1432 2005 et

366 2033 428 2094 sine
444 2033 497 2092 bac
514 2053 597 2095 eausa
612 2035 780 2095 manumissi
800 2035 830 2096 in
853 2035 1024 2096 servitutem
1045 2031 1269 2101 revocabantur,
1294 2047 1332 2090 ne
1355 2026 1432 2107 quid

366 2115 483 2175 ecclesia
499 2124 614 2196 caperet
631 2115 810 2178 detrimenti.
831 2117 990 2180 Concilium
1016 2115 1184 2196 Hispalense
1204 2116 1217 2174 1
1235 2131 1302 2194 cop.
1324 2115 1338 2173 7
1359 2121 1389 2174 77
1410 2111 1432 2172 7

367 2203 436 2257 tarra.
455 2199 473 2256 6
491 2195 594 2259 conci.
615 2195 725 2260 7777777.
744 2196 836 2260 babai
858 2195 914 2261 col.
931 2195 1030 2274 7575,
1050 2205 1079 2257 et
1102 2196 1280 2258 Emeriteuse
1303 2213 1369 2256 ean.
1388 2193 1432 2254 70

249 2330 255 2340 ,
366 2275 421 2340 777.
442 2280 501 2340 777
522 2289 591 2372 tons.
618 2281 647 2340 7.
669 2281 800 2342 Ecclesiae
826 2283 902 2342 servi
926 2277 1071 2342 debebant
1091 2296 1195 2358 operas
1231 2285 1319 2354 atque
1345 2275 1432 2338 obae-

366 2360 469 2439 quium
487 2362 627 2437 ecelesias,
647 2381 737 2440 aqua
754 2363 923 2424 manumissi
941 2363 1071 2436 fuerant,
1097 2362 1139 2422 uti
1162 2358 1284 2438 quilibet
1305 2357 1433 2420 libertus

366 2449 488 2519 patrono
507 2461 574 2518 suo,
588 2450 618 2502 et
631 2441 690 2504 hue
705 2443 893 2505 referendum
911 2452 954 2504 est
975 2441 1129 2505 concilium
1148 2441 1354 2504 Aurelianense
1371 2442 1430 2520 iv,

367 2518 422 2583 777.
440 2525 518 2584 root
531 2533 600 2586 tom.
619 2524 714 2603 tait,
731 2533 760 2586 et
771 2527 950 2588 Emeritense
963 2545 1029 2588 oon.
1046 2521 1154 2586 70777.
1172 2525 1230 2586 777
1247 2523 1296 2585 ait.
1315 2533 1383 2586 tom.
1398 2525 1429 2604 7,

323 2653 326 2660 .
367 2622 435 2666 oum
452 2604 483 2666 bi
499 2605 597 2668 liberti
612 2605 650 2668 ab
665 2607 791 2668 ecclesie
806 2607 986 2690 patrocinio,
1007 2614 1057 2668 aut
1080 2601 1174 2688 officio
1194 2605 1343 2668 discedere
1358 2623 1436 2686 pro-
1548 2647 1549 2656 .

368 2681 517 2750 hibentur.
538 2689 615 2766 Quin
638 2689 712 2750 illud
734 2691 879 2768 peculiare
900 2698 963 2752 emt
983 2690 1014 2750 in
1038 2687 1163 2748 ecclesiae
1186 2688 1291 2764 servis,
1316 2696 1435 2751 utnon

367 2769 454 2830 modo
472 2771 542 2850 ipsi,
562 2771 613 2850 qui
630 2771 800 2833 manumissi
821 2773 954 2848 fuerant,
970 2771 1124 2833 sedetiam
1139 2787 1240 2830 eorum
1255 2769 1355 2846 liberi,
1375 2770 1434 2832 sub

368 2851 493 2914 77777777
508 2853 667 2932 patrocinio
681 2873 743 2914 esse
753 2853 910 2930 deberent;
925 2853 1078 2916 concilium
1090 2851 1261 2914 Toletanum
1275 2855 1314 2914 777
1328 2870 1397 2913 777.
1413 2853 1434 2915 6

369 2933 448 3011 apud
462 2935 610 2995 baluzium
626 2932 679 2996 777.
703 2935 752 2996 777.
779 2933 833 2997 ool.
860 2937 935 3013 700,
960 2944 989 2996 77
1009 2935 1187 2997 Emeritense
1209 2933 1256 2996 cit.
1283 2951 1351 2994 oon.
1377 2935 1432 2997 70.

368 3017 444 3076 Ante
466 3023 580 3076 atatam
600 3017 693 3078 Caroli
715 3019 756 3078 77.
778 3018 885 3096 triplex
905 3025 968 3079 arat
988 3015 1212 3078 manumittendi
1236 3015 1357 3091 modus,
1381 3025 1437 3078 aut

368 3113 465 3156 coram
492 3098 623 3176 principe
644 3117 700 3180 per
722 3095 894 3178 7777777777,
923 3100 1027 3161 autin
1058 3098 1174 3160 ecelesia
1198 3117 1254 3181 per
1278 3095 1431 3177 77777777,

370 3195 421 3238 seu
444 3175 590 3256 tabulam,
617 3181 775 3241 autetiam
799 3199 855 3264 per
877 3181 1032 3264 privatam
1055 3177 1218 3262 epistolam.
1245 3181 1436 3242 bianumiasio

367 3277 422 3340 per
436 3257 593 3322 (7777νί7777
610 3261 642 3321 77
661 3280 695 3322 eo
710 3270 772 3322 erat
788 3265 895 3344 posita,
915 3273 948 3325 ut
966 3280 1066 3325 servus
1093 3281 1181 3324 manu
1205 3270 1318 3322 teneret
1341 3261 1436 3324 dena·

368 3341 461 3418 rium,
484 3363 571 3421 quem
590 3343 724 3421 princeps
740 3345 866 3423 jactabat
887 3355 974 3424 atque
994 3343 1173 3422 excutiebat,
1199 3345 1241 3403 uti
1265 3343 1354 3406 habat
1380 3363 1436 3405 ve·

370 3433 418 3482 tus
433 3423 552 3504 hujusne
567 3425 800 3488 manumissionis
815 3427 938 3494 formula
953 3425 1031 3506 apud
1053 3425 1200 3488 Pitboeum
1223 3421 1355 3487 Formati.
1375 3445 1438 3487 on-

371 3504 470 3646 tquit.
488 3507 519 3565 in
532 3503 622 3568 codic.
638 3525 743 3568 canon.
759 3517 848 3570 ceter.
864 3507 959 3572 777777.
976 3511 1119 3586 Romen,
1135 3525 1219 3570 num.
1240 3511 1342 3592 lpuq.
1358 3509 1434 3584 757,

371 3605 385 3646 e
408 3585 441 3648 it.
468 3589 570 3650 Paria.
597 3589 689 3666 7087,
718 3598 747 3649 et
768 3591 799 3650 in
823 3589 917 3654 Gloas.
937 3593 1007 3674 tay.
1032 3588 1120 3653 Solio.
1147 3590 1191 3653 tit.
1215 3591 1270 3666 78,
1296 3599 1359 3670 post
1375 3593 1438 3652 Ba-

370 3667 480 3732 lunium
506 3667 672 3754 Capitulum
690 3689 751 3754 rep.
776 3673 900 3751 Fauno,
929 3683 998 3736 tom.
1019 3675 1038 3736 7
1059 3669 1114 3736 777.
1140 3673 1200 3736 777
1238 3671 1309 3734 ertit.
1331 3675 1435 3737 Venct.

374 3753 465 3830 aras,
494 3760 522 3814 a
546 3751 718 3833 nigrontum
745 3753 782 3814 aa
802 3757 973 3816 nuscanum
995 3755 1057 3818 eoa.
1084 3753 1137 3818 77.
1167 3718 1219 3817 ool.
1244 3757 1317 3835 ou,
1346 3763 1441 3834 auus

372 3834 414 3894 uti
438 3843 547 3897 constat
571 3853 606 3895 ex
627 3835 765 3896 Marcullo
790 3835 961 3898 Forannlor.
986 3835 1035 3900 lib.
1063 3839 1077 3898 7
1103 3857 1169 3919 cop.
1196 3837 1251 3914 77,
1274 3845 1303 3898 77
1327 3838 1360 3900 in
1377 3856 1440 3920 op-

370 3917 486 3997 peodio.
514 3933 579 4000 cop.
608 3917 661 3992 77,
686 3916 763 3995 apud
788 3919 923 3980 eumdem
951 3921 1099 3982 Baluzium
1121 3915 1176 3980 loc.
1194 3917 1241 3979 eit.
1273 3916 1328 3981 col.
1355 3921 1436 3998 767,

372 4007 401 4059 et
425 4003 499 4080 500,
527 4001 576 4062 ubi
601 4006 777 4081 preceptum
811 4009 841 4062 et
866 4001 965 4064 oborta
993 4001 1148 4064 denarialis
1169 4002 1306 4064 occurrit.
1335 4005 1439 4066 Genus
