3100 5182
507 523 554 538 --
583 483 647 554 l7l
677 527 726 542 -

121 633 159 734 ς.
187 629 345 706 XXVII.
387 629 482 702 Solus
503 629 652 704 Pontifex
680 649 767 704 creat
796 633 984 708 cardinales.
1021 635 1143 712 Eorum

71 757 198 804 munus
244 746 311 821 est,
340 733 395 800 ¹uti
421 728 580 821 diximus,
622 731 755 802 consilio
795 734 908 830 jurare
942 733 1144 810 ¹Pontificem

72 857 136 928 pro
184 830 274 901 bono
318 827 499 900 christianae
556 831 602 900 rei
626 828 763 920 ublicae,
811 831 975 902 ecclesiam
1014 859 1144 928 regere,

72 930 184 1001 donec
215 931 284 1024 ipsa
305 926 365 998 illo
396 941 505 1016 caret,
547 953 561 998 s
627 931 734 1023 agium
764 929 849 1000 serre
895 931 930 999 in
970 929 1145 1025 electione,

72 1053 153 1125 quae
178 1025 220 1096 ab
253 1029 331 1123 ipsis
360 1039 487 1095 tantum
510 1025 701 1122 perficitur,
728 1029 847 1098 summi
876 1025 1042 1100 Pontificis
1066 1032 1144 1130 (1),

73 1125 168 1222 quod
193 1127 249 1220 jus
274 1151 344 1196 non
384 1121 505 1192 habent
537 1123 731 1214 cardinales,
772 1129 833 1196 nisi
858 1123 1044 1202 diaconatus
1088 1156 1147 1202 or·

73 1225 191 1294 dinem
223 1224 426 1320 acceperint,
465 1236 521 1292 aut
554 1225 636 1294 'eam
670 1221 853 1296 facultatem
892 1228 1085 1298 nominatim
1128 1258 1146 1300 a

74 1320 243 1393 Pantilioe
279 1322 536 1418 impetraverint.
586 1319 690 1392 Suum
731 1347 807 1394 vero
859 1349 979 1394 munus
1017 1351 1054 1396 ex
1079 1326 1149 1398 lent

73 1419 257 1490 cardinales
285 1421 397 1490 autin
435 1419 621 1491 consistorio
661 1417 714 1516 (ᾖ)
756 1444 864 1490 coram
893 1445 1034 1496 summo,
1055 1353 1149 1496 l'on-

73 1518 187 1604 tifice,
227 1534 280 1588 aut
303 1521 339 1588 in
367 1516 692 1610 congregationibus,
734 1519 792 1612 qui
833 1531 935 1586 coetus
974 1535 1050 1612 sunt
1077 1547 1150 1592 car-

74 1615 245 1686 dinalium
273 1612 524 1686 aPontificibus
564 1617 704 1684 instituti
735 1613 776 1684 ad
815 1629 900 1685 certa
930 1619 1058 1709 negotia
1090 1644 1150 1690 cu·

77 1711 213 1801 rande,
248 1712 439 1785 discutienda
470 1738 507 1783 ac
532 1711 731 1782 delinienda.
766 1711 889 1784 Harum
921 1714 1053 1808 singulis
1080 1719 1150 1786 sin-

76 1810 155 1905 guli
206 1809 424 1907 praeficiuntur
475 1809 669 1899 cardinales,
721 1827 853 1908 excepta
901 1816 1149 1908 congregatione

75 1911 313 2005 inquisitionis,
348 1912 439 2008 cujus
470 1935 616 1980 summus
649 1907 799 1981 Pontifex
842 1908 901 1980 sibi
927 1928 1030 1982 servat
1057 1938 1146 2008 prae-

78 2007 250 2078 lecturam.
283 2009 403 2078 Earum
442 2005 514 2080 aliae
554 2022 631 2078 sunt
674 2007 869 2096 ordinariae,
910 2034 986 2104 quae
1029 2011 1148 2082 scilicet

76 2122 238 2202 perpetuo
291 2123 368 2176 sunt
423 2104 560 2176 addictae
599 2107 694 2176 certis
738 2108 874 2201 negotiis
917 2107 1144 2203 expediendis,

76 2201 153 2274 alise
180 2203 455 2294 extraordinariae,
508 2227 557 2274 uas
585 2227 646 2300 pro
671 2205 765 2274 certis
799 2203 895 2274 rebus
921 2221 1039 2301 praeter
1065 2231 1146 2278 con-

76 2301 284 2374 suetudinem
317 2301 416 2374 indici
457 2230 581 2390 solent,
623 2301 741 2398 quibus
770 2300 923 2374 absolutis
958 2303 1145 2376 dissolvun-

79 2417 145 2470 tur.

117 2595 160 2678 (l)
182 2596 299 2658 videsis
335 2597 529 2660 Mamachium
552 2594 592 2657 od
615 2597 734 2658 Auctor.
760 2615 846 2679 opus.
870 2595 948 2674 Quid
975 2607 1017 2660 est
1041 2601 1144 2682 Papo?

78 2679 161 2759 epa'st.
179 2677 196 2738 7
210 2697 294 2740 nam.
311 2681 330 2739 l
344 2687 414 2740 torn.
426 2682 522 2761 apsa.
538 2680 597 2740 tte
611 2687 709 2762 etseq.

118 2861 161 2942 (ἢ)
183 2861 351 2923 consistorii
369 2879 476 2922 nomen
502 2861 533 2921 in
556 2878 589 2920 re
610 2861 687 2923 cirili
713 2859 858 2942 significat
877 2859 1042 2940 principum
1065 2881 1143 2924 sena·

79 2951 156 3018 tum3
178 2941 230 3002 sed
254 2942 342 3002 bodie
364 2961 398 3004 eo
418 2943 537 3004 nomine
557 2943 815 3022 comprehenditur
838 2959 987 3004 consessus
1010 2943 1144 3006 cardina·

81 3024 168 3101 lium,
189 3025 239 3103 qui
267 3026 298 3084 in
315 3025 390 3086 urbe
406 3034 489 3101 sunt,
509 3043 605 3086 coram
624 3043 738 3086 summo
756 3023 907 3087 Pontifice.
934 3027 1143 3088 Consistorium

81 3107 123 3165 rel
146 3113 294 3167 semetum
316 3117 374 3185 ast,
398 3107 443 3168 vet
469 3107 633 3186 publicam3
659 3115 769 3170 secreto
792 3107 953 3168 cardinales
977 3127 1044 3170 cum
1069 3112 1141 3171 Pon·

81 3187 156 3250 tiliae
170 3189 334 3267 intersunt,
349 3191 385 3251 ad
400 3189 547 3270 publicum
561 3189 625 3250 aliis
638 3191 725 3249 etiam
740 3189 836 3250 aditus
848 3197 939 3268 patet.

126 3369 155 3470 S.
185 3369 350 3442 XXVlll.
378 3369 507 3441 Habent
530 3387 638 3442 autem
674 3367 852 3440 cardinales
882 3373 918 3440 in
949 3373 1013 3440 suis
1040 3371 1142 3444 titulis

83 3469 220 3565 amplam
241 3467 500 3566 jurisdictionem
531 3472 564 3538 in
596 3471 652 3557 iis,
696 3493 770 3566 quae
814 3467 855 3538 ad
881 3493 992 3538 earum
1036 3469 1141 3542 eccle-

81 3567 195 3638 siaram
223 3567 389 3638 servitium
417 3569 584 3664 pertinent
622 3565 688 3662 (l),
722 3581 755 3637 et
775 3569 1054 3664 incompatibilia
1086 3594 1142 3640 re-

80 3666 184 3736 tinent
214 3663 393 3754 beneficia,
425 3690 498 3762 quae
530 3665 647 3737 decent
688 3689 801 3736 eorum
840 3664 1030 3764 dignitatem
1066 3666 1139 3763 (ἓ),

79 3779 110 3832 et
136 3778 369 3835 tastamentum
410 3763 557 3834 condunt
598 3789 658 3860 per
703 3765 861 3860 privatam
902 3763 1138 3862 syngrapham,

79 3863 178 3932 missis
202 3860 363 3951 testibus,
392 3887 473 3957 quos
505 3861 562 3931 lus
592 3860 684 3931 civile
715 3859 875 3932 desiderat
894 3861 966 3958 (5);
999 3860 1141 3956 denique

78 3984 188 4030 eorum
215 3961 484 4056 familior-ium,
518 3975 555 4030 ut
585 3974 720 4048 vocant,
747 3941 901 4030 beneficia
932 3961 1003 4055 quis
1032 3961 1076 4026 im
1101 3981 1140 4027 e·

79 4071 160 4130 trare
190 4083 262 4130 nou
288 4073 412 4154 potest,
447 4059 507 4128 nisi
542 4061 685 4154 ipsorum
716 4082 887 4129 consensus
910 4055 1039 4126 accedat
1070 3983 1135 4153 dl).
1183 4103 1186 4106 -
