3164 5174
538 505 683 576 -285
711 546 759 560 -

118 656 204 724 misit
233 653 316 724 iutra
347 667 479 749 tempus
507 655 678 724 vacationis
718 669 751 724 et
792 655 1003 725 concessionis
1041 653 1178 726 aliorum

117 751 403 849 incompatibilium
434 749 679 822 beneficiorum.
709 752 750 822 lu
778 749 823 820 lv
855 767 1060 823 reservantur
1076 755 1183 852 majo-

117 876 169 922 res
189 849 357 946 dignitates
417 865 447 918 st
467 847 674 921 Pontificales
696 852 732 920 in
752 848 891 920 ecclesiis
920 849 1178 941 cathedralibus,

119 965 153 1018 et
174 951 271 1045 princi
389 949 537 1042 'gnitates
563 949 597 1018 in
629 948 767 1020 ecclesiis
797 946 971 1044 collegiatis
992 948 1183 1021 excedentes

118 1045 233 1118 reditus
265 974 380 1118 ἔξω
401 1047 602 1118 florenorum
623 1049 793 1137 auri,non
818 1046 952 1143 quidem
974 1071 1106 1138 omnes,
1124 1047 1181 1118 sed

118 1170 189 1241 que
214 1148 318 1241 prima
347 1147 401 1235 sit,
431 1147 497 1216 sire
529 1143 722 1236 decanatus,
762 1147 829 1216 sire
860 1148 1092 1242 praepositura,
1116 1148 1183 1216 sive

117 1241 178 1314 alio
201 1247 314 1340 quovis
330 1245 465 1314 nomine
490 1241 694 1342 appelletur,
723 1259 879 1340 praeterea
911 1241 1083 1338 dignitates
1105 1269 1183 1316 con-

118 1342 276 1413 ventuales
299 1341 482 1435 regulares,
503 1365 577 1438 quae
604 1342 640 1411 in
658 1340 885 1414 commendam
913 1339 1032 1411 dantur
1053 1359 1087 1412 et
1101 1367 1183 1438 per-

116 1455 219 1534 petuae
239 1455 337 1528 sunt3
366 1441 588 1538 praeceptoriae
614 1443 803 1535 quorumvis
823 1439 977 1510 ordinum
1009 1464 1077 1509 non
1091 1439 1182 1510 mili·
1284 1470 1287 1478 ⁴

115 1539 249 1624 tarium,
274 1537 418 1636 denique
447 1535 602 1609 beneficia
620 1537 832 1609 cardinalium
848 1537 902 1634 (l)
931 1553 1095 1608 eteorum
1123 1539 1180 1634 qui

110 1635 167 1705 rel
202 1662 327 1708 summo
366 1635 542 1727 Pontifici,
573 1635 624 1709 rel
655 1639 731 1734 ipsis
764 1633 979 1708 cardinalibus
1011 1633 1181 1708 familiares

114 1733 234 1804 famuli
249 1733 377 1806 fuerint.

156 1927 200 2011 (a)
220 1929 292 1992 vioe
312 1932 548 1992 constitutionem
573 1932 643 1996 tutu
668 1935 725 2008 111,
755 1919 864 1994 aarum
895 1929 943 1992 oe
966 1933 1004 1992 ra
1034 1929 1178 1992 oceno.

112 2031 187 2072 unu.
209 2013 286 2074 1555
306 2015 475 2092 impressam
500 2022 565 2093 post
587 2013 649 2093 ejus
673 2014 789 2096 regulas
812 2013 989 2075 cancellarie
1011 2032 1068 2092 qua
1085 2013 1182 2074 docla-

111 2097 405 2240 ffir‘rlnoeztsgnetiam
421 2097 581 2158 cardinales
604 2105 752 2175 tamquam
776 2095 926 2160 Pontifieis
944 2095 1100 2156 familiares
1128 2097 1181 2158 ha·

157 2357 189 2459 ς.
234 2359 412 2431 XXXVI.
452 2361 491 2432 ln
519 2359 551 2430 V
579 2363 687 2432 omnia
712 2359 869 2432 beneficia
909 2359 1120 2432 collectorum
1148 2377 1182 2430 et

108 2457 385 2530 subcollectorum
409 2459 575 2531 fructuum
593 2485 729 2531 camerae
745 2457 948 2557 Apostolicae.
972 2457 1011 2529 ln
1039 2457 1085 2527 vl
1108 2484 1183 2530 om-

104 2560 162 2627 nia
194 2556 355 2628 beneficia
382 2557 549 2629 curialium
589 2559 624 2627 in
654 2559 770 2628 itinere
814 2557 1063 2644 decedentium,
1100 2556 1181 2626 dum

104 2657 198 2728 coria
213 2655 418 2727 transfertur.
446 2655 485 2727 ln
507 2654 570 2726 Vll
585 2653 741 2726 beneficia
757 2658 866 2726 omnia
888 2653 1180 2744 cubiculariorum,

104 2769 211 2849 atque
237 2778 405 2824 cursorum
421 2757 544 2826 summi
568 2753 750 2825 Pontificis.
781 2753 824 2826 Iu
848 2751 927 2824 Vlll
954 2753 1179 2840 canonicatus,

102 2849 320 2950 praebendae,
354 2851 545 2946 dignitates,
578 2869 782 2949 personatus,
808 2849 927 2940 officia,
953 2875 1027 2948 quat
1046 2866 1123 2920 suut
1147 2851 1183 2920 iu

102 2951 216 3022 tribus
229 2949 320 3020 urbis
329 2950 465 3022 ecclesiis
473 2953 573 3022 sancti
583 2949 716 3022 loannis
726 2950 962 3039 Lateranensis,
979 2951 1079 3020 sancti
1092 2947 1181 3018 Petri

101 3054 140 3120 in
156 3048 323 3119 Vaticano
342 3063 376 3119 et
405 3066 523 3122 sanctae
537 3047 649 3122 Mariae
667 3047 798 3148 Majoris
809 3049 884 3146 (l),
916 3052 1062 3144 itemque
1076 3046 1182 3118 bene·

102 3147 203 3239 licia,
228 3172 323 3244 quae,
342 3145 525 3220 absentibus
541 3146 773 3238 cardinalibus,
791 3149 955 3219 incorum
971 3145 1072 3217 titulis
1088 3169 1184 3215 raca-

103 3249 238 3318 verint.

146 3445 193 3528 (l)
216 3445 332 3505 Verum
355 3443 456 3525 regula
479 3443 543 3505 buc
564 3461 623 3505 non
645 3440 868 3524 comprehendit
892 3441 1005 3502 minora
1023 3439 1182 3518 beneficia,

101 3544 245 3609 qnorum
264 3525 377 3586 collatio
399 3526 559 3606 privilegiis
582 3537 764 3586 summorum
788 3522 962 3586 Pontificum
986 3523 1023 3584 ad
1050 3524 1184 3584 medina-

100 3615 149 3672 las
163 3607 453 3687 archipresbyteros,
479 3629 495 3668 a
550 3625 566 3668 e
592 3608 629 3669 ad
657 3608 781 3687 capitula
807 3607 950 3686 pertinet,
980 3607 1023 3666 uti
1051 3607 1184 3667 observat

101 3691 272 3774 fligantius
283 3688 324 3750 ud
337 3689 433 3752 eamd.
532 3687 619 3772 cm§.
636 3691 650 3750 l
666 3709 750 3752 oum.
766 3691 804 3750 15
819 3697 918 3772 etseq.

153 3887 191 3989 ς.
224 3885 388 3958 XXXVII
429 3887 577 3985 Denique
595 3890 632 3958 in
648 3887 701 3959 IX
715 3887 826 3982 regula
846 3901 1050 3958 reservantur
1065 3897 1182 3954 cuncta

99 3984 297 4077 beneficia,
327 4009 401 4082 quae
440 3988 620 4056 vacaverint
656 3987 688 4056 in
723 4000 795 4058 octo
833 3982 997 4055 mensibus
1024 3980 1183 4079 januarii,

97 4084 293 4174 sebnrarii,
330 4082 455 4181 aprilis,
500 4086 596 4176 maii,
627 4083 720 4182 julii,
754 4085 899 4179 augusti,
932 4079 1091 4170 octobris,
1126 4102 1184 4150 no·
