3122 5178
547 495 744 588 *tc-4

107 657 1177 823 masma·talamumattitulat:

107 828 209 884 &num
233 821 270 882 de
285 819 339 883 loe.
359 819 497 905 Theolop.
515 821 566 884 lah.
580 826 598 884 5
612 843 677 908 cap.
694 827 724 902 ὅ,
740 827 941 886 coustantium
959 827 990 888 iu
1000 825 1123 910 praefat.
1138 827 1180 888 cd

105 907 325 1046 cattus
342 903 1076 1068 lautaatatattractttttmt
1089 917 1179 1069 {tu

105 1068 209 1146 abipsa
234 1067 346 1128 Christi
363 1075 392 1126 ct
410 1069 607 1145 apostulorum
627 1071 767 1130 memoria
781 1072 904 1148 repetit,
925 1089 1072 1150 quamque
1094 1089 1179 1152 egre-

104 1149 145 1226 gie
155 1157 265 1227 praeter
275 1157 389 1208 ceteros
401 1149 557 1208 illustravit
569 1151 740 1211 Emmanuel
752 1150 957 1214 schelstratius
968 1153 1107 1231 peculiari
1122 1153 1179 1214 dis·

105 1231 255 1290 mationa
272 1234 318 1290 Dc
333 1227 493 1310 disciplina
511 1231 625 1292 arcani.

146 1357 177 1456 ἦ.
205 1356 361 1428 ΧῘΝΙΙΙ.
381 1357 531 1430 Traditio
545 1357 596 1430 vel
615 1359 743 1450 diviua,
762 1359 812 1430 vel
825 1359 969 1430 humana
983 1377 1043 1431 est.
1063 1361 1179 1432 Divina

103 1473 265 1527 auctorem
310 1455 409 1526 habet
458 1457 565 1526 Deum
607 1459 737 1554 ipsum,
786 1455 929 1527 humana
973 1457 1179 1529 ecclesiarum

106 1569 263 1640 rectores,
286 1551 347 1622 hoc
372 1569 422 1624 est
452 1553 632 1648 apostolos,
660 1553 711 1624 vel
732 1578 848 1623 eorum
876 1579 1070 1624 successores
1091 1559 1181 1650 epis·

104 1675 226 1744 copon,
253 1649 367 1744 quihus
393 1649 517 1748 placuit
544 1651 703 1722 nonnulla
727 1649 904 1722 decernere
930 1675 1005 1720 socc
1031 1665 1065 1719 et
1093 1676 1181 1748 prae·

105 1746 268 1816 dicationc
292 1746 355 1842 (i)
386 1747 473 1818 Hinc
499 1747 643 1817 humana
672 1747 806 1818 traditio
831 1747 883 1818 vel
905 1747 1098 1844 apostolica,
1131 1747 1181 1816 vel

105 1842 310 1914 ecclesiastiea
336 1843 540 1941 appellatur,
565 1861 666 1942 prout
692 1845 733 1914 ab
758 1844 930 1942 apostolis,
955 1843 1006 1914 vel
1032 1843 1073 1914 ab
1094 1847 1181 1940 epis-

106 1943 190 2036 copis
220 1941 453 2036 proficiscitur.

141 2087 182 2167 (li
202 2087 288 2148 ldnlti
303 2096 389 2162 sunt,
403 2089 453 2166 qui
467 2088 639 2168 apostolicas
651 2088 825 2149 traditiones
850 2089 881 2148 in
896 2085 1179 2169 marcowaldum,

107 2177 132 2227 et
154 2165 452 2250 diviua-apostolicus
474 2169 648 2230 dividendas
673 2178 795 2248 putant;
824 2169 888 2229 illas
908 2179 1027 2244 vocant,
1051 2187 1117 2246 qum
1145 2169 1182 2228 ah

106 2251 253 2326 apostolis,
281 2260 430 2326 tamquam
446 2251 633 2310 eeclesiarum
647 2251 828 2326 rectoribus,
854 2251 998 2330 originem
1026 2257 1179 2327 repetunt,

107 2331 285 2402 bassanus,
298 2350 364 2408 quac
385 2351 400 2390 a
415 2332 533 2394 Christo
547 2331 715 2392 immediato
727 2331 879 2411 apostolis,
895 2331 932 2390 ab
947 2331 993 2390 his
1008 2349 1077 2390 vero
1093 2329 1182 2389 ecele-

107 2413 152 2471 siae
167 2413 233 2472 riva
248 2431 320 2472 voce
335 2412 502 2488 damasum,
520 2423 607 2491 atque
621 2413 658 2474 nd
672 2431 725 2472 nos
740 2431 832 2490 usquc
847 2413 1033 2488 transmissa.
1048 2411 1105 2474 Sed
1121 2409 1184 2470 hacc

107 2493 208 2554 divisio
220 2503 374 2568 naturam,
388 2503 476 2572 utque
490 2495 634 2575 originem
657 2493 811 2554 confundit
825 2493 990 2554 traditionis
1003 2511 1069 2552 cum
1081 2491 1181 2566 modo,

107 2593 154 2652 per
166 2593 257 2653 quem
285 2593 316 2632 ea
332 2585 519 2656 propagatur.
537 2575 688 2654 Quidquid
711 2593 726 2634 a
750 2579 811 2636 Deo
827 2575 957 2654 procedit
972 2573 1105 2634 divinum
1120 2581 1180 2646 est,

106 2674 198 2732 neque
221 2657 381 2716 discrimen
395 2657 514 2735 aliquod
538 2657 678 2717 inducere
690 2663 784 2734 potest
798 2657 917 2730 modus,
934 2673 992 2733 quo
1012 2655 1049 2714 ad
1064 2672 1116 2714 nos
1131 2653 1184 2712 dc-

107 2737 192 2796 latum
204 2745 266 2812 est,
282 2755 348 2796 cum
363 2737 425 2816 ejus
445 2739 591 2819 originem
616 2737 746 2798 divinam
758 2755 820 2796 esse
841 2744 964 2796 constat.
978 2739 1075 2810 Quare
1088 2735 1184 2794 omnis

107 2819 238 2894 traditio,
254 2837 344 2896 quam
363 2819 485 2896 apostoli
501 2820 609 2880 Christi
624 2837 690 2895 ore,
704 2826 755 2878 aut
766 2817 877 2896 Spiritu
891 2820 921 2876 S.
940 2816 1068 2875 dictante
1083 2833 1184 2892 acecp-

108 2909 161 2959 tam
175 2899 215 2959 ad
239 2919 296 2959 nos
311 2901 537 2960 trarumiscrunt
547 2910 580 2960 ut
594 2899 702 2962 Christi
716 2917 884 2978 precones,
900 2903 929 2956 ct
943 2895 1051 2957 Christi
1067 2896 1185 2954 nomine

107 2981 257 3058 loquentes
267 2981 367 3041 diviua
382 2981 485 3040 haberi
501 2981 599 3042 dehet.
613 2983 654 3043 Ac
668 2981 692 3042 si
703 2981 789 3039 aliam
804 2979 997 3039 traditionum
1012 2976 1184 3036 divisionem

107 3061 228 3122 educere
255 3062 380 3120 velimus
407 3079 443 3122 ex
457 3061 561 3137 modo,
582 3081 640 3140 quo
654 3081 686 3122 ca
701 3069 895 3142 propagatur,
911 3059 998 3118 etiam
1015 3057 1185 3116 traditiones

109 3143 312 3202 ecclcsiasticas
341 3139 661 3205 diuinoccclcsiasticas
689 3141 915 3221 appellabimus,
948 3137 1184 3217 quandoquidem

109 3225 190 3284 etiam
204 3223 326 3284 ecelesia
347 3223 461 3284 divinas
476 3224 650 3284 traditiones
663 3222 700 3284 ad
715 3241 768 3284 nos
793 3221 976 3282 transmittit.

151 3377 181 3478 §.
210 3377 337 3447 xllx.
363 3377 453 3448 lnter
481 3376 605 3448 divinas
637 3391 672 3447 et
704 3376 862 3446 humanas
893 3373 1083 3444 traditiones
1113 3399 1186 3442 mn-

111 3501 208 3568 gnum
241 3473 419 3545 discrimen
453 3491 514 3545 cst.
555 3475 639 3546 Nam
674 3471 738 3546 illae
771 3471 810 3542 ad
843 3470 1037 3543 catholicum
1069 3469 1186 3563 dogma

112 3577 295 3666 pertinent,
330 3573 396 3640 vim
429 3569 580 3642 eamdem
616 3570 760 3658 habent,
819 3595 894 3640 uam
927 3567 1050 3638 habent
1079 3567 1187 3638 Sacrae

111 3669 307 3766 Scripturas,
339 3667 550 3739 observanda
579 3683 657 3738 suut
686 3669 720 3736 in
751 3596 885 3736 eciiesia
915 3668 1083 3752 universa,
1114 3686 1189 3758 quae

111 3763 175 3834 illas
202 3765 362 3858 abrogare
387 3789 457 3836 non
484 3780 612 3859 potest,
637 3789 741 3860 quum
764 3765 833 3858 ejus
861 3777 990 3831 tantum
1017 3763 1058 3828 sit
1081 3763 1189 3828 inter-

110 3865 226 3954 pretari
247 3862 376 3931 divinas
395 3861 589 3932 traditiones
621 3885 738 3956 easque
766 3861 807 3928 ah
831 3858 981 3928 humanis
1007 3877 1185 3925 secernere.

110 3957 181 4040 Quo
201 3958 261 4048 fit,
280 3975 321 4028 ut
342 3983 382 4028 ea
396 3957 504 4028 solum
523 3957 631 4028 divina
652 3957 785 4027 traditio
808 3955 921 4026 haberi
947 3953 1089 4036 debeat,
1114 3971 1188 4044 quae

109 4055 175 4125 talis
202 4056 353 4128 ecclesiae
377 4054 505 4151 judicio
535 4057 737 4126 existimatur
765 4053 831 4148 (1).
868 4052 992 4122 ,Contra
1024 4069 1101 4116 vero
1133 4045 1192 4116 hu·
