3102 5184
540 439 686 511 -567
713 482 760 494 -

104 612 214 684 eaque
245 611 311 658 esse
354 586 456 658 valuit
492 590 581 685 quasi
617 589 753 686 pignora
789 587 973 658 divinarum
1000 588 1183 686 promissio·

105 711 192 756 num
214 685 288 782 (ἢ),
323 700 356 756 et
382 685 524 758 remedia
556 683 596 756 ud
624 689 805 757 animarum
837 683 972 758 salutem
1004 685 1054 755 rel
1083 701 1183 756 tuen-

103 783 207 874 dam,
253 782 303 854 rel
343 783 597 882 recuperandam
638 783 711 952 (52,
752 795 785 854 et
831 783 960 856 vincula
1003 783 1184 855 christianae

104 884 290 974 societatis,
337 899 495 981 notasque
534 901 569 955 et
600 909 671 984 sym
696 882 768 972 ala,
816 881 934 982 quibus
968 883 1038 976 ejus
1080 879 1184 953 fidem

105 981 579 1176 testatasq)lsceremus(1i),
614 982 798 1080 quibusque
837 979 952 1055 fideles
983 983 1186 1052 internosce-

107 1093 228 1149 rentur
259 1079 310 1150 5.

150 1240 196 1325 (l)
217 1244 359 1304 Praeclare
383 1247 413 1307 S.
436 1249 523 1308 toan.
545 1245 694 1326 chrysost.
719 1245 807 1306 Ham.
826 1246 866 1307 82
887 1240 1184 1306 tamaianam

103 1343 179 1405 paq.
204 1327 264 1388 787
288 1335 356 1388 am.
375 1328 409 1397 7,
429 1325 475 1389 ed.
496 1325 661 1409 Maatsauc.
676 1326 776 1390 Paris.
794 1328 885 1388 1717.
905 1350 918 1380 a
931 1327 962 1390 si
977 1325 1182 1404 incorporeus,

106 1407 225 1484 inquit,
247 1425 338 1485 esses,
364 1409 444 1470 nuda
464 1409 518 1471 tihi
536 1409 584 1471 illa
607 1419 636 1471 et
652 1409 825 1488 incorpores
842 1408 919 1469 dona
938 1406 1105 1482 tribuisset3
1131 1406 1184 1466 sed

105 1489 179 1583 quia
207 1493 322 1587 corpori
352 1491 506 1570 conjuncta
527 1500 571 1552 est
594 1493 711 1568 anima,
736 1493 767 1551 in
799 1489 987 1551 sensibilibus
1022 1487 1185 1567 spiritualia

108 1569 571 1737 triqqqsrflqqqqieacathoehismus
584 1659 669 1718 Rom.
681 1611 750 1738 pari
767 1658 786 1716 2
801 1675 866 1738 cap.
886 1657 900 1716 1
918 1673 951 1715 a.
968 1655 1019 1715 15.
1040 1677 1053 1705 a
1073 1653 1185 1728 Quem-

106 1733 285 1812 admodum,
326 1739 438 1816 inquit,
466 1738 498 1798 in
535 1739 625 1800 veteri
664 1745 838 1799 testamenta
877 1741 955 1800 Deus
984 1736 1110 1810 iecerat,
1152 1740 1186 1791 ut

106 1817 215 1896 magni
240 1819 360 1898 alicujus
386 1820 520 1897 promissi
549 1821 740 1882 constantiam
767 1821 858 1900 signis
892 1815 1116 1891 testificaretur3
1143 1815 1184 1874 its

108 1899 205 1958 etiam
225 1900 254 1960 in
273 1921 348 1962 nova
370 1901 435 1982 lege
453 1901 584 1964 Christus
610 1903 741 1965 Salvator
764 1911 865 1964 noster
885 1919 953 1961 cum
975 1899 1060 1960 nabis
1081 1915 1184 1976 pecca-

108 1987 213 2040 torum
234 1985 364 2060 reniam,
389 1985 533 2044 caelestem
557 1987 701 2064 gratiam,
722 1985 849 2064 Spiritus
871 1981 968 2045 Sancti
986 1979 1185 2043 communica·

107 2063 223 2123 tionem
240 2065 386 2143 pollicitus
403 2073 465 2140 est,
486 2066 621 2145 quaedam
639 2067 722 2147 signa
746 2068 836 2126 aculis
858 2073 888 2126 et
909 2064 1042 2126 sensibus
1055 2062 1185 2142 subjecta

108 2145 255 2216 instituit,
281 2147 389 2227 quihus
413 2165 480 2208 eum
505 2149 587 2227 quasi
610 2146 783 2229 pignoribus
806 2147 967 2229 obligatum
990 2145 1182 2217 haberemus,

107 2235 201 2305 atque
224 2228 264 2289 ita
296 2229 414 2291 fidelem
452 2230 484 2292 iu
511 2229 662 2310 promissis
684 2231 819 2292 futurum
847 2230 983 2292 dubitare
1021 2243 1183 2306 numquam

109 2327 274 2388 Wmufl·
1022 2371 1026 2378 .

151 2391 184 2467 (5
218 2393 325 2455 confer
338 2395 368 2456 S.
382 2393 485 2458 umbi.
496 2391 532 2456 dc
544 2395 678 2458 Sacram.
693 2403 763 2458 tam.
779 2398 880 2478 apae.
893 2395 964 2456 110.

151 2472 183 2554 (1
216 2477 409 2538 Sacramentis
428 2477 507 2538 enim
526 2476 616 2540 fidem
638 2485 767 2540 nostram
790 2479 823 2540 in
846 2477 1001 2539 hominum
1027 2479 1183 2552 conspectu

110 2553 275 2636 deelamre,
315 2566 404 2637 atque
439 2559 575 2620 omnihus
610 2561 755 2622 illustrem
793 2579 826 2621 ac
865 2558 1049 2620 manifestam
1086 2555 1183 2616 lacere

108 2637 263 2716 videmur3
283 2649 313 2701 et
333 2640 393 2701 huc
412 2649 522 2722 spectat
539 2644 639 2723 hpast.
654 2640 694 2704 ad
709 2646 796 2704 Ram.
817 2642 860 2704 Χ.
876 2661 906 2703 υ.
928 2643 990 2701 10.·
1012 2633 1102 2700 Corde
1121 2654 1183 2698 cra-

110 2715 196 2782 ditur
206 2718 246 2782 ad
263 2723 418 2799 aethium,
434 2742 482 2786 ore
496 2732 594 2787 autem
606 2721 745 2808 masesele
753 2723 789 2808 fit
807 2721 847 2785 ad
857 2720 994 2786 salutem·

152 2801 197 2883 (b)
224 2743 286 2866 ab
308 2805 423 2866 nullum
446 2824 553 2868 nomen
573 2808 739 2888 religionis,
762 2807 859 2886 inquit
884 2809 915 2867 S·
934 2805 1058 2882 August.
1082 2807 1184 2864 watra

110 2885 258 2948 Faustum
279 2884 330 2948 lib.
356 2891 394 2950 19
415 2906 442 2950 a.
465 2891 500 2950 ll
525 2887 579 2952 aui.
606 2893 665 2952 519
689 2899 758 2952 tam.
775 2891 809 2966 8,
832 2907 883 2948 seu
905 2904 1026 2962 verum,
1053 2902 1106 2944 seu
1127 2883 1183 2943 lal-

109 2985 196 3043 sum,
231 2969 377 3050 coagulari
409 2969 543 3032 homines
574 2981 711 3052 possunt,
741 2971 797 3034 nisi
836 2971 933 3048 aliquo
967 2967 1184 3048 signaculorum

109 3051 157 3110 vel
176 3059 425 3113 sacramentorum
439 3052 598 3115 visibilium
615 3055 759 3116 consortia
781 3053 962 3134 colligentem
984 3075 997 3104 a
1019 3053 1184 3127 Utrumque

109 3130 203 3211 igitur
214 3141 355 3212 praestant
375 3153 458 3194 novas
475 3135 547 3216 legis
564 3145 757 3212 sacramenta3
771 3137 880 3196 scilicet
893 3141 923 3194 et
939 3131 1041 3192 fideles
1054 3131 1092 3190 ab
1112 3129 1183 3190 inli-

109 3215 228 3276 dclihus
243 3215 443 3296 distinguunt,
457 3225 487 3278 et
508 3220 584 3298 ipsos
602 3217 704 3280 fideles
718 3220 797 3279 inter
815 3235 845 3279 se
856 3223 955 3278 sancto
968 3213 1094 3294 quodam
1115 3213 1183 3272 rin-

110 3297 178 3356 culo
192 3297 385 3379 conjungunt.

158 3427 190 3530 ς.
218 3429 281 3500 lli.
317 3429 381 3501 Sua
405 3435 503 3502 etiam
531 3449 728 3504 sacramenta
757 3431 870 3503 habuit
898 3431 941 3502 V.
978 3429 1048 3519 T.,
1081 3454 1183 3526 caque

108 3527 258 3618 umbrae,
299 3545 333 3599 et
372 3527 488 3626 figurae
529 3548 622 3602 crant
668 3533 797 3604 venturi
845 3530 1031 3615 servatoris3
1067 3551 1182 3598 verum

108 3643 310 3726 sacramente
337 3625 380 3699 N.
412 3627 439 3698 L
487 3627 652 3700 Christum
686 3633 756 3729 jam
790 3644 904 3700 natum
931 3625 1085 3701 exhibent
1112 3623 1179 3720 (l).

107 3725 243 3797 Scilicet
270 3740 400 3796 tantum
420 3727 489 3798 fide
520 3729 556 3798 in
589 3727 754 3802 Christum
786 3729 903 3799 serrari
932 3727 1080 3798 homines
1105 3745 1184 3816 pos-

106 3840 189 3895 sunt
224 3823 292 3920 (2)
323 3822 454 3920 ltaque,
481 3840 518 3896 ut
550 3825 634 3899 banc
660 3826 763 3900 fidem
795 3829 986 3914 sustineret,
1013 3817 1183 3891 abundans

108 3921 329 3993 misericordia
368 3939 402 3993 et
432 3921 620 4017 clementia,
661 3925 749 3998 Deus
783 3925 926 3996 instituit
961 3931 1180 4004 sacramenta,

106 4045 187 4118 quae
227 4017 275 4092 rel
323 4037 495 4092 venturum
532 4021 698 4096 Christum
743 4022 994 4108 adumbrarem,
1027 4015 1080 4090 vel
1111 4015 1181 4113 jam
