3106 5170
779 347 1003 420 -468-

355 519 457 563 verum
485 519 589 582 magna
614 502 691 562 inter
715 499 847 562 eruditos
868 498 1025 580 disputatio
1053 505 1113 576 est,
1140 516 1213 560 num
1236 496 1339 578 hujus,
1368 515 1435 578 pro

355 583 473 644 occultis
483 581 670 660 criminibus,
684 583 809 661 publime
822 583 1003 662 poenitentiae
1018 579 1170 644 necessitas
1184 580 1280 658 aliqua
1294 600 1432 659 unquam

356 665 482 726 ecelesiae
499 666 563 746 lege
579 665 713 746 imposita
727 665 827 725 luerit.
850 669 896 728 lo.
916 665 1046 728 Morinos
1064 661 1100 724 de
1116 665 1199 724 Poeo.
1220 661 1270 724 tit.
1299 666 1316 725 b
1334 683 1362 724 c.
1390 667 1429 740 8,·

313 779 329 798 ··
356 751 422 810 Nat.
447 747 529 810 Alex.
551 747 632 810 rtet.
650 744 718 810 eccl.
737 765 804 809 aaec.
823 749 841 808 5
861 744 936 808 diss.
955 749 1060 828 tipnp.
1077 747 1115 807 tt
1131 749 1236 808 tomi
1257 743 1305 806 ed.
1318 744 1430 823 indic,

356 829 463 910 aliique
478 831 656 910 complures,
672 829 797 891 eeclesiae
816 829 880 912 lege
896 831 1040 890 sancitum
1058 836 1179 908 putant,
1196 839 1228 889 ut
1250 828 1292 888 rei
1311 831 1437 910 gravio-

327 923 329 927 ·
357 930 425 971 rum
448 913 623 988 criminum,
649 911 745 990 qualia
772 922 857 972 erant
880 911 1059 985 idololatria,
1083 909 1292 984 homicidium,
1312 910 1437 973 adulte·

231 1031 234 1036 -
357 994 436 1054 rium
454 995 568 1074 aliaque
585 994 631 1056 his
649 993 763 1069 affinia,
785 995 853 1054 licet
876 1011 910 1053 ea
934 1003 1029 1055 essent
1049 993 1174 1070 occulta,
1198 993 1343 1072 publicam
1367 1013 1436 1073 poe-

358 1077 513 1138 nitentiam
535 1095 621 1158 agere
635 1083 821 1157 cogerentur.
841 1079 946 1138 Contra
961 1095 1030 1137 vero
1047 1074 1220 1136 bellarmin
1240 1077 1380 1136 controv.
1399 1075 1438 1136 de

357 1159 444 1238 Ῥωη.
461 1159 507 1220 tit.
523 1160 590 1220 dcc
613 1204 621 1220 .
639 1161 678 1220 ii
690 1167 760 1220 tom.
784 1161 802 1220 5
819 1177 891 1240 pap.
908 1160 964 1220 tot
981 1157 1028 1220 ed.
1052 1159 1124 1218 Vera.
1145 1158 1437 1234 i72138irrnondus

360 1241 440 1306 Hist.
456 1240 559 1323 posit.
572 1239 644 1323 preb.
665 1259 699 1302 ec
723 1285 731 1300 .
748 1244 767 1302 2
782 1251 810 1302 et
825 1243 843 1302 5
859 1249 930 1301 tom.
947 1243 966 1300 i
985 1259 1056 1323 pop.
1074 1241 1135 1302 tat
1146 1248 1246 1322 etseq.
1263 1238 1309 1301 ed.
1328 1241 1435 1302 Poris.

362 1324 459 1401 tosu-
479 1327 539 1388 Jac.
554 1325 641 1386 Petit.
663 1260 832 1386 aduitae.
854 1323 1046 1384 Centaurica.
1062 1322 1165 1404 penit.
1186 1331 1258 1384 tom.
1274 1325 1294 1382 2
1311 1321 1353 1384 od
1370 1322 1437 1386 cat-

361 1422 421 1466 ocm
429 1423 502 1488 pop.
515 1407 550 1466 61
569 1413 686 1488 etsep.;
703 1409 801 1468 const.
819 1405 975 1486 lionoaglia
993 1404 1026 1468 io
1044 1411 1106 1466 oct.
1124 1402 1165 1464 od
1180 1406 1256 1466 Nat.
1272 1401 1360 1466 Alex.
1379 1403 1436 1468 lor.

361 1486 411 1549 cit.
426 1505 499 1570 pap.
516 1489 573 1565 69,
592 1495 679 1568 atque
698 1487 747 1548 alii
765 1487 840 1548 bene
860 1487 963 1562 multi,
983 1487 1093 1550 nullam
1114 1487 1204 1562 luisse
1219 1495 1323 1566 putant
1340 1489 1439 1548 cecle-

362 1570 412 1630 sisa
425 1569 537 1652 legem,
553 1579 740 1650 quapropter
753 1571 864 1631 oceulta
878 1570 1016 1646 erimina,
1034 1571 1102 1632 lieet
1118 1571 1302 1650 gradmimm
1317 1569 1438 1649 publica

361 1653 532 1730 punitentia
549 1654 759 1732 imponeretur.
780 1655 913 1733 Longum
934 1661 1009 1713 esset
1029 1653 1059 1714 iu
1077 1651 1133 1714 bac
1152 1652 1312 1728 quaestione
1327 1654 1439 1713 immo-

362 1735 438 1809 rari;
453 1736 553 1796 confer
566 1743 665 1796 tamen
679 1735 880 1814 Tournelyum
896 1731 1018 1796 Proice.
1041 1731 1127 1796 tbeol.
1149 1731 1185 1794 do
1202 1735 1288 1795 Snor.
1305 1752 1388 1815 poen.
1428 1779 1438 1796 .

364 1818 453 1876 8art.
467 1819 495 1894 5,
509 1825 539 1877 et
552 1817 627 1878 liob.
642 1817 737 1880 Salam
751 1817 787 1878 ira
801 1825 864 1877 cot.
880 1814 921 1878 ud
935 1815 1018 1878 cord.
1040 1820 1159 1878 Bonum
1175 1833 1234 1876 rer.
1253 1812 1361 1900 liturg.
1384 1755 1424 1878 tl

366 1901 380 1958 l
398 1917 464 1980 cop.
480 1895 554 1980 ttS.
573 1901 665 1960 boot.
681 1902 786 1982 [ερας.
804 1900 864 1960 580
878 1907 907 1960 et
922 1917 983 1982 sep.
1005 1903 1105 1960 tonui
1127 1895 1173 1960 cd.
1195 1897 1324 1959 Tnario.
1343 1861 1439 1976 ¹747,

366 1981 415 2060 qui
428 1981 466 2040 dc
476 1997 508 2042 ea
523 1980 624 2041 multis
638 1981 800 2060 disputant.

413 2126 444 2228 §.
488 2127 648 2199 LXXIII.
682 2127 815 2199 Publica
839 2131 1030 2225 poenitentia
1067 2126 1164 2198 nullis
1189 2129 1284 2200 certis
1315 2125 1440 2201 defini·

367 2229 407 2296 tis
448 2228 557 2324 spatiis
586 2241 685 2322 atque
712 2226 932 2318 solemnibus,
962 2229 1055 2297 initio
1078 2242 1207 2322 peracta
1233 2241 1301 2314 est,
1334 2253 1438 2324 enque

368 2338 436 2395 tota
470 2339 539 2394 erat
574 2327 678 2420 posita
711 2327 748 2394 in
779 2327 936 2422 ejectione
974 2324 1015 2393 ab
1053 2324 1183 2395 eeclesia
1209 2323 1437 2420 laboriosisque

369 2421 541 2518 operibus,
569 2445 643 2519 quae
667 2425 714 2492 rei
744 2425 916 2493 criminum
947 2426 1106 2520 suscipere
1138 2423 1334 2518 cogebantur
1364 2423 1435 2519 (i).

371 2518 437 2590 Sed
461 2536 534 2617 post
560 2519 695 2592 schisma
720 2520 955 2611 Novatianum,
983 2519 1073 2618 quod
1112 2519 1221 2592 medio
1254 2521 1320 2592 lere
1343 2523 1439 2594 tertio

370 2617 487 2690 saeoulo
518 2620 647 2714 erupit,
689 2635 776 2690 certa
808 2635 906 2716 atque
948 2619 1101 2691 solemnia
1149 2617 1287 2714 agendae
1333 2621 1442 2715 poeni-

373 2719 484 2788 tentiae
518 2719 620 2814 spatia
653 2732 730 2788 sunt
765 2720 959 2804 constituta3
993 2734 1030 2788 ut
1066 2719 1109 2788 ita
1133 2717 1184 2788 vel
1221 2721 1364 2788 externis
1394 2721 1442 2788 ri-

372 2812 459 2885 tibus
503 2813 635 2888 ecclesia
686 2831 870 2888 occurreret
911 2815 1115 2905 Noratianis,
1155 2820 1213 2912 qui
1254 2815 1443 2887 dimittendi

374 2914 518 3006 graviora
564 2929 695 3010 peccata
729 2928 803 3008 post
840 2913 1038 3010 baptismum
1078 2913 1213 2984 admissa
1250 2917 1285 2984 in
1313 2915 1442 2986 eeclesia

373 3025 566 3107 potestatem
608 3035 677 3081 esse
715 3009 877 3106 negabant
912 3011 978 3108 (2).
1015 3011 1133 3084 Omnis
1165 3011 1234 3083 baee
1258 3009 1443 3085 solemnitas

377 3124 475 3204 atque
511 3133 625 3182 omnes
655 3107 690 3178 bi
718 3111 798 3180 ritus
825 3108 1044 3182 consistebant
1067 3113 1102 3180 in
1142 3113 1236 3180 certis
1270 3111 1442 3204 gradibus,

377 3207 442 3277 sire
472 3206 683 3294 stationibus,
716 3231 792 3304 quae
830 3223 970 3304 quatuor
1000 3233 1138 3280 numero
1166 3223 1279 3296 erant,
1303 3211 1442 3296 Fletus,

377 3303 544 3393 Audito,
575 3307 795 3394 Substrotto,
826 3305 1058 3380 θωιεὼιεπΐία
1080 3307 1149 3404 (ὅ).

420 3449 462 3534 (l)
483 3451 606 3513 consue
620 3454 795 3515 Martcnium
821 3451 874 3515 loc
896 3449 959 3514 ind.
985 3462 1045 3515 ort.
1065 3458 1084 3516 i
1102 3453 1129 3536 §.
1153 3459 1166 3516 l
1189 3475 1262 3539 pop.
1284 3458 1358 3518 266.
1376 3461 1446 3519 Seno

382 3533 419 3594 ab
442 3532 568 3596 eeclesia
585 3535 754 3614 primordiis
774 3536 919 3615 usquead
939 3544 1054 3597 aetatem
1074 3541 1203 3600 Monuni
1227 3547 1257 3598 et
1273 3557 1346 3600 vero
1364 3540 1449 3598 etiam

383 3615 573 3693 Tertulliani,
598 3617 812 3679 nullumiuisse
838 3619 966 3680 solemne
993 3627 1108 3700 tempus
1134 3620 1254 3701 agendae
1269 3621 1449 3701 poenitentia

382 3700 584 3776 constitutum,
606 3707 686 3777 patet
707 3718 743 3761 ex
766 3701 882 3762 silentio
906 3701 1048 3779 Tertull,
1071 3704 1122 3781 qui
1146 3722 1289 3781 nusquam
1319 3704 1385 3783 ejus
1408 3702 1449 3762 rei

383 3781 532 3858 meminit,
560 3799 736 3860 quamquam
761 3781 986 3864 depositoriis
1004 3787 1112 3865 egerit,
1130 3785 1260 3864 itemque
1282 3803 1317 3845 ex
1334 3783 1452 3846 silentio

385 3881 501 3938 eorum,
518 3864 568 3943 qui
585 3871 652 3924 ante
668 3869 748 3926 Tert.
766 3863 941 3927 floruerunt.
958 3866 1040 3926 ldem
1054 3867 1103 3946 jus
1121 3868 1241 3927 luisses
1257 3871 1396 3928 Montano
1415 3864 1449 3924 ad

262 4003 265 4010 .
386 3947 594 4046 donatianum,
619 3965 721 4010 eorum
749 3948 799 4027 qui
826 3966 879 4028 per
903 3967 937 4009 ea
961 3956 1090 4028 tempora
1114 3950 1294 4029 seripserunt
1320 3969 1355 4013 ae
1375 3967 1448 4029 prar-
