3106 5170
524 495 746 566 -429-

102 659 167 719 aqua
188 641 219 702 in
244 639 351 702 Christi
376 642 561 722 sanguinem,
593 662 630 703 an
652 643 781 722 primum
806 645 836 704 in
861 645 980 722 vinum,
1005 643 1113 706 deinde
1133 647 1164 707 in

102 725 485 887 wingihfonvemmb
502 723 578 786 Vide
597 725 710 786 Drouiu
733 723 769 786 de
783 745 816 787 re
833 728 967 788 Sacram.
994 724 1046 790 ish.
1063 729 1083 789 4
1098 747 1129 812 q.
1151 732 1170 789 2

142 961 171 1062 §.
210 961 339 1034 XLVI.
384 961 513 1054 Verbo,
562 964 680 1061 quibus
711 981 918 1036 cousecratur
945 968 1056 1063 punis,
1103 965 1172 1039 haec

101 1077 189 1131 sunt:
223 1061 302 1132 Hoc
329 1073 379 1132 est
398 1087 524 1158 empus
552 1089 681 1134 meum
710 1062 832 1133 Vinum
861 1079 970 1134 autem
997 1090 1170 1136 consecra-

101 1175 148 1228 tur
177 1157 228 1230 his
259 1159 379 1229 verbis:
411 1161 487 1232 Hie
513 1172 563 1232 est
594 1163 689 1233 colio
708 1165 898 1258 sotsque‘m's
920 1167 1010 1250 mei,
1032 1169 1115 1236 novi
1138 1177 1173 1235 et

100 1262 218 1328 coms·
251 1263 468 1346 testamenti,
497 1286 534 1331 m
559 1263 707 1332 stemum
738 1259 842 1355 fidoi,
883 1265 950 1356 qui
976 1287 1044 1358 pro
1079 1262 1172 1334 vohis

100 1367 127 1424 el
148 1381 213 1452 pro
253 1357 376 1426 multis
417 1357 488 1452 effu
559 1371 622 1430 tor
661 1364 702 1430 in
742 1362 983 1430 remissionem
1016 1372 1171 1456 peceato-

101 1478 175 1524 rum
197 1455 266 1550 (1).
308 1453 429 1524 Munus
462 1457 623 1546 ministri,
656 1458 713 1552 qui
743 1454 976 1525 Eucharistiem
1012 1456 1172 1526 adminis-

102 1565 174 1639 trat,
205 1554 241 1622 in
275 1577 311 1622 eu
342 1551 558 1623 consecrando
588 1579 623 1624 sc
664 1552 885 1624 distribuendo
935 1555 1078 1650 positum
1106 1571 1166 1624 est.

103 1647 325 1720 Eucharistium
358 1667 547 1722 consecrant
579 1651 636 1723 soli
670 1649 871 1741 sacerdotes,
905 1677 973 1722 nun
1006 1653 1084 1722 item
1118 1654 1173 1721 in-

103 1745 220 1819 feriores
250 1747 358 1818 clerici
390 1747 561 1847 multoque
599 1751 707 1820 minus
735 1749 825 1836 loici3
866 1751 1019 1846 quoniam
1060 1747 1174 1820 Chris-

104 1861 144 1914 lus
179 1845 264 1918 hanc
313 1863 506 1944 potestatem
547 1864 678 1918 tentum
719 1845 870 1944 apostolis
917 1871 1097 1942 eorumque
1139 1849 1174 1918 in

104 1943 269 2016 sacerdotio
297 1946 531 2017 successoribus
553 1949 709 2018 concessit
737 1947 806 2042 (2)
831 1945 920 2017 Num
946 1944 1057 2042 plures
1078 1945 1175 2014 simul

104 2043 271 2114 sacerdotes
305 2045 466 2116 conficere
500 2044 736 2116 Eucharistium
772 2045 917 2140 possint,
959 2042 1000 2112 ab
1034 2045 1175 2140 antiquis

104 2137 284 2212 scholasticis
313 2141 517 2238 disputatum
539 2159 608 2228 est3
628 2143 683 2213 sed
711 2141 745 2212 id
764 2141 821 2212 diu
845 2141 998 2212 aLalinis
1029 2140 1171 2227 factumi

104 2253 132 2306 et
160 2266 249 2310 nunc
276 2242 375 2310 etium
402 2267 420 2310 a
449 2241 572 2314 Graecis
596 2239 669 2312 fieri
699 2257 826 2312 constet
857 2239 924 2336 (5).
960 2238 1051 2324 Quin
1086 2239 1174 2337 apud

105 2359 152 2406 nos
191 2355 328 2408 monent
370 2337 477 2410 adhuc
513 2341 645 2436 vestigia
677 2341 821 2436 antiquae
855 2336 1098 2410 consuetudinis
1139 2340 1171 2410 in

105 2433 359 2534 presbyterorum
385 2453 484 2535 atque
513 2441 743 2536 episcoporum
764 2436 1034 2508 ordinationibus.

137 2605 173 2690 (l)
186 2611 266 2673 Num
280 2609 311 2669 in
332 2609 444 2686 formu,
466 2629 525 2690 quu
541 2619 727 2674 consecratur
749 2609 838 2687 calix,
857 2609 895 2670 ud
920 2609 981 2668 vim
998 2611 1170 2669 sacramenti

106 2695 205 2752 uotum
231 2693 393 2752 necessaris
413 2695 472 2753 sint
500 2693 587 2754 verbs
613 2695 669 2756 Hic
693 2701 737 2756 cst
760 2689 840 2753 eolis
861 2689 1021 2774 canusinis
1035 2691 1108 2767 mei,
1137 2709 1174 2750 an

104 2771 178 2834 etium
190 2783 288 2834 cetero
308 2775 516 2852 requirantur,
531 2785 615 2837 vetus
640 2775 763 2856 questio
776 2783 836 2852 est,
851 2773 888 2834 de
908 2791 965 2852 qua
977 2772 1046 2832 vide
1066 2773 1175 2835 Jueuin

104 2849 132 2912 de
152 2855 285 2918 Sacrum
314 2854 386 2918 diss.
411 2861 431 2919 l
451 2876 503 2940 qu.
521 2861 539 2918 5
555 2877 620 2942 cop.
649 2863 680 2935 5,·
703 2857 816 2920 Drouin
839 2853 873 2916 de
899 2875 930 2916 re
951 2873 1080 2916 socrum.
1108 2851 1130 2915 t.
1154 2857 1173 2914 l

104 2946 194 3016 qamt
223 2942 243 3001 5
265 2955 331 3020 cop.
349 2941 379 3000 5.
395 2942 580 3018 Quemquam
598 2949 697 3001 nutem
717 2939 850 3002 Christus
869 2937 1028 2998 voluntatis
1050 2936 1174 3016 imperio

106 3019 304 3082 Eucharistiam
329 3039 498 3082 consecrare
513 3023 671 3101 potuisset,
693 3040 795 3083 revers
810 3029 908 3080 lumen
921 3019 1096 3100 evangelicis
1109 3037 1176 3078 ver-

105 3097 153 3176 bis,
164 3121 197 3163 ex
219 3111 337 3183 penest
351 3103 435 3179 vinu,
449 3123 536 3164 suum
559 3123 665 3184 eorpus
680 3111 710 3164 et
732 3103 904 3184 sanguinem
919 3101 1078 3162 coniecisse
1091 3099 1176 3161 docet

105 3184 133 3240 ll.
153 3185 209 3246 Th.
234 3203 267 3268 p.
283 3187 301 3245 5
316 3205 343 3268 q.
363 3187 402 3246 78
428 3193 487 3246 ort.
507 3189 521 3247 l
548 3185 600 3248 od.
618 3189 650 3264 5,
667 3205 756 3266 quem
770 3185 898 3265 theologi
928 3183 990 3244 lene
1008 3201 1111 3244 omnes
1131 3200 1175 3243 se-

110 3275 244 3339 mentun.

138 3345 176 3430 (tl
200 3353 289 3412 Cone.
312 3351 445 3410 Lateran.
472 3353 511 3411 lV
527 3352 624 3430 cop.l
652 3357 722 3410 tom
751 3351 769 3410 7
790 3347 845 3410 col.
873 3350 911 3410 lt
937 3343 1002 3409 coll.
1021 3345 1131 3422 Hand,
1147 3355 1176 3406 ct

105 3427 178 3490 leid.
204 3449 276 3492 sess.
303 3433 342 3492 Ἡ
370 3451 404 3492 co
428 3475 435 3490 .
462 3433 494 3508 l,
517 3441 622 3493 etcum.
651 3429 720 3492 lde
734 3429 844 3514 Soerifi
861 3431 945 3492 mmo.
959 3428 1079 3492 lutheri
1097 3448 1176 3490 som-

107 3510 178 3574 nium
189 3523 250 3590 est,
264 3531 365 3574 omnes
385 3451 561 3575 christianos
575 3514 643 3592 jure
663 3513 763 3576 divino
786 3533 848 3575 esse
872 3513 1035 3574 secerdotes
1058 3519 1087 3571 et
1111 3529 1175 3571 om-

105 3609 164 3669 nes,
187 3597 353 3674 presertim
377 3613 444 3656 eum
468 3595 500 3656 id
521 3598 679 3658 nmessitus
702 3596 845 3675 postulet,
869 3593 1059 3657 Eucharistioe
1084 3591 1175 3652 confi-

106 3675 206 3738 eieudae
221 3677 331 3738 habere
344 3685 531 3756 potestatem.
547 3679 715 3740 Absurdnm
730 3679 806 3740 hono
821 3679 1001 3748 doctrinam,
1015 3683 1045 3737 et
1066 3683 1177 3734 ceteros

106 3759 244 3830 quianon
260 3760 415 3822 dissimiles
430 3779 489 3820 nou
515 3770 602 3836 sunt,
618 3779 733 3823 encres
747 3765 967 3830 Gnosticorum,
986 3756 1176 3821 llontunista-

105 3855 174 3918 tum,
192 3843 476 3922 collyridam-sim,
502 3843 726 3920 waldensium,
750 3843 986 3906 calvinianurum
1005 3841 1062 3900 late
1094 3838 1175 3898 relu-

105 3925 161 3981 lunt
180 3924 326 4005 theologi,
351 3933 438 4002 utque
463 3927 541 3986 intui·
566 3933 676 3988 ceteros
701 3927 814 3988 Drouiu
835 3923 889 3986 loo.
913 3924 962 3984 eit.
985 3941 1016 4004 q.
1039 3924 1107 3981 leo
1143 3923 1173 3981 l.

106 4003 244 4068 Celehnem
261 4007 435 4069 Tertulliani
451 4008 563 4074 locum,
585 4009 616 4068 in
643 4027 701 4086 quo
724 4025 826 4068 omnes
841 4005 992 4067 christiani
1012 4021 1092 4063 socer
1113 4009 1175 4062 oles

105 4099 173 4164 esse,
187 4099 216 4150 et
229 4108 332 4152 omnes
345 4088 453 4151 offerre
467 4089 622 4163 dicuntur,
639 4098 771 4152 accurate
785 4091 865 4150 inter
878 4095 990 4148 ceteros
1005 4085 1174 4166 expendunt
