3122 5170
505 383 508 390 ‘
565 378 802 474 ¹-76854-4‘
1077 376 1083 422 ²

152 543 275 696 pestate
300 518 438 616 habitoal
462 527 641 625 presertim
672 515 757 614 raro,
780 529 921 602 Romani
955 529 1131 604 Pontifices
1163 509 1226 604 ⁸di-¹
1275 585 1277 590 ,
1441 579 1445 591 .

166 629 306 722 igentem
343 625 462 701 dedere
506 651 658 724 operam,
700 644 738 696 ut
761 627 823 708 ¹ad2
846 629 1009 700 ecclesiam
1054 629 1225 722 redirent‚'
1306 689 1309 696 .

153 749 228 820 quae
257 723 447 804 violenteas
469 723 556 796 laicis
581 740 745 822 occupata(
761 726 890 808 fuerant
905 787 908 813 ·,
922 728 989 824 (ἢ).
1018 729 1067 798 lta
1099 728 1220 800 sactum

152 837 214 912 est,
258 839 296 891 ut
324 847 380 892 sua
403 821 561 918 ··denique
591 819 731 894 ecclesiae
759 823 1022 902 ;restituerentur
1062 826 1148 914 bona
1161 843 1220 914 ‚et

151 935 233 991 tunc
264 923 469 1018 potissimum
501 920 622 990 clericis
656 921 759 991 multa
795 936 873 993 sunt
904 924 1129 996 commendata
1144 975 1149 990 .
1162 951 1220 998 eo-

151 1043 248 1109 rum,
284 1043 358 1116 quae
391 1017 518 1115 pridem
555 1018 627 1089 laici
665 1021 885 1116 arripuerant,
926 1025 1105 1118 praesertim
1144 1049 1220 1095 curn

147 1141 262 1210 graves
300 1131 406 1187 essent
445 1141 571 1207 cuusae,
610 1133 745 1214 propter
780 1143 858 1215 quas
905 1120 1108 1194 commendae
1150 1147 1218 1194 non

150 1214 380 1310 permittendae
405 1216 527 1306 solum,
555 1213 610 1286 sed
643 1219 737 1288 etiam
765 1216 943 1312 probandas
968 1217 1166 1294 viderentur.
1235 1277 1287 1302 .,,
1359 1229 1361 1236 ’

190 1383 234 1468 l)
254 1388 377 1450 Consule
388 1387 539 1452 Tbomass.
551 1396 609 1450 vet.
626 1395 654 1450 et
666 1407 736 1450 nov.
754 1385 822 1451 eccl.
838 1387 911 1451 disc.
926 1409 997 1473 por.
1014 1388 1068 1453 al.
1087 1393 1105 1452 5
1124 1411 1151 1453 c.
1165 1395 1215 1454 ll.
1237 1349 1240 1357 ·

203 1469 233 1550 ἢ)
253 1475 321 1532 Late
333 1471 395 1532 hec
406 1473 503 1533 omnia
514 1471 699 1551 persequitur
711 1471 862 1534 Thomass.
879 1469 933 1534 loc.
947 1471 997 1534 cit.
1016 1492 1042 1534 c.
1061 1471 1151 1536 roca
1165 1477 1216 1537 al.

199 1625 229 1741 §.
256 1613 382 1697 XXVI.
415 1625 546 1698 Scilicet
585 1625 627 1696 ab
666 1625 854 1698 infidelibus
896 1629 1015 1698 iterum
1056 1632 1219 1725 occupatis

148 1725 228 1798 loeis
267 1728 385 1796 sanctis
429 1741 463 1796 et
502 1724 580 1798 inde
623 1727 733 1823 ejectis
781 1727 957 1822 episcopis,
995 1741 1216 1824 opportunum

150 1827 253 1896 visum
279 1839 328 1894 est
351 1823 429 1896 elios
459 1827 535 1921 ipsis
561 1829 596 1894 in
627 1823 717 1894 ltalia
745 1837 778 1894 et
806 1823 881 1894 alibi
910 1825 1134 1924 episcopatus,
1162 1841 1217 1897 aut

149 1921 291 1994 abbatias
327 1922 576 2012 commendare,
617 1937 655 1992 ut
693 1921 742 1992 bis
783 1921 941 1994 reditibus
972 1925 1071 1993 vitam
1115 1920 1218 1996 duce·

149 2038 236 2092 rent.
269 2021 410 2092 Accessit
446 2021 591 2092 studium
638 2019 855 2092 restaurandas
895 2023 1079 2092 monastice
1121 2019 1218 2092 disci-

148 2118 269 2214 plius,
300 2145 376 2216 quae
409 2121 444 2189 in
471 2118 619 2215 pluribus
656 2120 857 2188 monasteriis
886 2143 971 2215 pene
995 2118 1119 2188 sublata
1157 2144 1217 2191 ex-

149 2221 316 2316 tinctaque
341 2233 429 2306 erat,
453 2231 487 2288 et
515 2217 626 2315 plures
652 2219 749 2287 etiam
774 2214 879 2287 clerici
906 2215 966 2286 sibi
990 2215 1217 2288 commendata

150 2317 343 2388 monasteria
371 2330 583 2412 acceperunt,
616 2327 654 2386 ut
691 2339 728 2385 ea
760 2329 933 2386 tuerentur
968 2329 1067 2412 atque
1099 2314 1215 2386 desen-

149 2412 277 2484 derent.
322 2413 437 2510 Neque
473 2437 547 2484 tero
587 2414 708 2483 summi
755 2411 949 2502 Pontifices,
988 2428 1045 2482 aut
1074 2409 1216 2485 Concilio

149 2511 269 2582 lactum
306 2535 401 2582 suum
437 2509 613 2608 improbari
650 2536 796 2608 unquam
843 2535 935 2606 posse
974 2510 1214 2600 existimabant,

149 2635 226 2680 curn
266 2611 444 2706 episcopis,
489 2626 547 2678 aut
583 2609 653 2680 aliis
686 2609 807 2680 clericis
851 2607 973 2678 dabant
1015 2607 1139 2680 reditus
1183 2625 1217 2680 et

149 2705 282 2796 fundos,
306 2709 362 2804 qui
388 2705 430 2778 ad
458 2707 619 2803 regulares
648 2707 868 2804 pertinebant.
902 2705 989 2776 lllud
1018 2709 1094 2803 ipsis
1127 2731 1215 2780 curae

149 2819 237 2892 erat,
266 2819 303 2874 ut
329 2804 401 2876 laici
426 2803 568 2878 ecclesiae
604 2805 688 2875 bona
714 2830 783 2876 non
814 2804 1013 2901 diriperent3
1044 2803 1101 2874 sed
1128 2830 1216 2875 scm·

148 2927 209 3000 per
233 2901 375 2998 amplam
399 2901 540 2974 ecclesias
568 2917 760 3000 potestatem
789 2926 856 2972 esse
888 2917 1047 2999 putarunt
1071 2901 1215 2973 tribuen-

150 3000 184 3070 di
228 3000 433 3072 ecclesiastica
477 2999 562 3071 bona
597 3003 685 3072 inter
716 2997 865 3089 clericos,
898 2998 1015 3096 quibus
1047 3025 1084 3070 ea
1115 3003 1215 3096 magis

149 3123 210 3196 pro
237 3115 443 3194 temporum,
466 3096 612 3170 locorum
640 3123 677 3168 ac
707 3122 919 3195 personarum
942 3100 1067 3170 ratione
1095 3122 1215 3170 eonce-

149 3197 257 3268 denda
278 3196 473 3268 ridebantur
502 3196 571 3292 (l).

186 3395 230 3477 (l)
251 3394 437 3458 commende
470 3413 566 3474 neque
589 3394 717 3464 laudari,
744 3413 840 3475 neque
867 3393 1027 3474 improbari
1053 3397 1213 3475 generatim

148 3486 286 3557 possum,
301 3479 344 3538 uti
361 3476 568 3538 animadvertit
581 3479 698 3559 Rigant.
714 3477 747 3538 in
764 3497 826 3560 rep.
849 3479 890 3539 ts
909 3473 1029 3540 cancell.
1053 3495 1138 3538 oum.
1154 3479 1212 3554 te,

149 3569 180 3621 et
199 3578 275 3639 sepe
306 3560 405 3621 multae
421 3567 490 3621 sunt
510 3579 614 3637 cause,
636 3578 702 3637 quae
723 3559 787 3620 illas
809 3577 868 3620 non
891 3565 1005 3620 tanturn
1030 3558 1133 3636 utiles,
1162 3559 1214 3620 sed

148 3641 235 3703 etiam
248 3643 421 3704 necessitas
431 3642 551 3702 faciunt.
566 3641 700 3724 synodus
711 3640 794 3704 Trid.
809 3659 872 3702 rem
883 3658 999 3701 omnem
1012 3656 1047 3698 cx
1057 3637 1213 3718 prudentio

85 3749 88 3766 ·
147 3743 181 3785 ac
194 3725 301 3804 pietate
322 3727 406 3785 llom.
422 3723 586 3801 Pontificis‚
608 3732 695 3802 atque
715 3731 929 3802 extemporum
946 3722 1058 3782 ratione
1076 3722 1212 3782 aestimmi

147 3805 250 3866 voluit.
272 3803 346 3866 llinc
368 3805 450 3866 sedes
464 3807 564 3885 apost.
585 3805 700 3866 nonnisi
719 3823 755 3866 ex
767 3805 853 3885 justis
869 3803 978 3877 causis,
1001 3819 1160 3881 rerumque
1180 3821 1213 3864 ec

146 3889 278 3948 locorum
298 3887 397 3949 bobila
417 3889 531 3948 ratione
550 3887 734 3948 commendas
760 3885 907 3961 concedit3
932 3885 1003 3964 quin
1023 3885 1110 3945 etiarn
1135 3901 1212 3963 saepe

146 3969 185 4032 ab
203 3987 237 4032 ea
260 3970 381 4050 rejectos
403 3977 515 4034 comus
532 3987 631 4050 preces
655 3971 731 4050 ipsas
748 3969 930 4049 principum,
953 3967 1004 4045 qui
1027 3965 1212 4030 commendas
