3140 5168
531 443 817 552 ·.·⁵5⁷··.

143 591 174 694 ς.
201 589 380 665 'CXXXI
435 591 579 666 Nunea
622 562 826 688 generalibus
859 591 1101 690 impedimentis
1130 595 1172 668 ad

90 689 303 789 particularia
323 693 504 764 veniamus.
536 687 625 762 Sunt
650 693 749 786 igitur
777 692 834 790 qui
859 716 926 764 non
950 715 1086 784 omnes,
1114 695 1171 766 sed

89 791 218 887 aliquas
248 793 284 860 in
315 791 430 903 speeie·
450 791 581 886 nuptias
618 791 702 860 inire
720 787 976 903 prohibentur,
1009 807 1115 890 atque¹
1135 793 1170 864 id

91 891 245 986 quinque
279 887 321 960 de
346 912 470 976 cauus,
504 911 642 985 quarum
676 912 782 984 prime
814 901 865 958 est
893 891 1064 982 cognatio,
1096 915 1173 987 quae

89 985 213 1083 triplex
242 977 313 1076 est’,
355 985 528 1078 naturalis,
572 984 681 1082 legalis
729 1010 785 1055 seu
826 983 942 1074 civilis,
981 989 1167 1084 spiritualis.

92 1081 254 1180 Cognatio
281 1083 437 1155 naturalis
467 1083 633 1154 vinculum
665 1097 715 1156 est
749 1107 982 1180 personarum,
1010 1111 1084 1183 quas
1111 1113 1171 1186 per

91 1184 337 1276 generationem
370 1182 412 1253 ab
448 1181 565 1254 eodem
587 1182 775 1280 propinquo
812 1183 922 1278 stipite
953 1180 1167 1258 descendunt.

91 1279 204 1377 Stipes
232 1295 281 1352 est
310 1279 383 1366 ille,
413 1307 430 1354 s
454 1305 520 1379 quo
550 1279 734 1382 procedunt
756 1281 801 1370 ii,
819 1281 864 1354 de
881 1304 1022 1378 quorum
1045 1307 1170 1380 cogua-

95 1381 190 1450 tione
209 1380 384 1476 quaeritur.

147 1473 177 1574 ς.
221 1475 397 1548 CXXXII.
438 1476 652 1548 Distribuitur
678 1478 827 1572 cognatio
857 1477 891 1545 in
926 1473 1047 1566 lineas,
1075 1477 1172 1552 lineae

92 1577 131 1645 in
169 1574 299 1670 gradus.
331 1575 432 1646 Linea
459 1577 555 1647 series
587 1591 635 1647 est
667 1599 879 1672 personarum
916 1575 1072 1668 sanguine
1096 1601 1172 1649 eon·

89 1674 302 1770 junctarum
335 1674 453 1770 gradus
486 1689 564 1744 sunt
584 1671 751 1745 intervalla
788 1671 905 1742 harum
933 1696 1169 1769 personarum,

94 1769 217 1868 quibus
253 1787 420 1868 tamquam
468 1773 599 1870 punctis
637 1771 722 1844 linea
758 1768 949 1860 oonfioitur,
995 1786 1028 1841 et
1053 1771 1172 1870 quibus

95 1871 260 1960 noscitur,
305 1895 384 1968 quse
420 1895 557 1969 persona
589 1871 691 1968 stipiti
731 1871 947 1968 propinquior
979 1871 1032 1939 sit.
1069 1869 1171 1943 Linea

93 1965 148 2036 rel
181 1984 266 2038 reeta
296 1983 365 2060 est,
423 1993 473 2040 uae
496 1973 659 2068 genitores
686 1983 720 2040 et
761 1969 885 2064 genitos
915 1969 1080 2055 continet3
1119 1969 1171 2042 rei

94 2079 275 2136 transversa
315 2083 349 2138 et
388 1995 539 2165 (iiiique,
578 2092 643 2164 qua
680 2063 1005 2162 comprehenduntur
1036 2069 1093 2163 qui
1131 2095 1171 2139 ex

95 2160 198 2234 latere
234 2168 402 2266 conjuncti
427 2181 516 2237 sunt.
558 2163 644 2238 Com
667 2164 703 2234 hi
744 2165 814 2261 pari
851 2161 955 2260 gradu
986 2163 1108 2235 distant
1152 2194 1171 2237 a

95 2263 226 2356 stipite,
279 2263 363 2336 linea
397 2281 575 2336 transversa
626 2261 760 2360 aequalis
799 2277 868 2349 est,
927 2287 1002 2332 eum
1049 2261 1171 2335 distant

95 2357 199 2452 gradu
230 2359 368 2460 dIspnri,
396 2365 552 2432 nimirum
575 2360 656 2432 alter
679 2360 782 2432 altero
809 2362 965 2432 remotior
985 2377 1051 2451 est,
1089 2365 1171 2434 inae-

97 2457 202 2553 qualis
229 2459 359 2531 dicitur.
404 2461 451 2532 Ite
479 2459 593 2531 iratres
623 2476 657 2531 et
688 2483 832 2549 sorores,
878 2460 935 2555 qui
959 2459 1126 2554 aequaliter
1152 2488 1170 2531 a

96 2571 190 2650 patre
218 2557 353 2648 distant,
383 2561 529 2656 itemque
556 2559 677 2630 horum
700 2555 781 2648 filii,
825 2558 882 2655 qui
905 2555 1052 2629 similiter
1080 2562 1171 2656 pari-

96 2653 157 2724 bus
190 2655 365 2728 intervallis
412 2656 453 2727 ab
489 2681 548 2728 aro
592 2658 829 2752 sejunguntur,
858 2657 893 2726 in
926 2653 1012 2724 linea
1050 2658 1169 2754 aequeIi

96 2769 194 2841 sunt,
221 2771 356 2852 patruus
378 2772 412 2826 et
438 2755 545 2826 fratris
571 2755 658 2828 fitius
684 2757 718 2825 in
746 2751 832 2824 linea
858 2752 1013 2850 inaequali
1035 2780 1170 2826 vemen-

95 2864 169 2938 tur,
195 2855 349 2949 quoniam
381 2853 462 2924 alter
489 2878 640 2944 sursum,
674 2851 756 2924 alter
787 2849 940 2922 deorsum
977 2852 1098 2942 fertur,
1133 2872 1167 2926 et

96 2948 150 3020 iIIe
171 2949 211 3020 ad
230 2977 437 3024 eommunem
455 2954 599 3048 stipitem
640 2953 749 3048 ropius
771 2948 906 3022 aoeedit.

143 3046 175 3148 ς.
215 3047 407 3120 CXXXIII.
445 3049 525 3120 Iure
557 2977 642 3120 eiviii
671 3073 735 3118 una
781 3062 815 3118 et
842 3073 865 3145 p
925 3063 998 3120 etna
1037 3049 1168 3144 regula,

95 3147 128 3215 in
161 3147 314 3218 omnibus
336 3147 428 3219 lineis
448 3145 566 3242 gradus
591 3161 826 3235 numerantur,
854 3149 896 3217 se'
912 3149 974 3218 ieet
1000 3161 1171 3245 perarate

93 3269 248 3340 persona
284 3247 443 3345 pradum
471 3245 595 3415 adpicit
625 3243 693 3342 (1),
740 3247 806 3316 sive
830 3259 880 3316 tot
921 3243 1058 3339 gradus,
1089 3263 1171 3344 quot

98 3345 322 3435 generationes
368 3359 458 3415 sunt.
537 3345 664 3414 etinent
707 3341 792 3413 hane
837 3341 986 3414 eamdem
1025 3345 1171 3439 regulam

97 3442 178 3511 sacri
217 3467 357 3514 canones
382 3443 417 3512 in
445 3439 530 3511 linea
562 3455 669 3530 reeta,
699 3442 760 3512 nisi
800 3439 891 3538 quod
924 3445 1171 3537 generationum

97 3537 169 3610 loco
200 3565 353 3636 personas
379 3553 541 3638 usurpant
563 3553 597 3608 et
635 3541 700 3629 ita,
726 3553 829 3636 quot,
871 3537 946 3610 dem
972 3555 1006 3611 to
1038 3541 1168 3634 stipite,

98 3661 247 3732 personae
279 3653 375 3728 sunt,
407 3637 546 3709 totidem
573 3635 690 3733 gradus
722 3653 910 3708 numerant.
945 3565 1055 3722 guare
1082 3637 1170 3708 filios

97 3737 182 3830 petri
214 3753 260 3807 est
300 3739 407 3834 primo
445 3733 549 3831 gradu
579 3737 792 3834 oonjuuctus,
831 3735 986 3832 quoniam
1025 3759 1089 3804 una
1118 3735 1172 3806 hic

99 3837 282 3925 generatio,
306 3837 373 3906 sire
397 3860 481 3924 uua,
516 3832 649 3931 dempto
681 3835 722 3904 sti
746 3835 812 3924 ite,
843 3857 981 3930 persons
1008 3849 1079 3922 est,
1107 3859 1171 3904 ne·

99 3955 156 4024 pos
188 3931 230 4002 ab
257 3958 315 4006 uro
344 3931 441 4004 distat
476 3930 617 4004 seeundo
649 3859 773 4027 gratiis,
806 3933 960 4027 quornm
989 3927 1067 4002 duee
1112 3957 1174 4026 ge·

98 4032 294 4122 uenationes,
330 4033 396 4103 sive
435 4030 532 4122 dum,
572 4029 699 4103 sublato
725 4029 855 4125 stipite,
888 4050 1057 4198 persouap5
1077 4047 1165 4102 suut.

201 4152 279 4201 τοι.
307 4154 332 4202 1.
1062 4179 1071 4197 ·
