3122 5170
505 883 527 900 ..
587 873 639 892 .-
717 820 1066 911 sterion.
1187 791 1191 798 ’

699 1023 735 1087 bt
756 1019 916 1087 Persioaibu
935 1017 1112 1083 celuiutieir.

209 1289 228 1310 .,
261 1321 271 1336 ”
311 1361 315 1370 ·
373 1346 633 1415 rimemur
942 1347 1048 1401 mxu.
1066 1347 1126 1410 oua
1147 1345 1266 1398 smum
1282 1343 1438 1415 msa-uu

374 1416 458 1466 XXXI.
471 1414 530 1478 Quis
539 1414 679 1492 pensionem
690 1413 834 1492 constituat!
1008 1413 1439 1516 ncnsubjipipnturerquimba·

373 1481 866 1625 ttduaaa'ruuuuu
943 1480 1182 1610 matut
1203 1544 1291 1613 ....
1311 1542 1439 1612 ...μ

1011 1623 1062 1664 tur.

815 1751 845 1854 g.
881 1751 999 1826 xxx.

425 1901 543 1974 Pensio
569 1905 605 1972 in
630 1927 666 1972 re
692 1904 845 1974 canonica
867 1918 917 1973 ert
943 1917 1031 1974 certa
1060 1926 1134 1998 pars
1171 1899 1361 1990 redituum,
1386 1904 1442 1998 qui

377 2025 416 2072 ex
440 1999 545 2072 alieno
575 2000 736 2073 beneficio
772 1999 1008 2091 detrahuntur,
1043 2016 1142 2098 atque
1177 1997 1274 2071 aliem
1305 1998 1440 2088 clerico,

373 2100 460 2197 justa
495 2097 536 2169 de
575 2123 668 2170 eausa
707 2117 741 2170 et
780 2098 923 2193 legitima
959 2101 1169 2186 auctoritate,
1224 2099 1438 2192 assignanurr.

378 2199 610 2294 Antiquissima
642 2213 692 2268 est
725 2198 815 2292 origo
853 2201 1046 2294 pensionum
1074 2212 1108 2266 et
1130 2221 1242 2267 earum
1278 2199 1314 2266 in
1342 2193 1441 2267 Chul·

378 2294 551 2367 cedonensi
584 2294 639 2392 (1)
683 2311 781 2394 atque
825 2294 989 2392 Ephesino
1018 2293 1153 2367 concilio
1190 2294 1246 2391 (1)
1297 2291 1442 2392 exempla

378 2409 467 2464 sunt.
497 2393 581 2464 Nam
615 2419 749 2492 aequum
775 2393 966 2492 judicarunt
999 2393 1131 2482 Patres,
1153 2407 1192 2463 ut
1222 2391 1332 2463 clerici
1360 2417 1441 2489 pau-

378 2517 493 2587 peres,
534 2495 591 2590 qui
618 2493 715 2590 justis
748 2491 790 2563 de
814 2495 914 2562 causis
945 2491 1085 2564 ecclesie
1112 2516 1179 2562 suae
1203 2515 1275 2562 non
1299 2489 1441 2563 deservi-

379 2605 466 2678 rent,
499 2613 538 2658 ex
559 2591 774 2662 ecclesiasticis
799 2590 892 2664 bonis
921 2590 1072 2662 alimenta
1094 2589 1294 2662 obtinerent.

420 2729 461 2818 (1)
481 2740 569 2800 eone.
583 2737 719 2800 Chalced.
732 2748 788 2800 oct.
805 2742 860 2815 10,
874 2741 913 2800 11
928 2748 998 2800 um.
1012 2735 1098 2800 sect.
1110 2739 1184 2814 1111,
1199 2739 1259 2799 1161
1270 2733 1339 2798 coll.
1353 2737 1439 2800 Hard.

413 2821 462 2962 pt)
481 2823 570 2881 conc.
585 2821 691 2900 Ephes.
707 2829 767 2882 oct.
780 2823 798 2883 7
809 2841 854 2904 cp.
870 2821 911 2883 nd
920 2839 989 2904 syn.
1004 2817 1157 2903 Pcmpbii.
1175 2829 1245 2880 wm.
1263 2816 1442 2881 16611616

379 2919 412 2962 oo
438 2945 446 2961 .
469 2900 566 2984 ejusd.
589 2905 651 2964 Alia
664 2904 752 2964 etiam
765 2913 923 2964 occurrunt
944 2904 1074 2983 exempla
1090 2903 1280 2982 pensionum,
1297 2920 1443 2980 qrreeon·

380 3001 467 3044 casse
480 2993 549 3044 sunt
561 2987 703 3065 episcopis
715 2986 761 3046 vel
775 2989 856 3047 senio
869 2985 1023 3063 consectis,
1041 2985 1088 3045 vel
1107 2985 1236 3045 bostium
1249 2985 1363 3064 impetn
1375 2985 1443 3046 sede

380 3066 488 3144 pulsis,
503 3065 548 3126 vel
559 3069 670 3128 clericis
681 3071 713 3128 in
729 3070 937 3129 monasterium
947 3067 985 3129 ad
1057 3065 1147 3128 ndam
1157 3067 1362 3146 penitentiam
1375 3085 1443 3128 oon—

376 3145 478 3225 jcctis,
493 3148 572 3226 apud
586 3153 617 3210 S.
631 3154 719 3231 Greg.
735 3155 774 3213 11.
787 3147 871 3212 litt
919 3087 1066 3227 ddjdd.
1080 3152 1099 3209 b
1114 3168 1159 3232 ep.
1176 3151 1228 3224 11,
1241 3145 1294 3209 dib.
1309 3151 1349 3210 ¹5
1363 3151 1444 3230 epti

381 3227 435 3289 cod.
459 3232 536 3306 666,
553 3233 626 3309 757,
643 3235 806 3295 11181616.
830 3235 863 3310 1,
886 3241 916 3294 et
929 3233 1008 3312 apud
1019 3236 1065 3295 Jo.
1082 3233 1243 3294 Diaconum
1257 3231 1292 3291 iu
1305 3231 1372 3314 ejus
1391 3231 1441 3292 uit.

381 3307 430 3372 tt.
447 3313 547 3394 deep.
562 3315 619 3383 17,
641 3312 731 3376 etto.
747 3313 924 3377 1669601.
946 3317 986 3376 97
1000 3323 1028 3375 et
1052 3316 1111 3376 1111
1132 3321 1203 3375 mm.
1225 3315 1246 3374 1
1265 3331 1337 3396 opp.
1351 3310 1442 3396 ejusd.

382 3397 415 3457 S.
432 3397 519 3478 urcy.
534 3398 581 3457 11.
598 3393 644 3457 ed.
659 3395 709 3458 cit.

429 3525 460 3624 §.
487 3526 620 3598 XXXI.
654 3525 750 3600 Initio
782 3529 953 3624 pensiones
986 3524 1242 3598 detrahebantur
1269 3551 1310 3596 ex
1341 3525 1446 3600 eccle·

381 3625 436 3695 siae
465 3625 646 3715 reditibus,
679 3628 796 3723 quiin
825 3651 925 3697 unam
954 3651 1059 3697 aream
1092 3621 1324 3715 confluebant,
1354 3625 1446 3697 ideo-

382 3747 447 3819 que
470 3727 638 3822 episeopus
673 3737 819 3820 poterat,
855 3749 932 3794 curn
973 3727 1062 3823 justa
1102 3722 1229 3794 adesset
1260 3747 1377 3812 musa,
1408 3749 1446 3794 ex

382 3825 548 3893 communi
586 3825 700 3894 aerario
740 3821 857 3895 borum
895 3821 1062 3894 redituum
1104 3835 1233 3918 partem
1274 3820 1449 3918 decerpere

382 3944 520 4018 eamque
556 3920 678 3993 clericis
711 3947 779 3995 non
812 3921 1026 3994 servientibus
1053 3921 1225 4018 assignare.
1268 3919 1316 3992 At
1352 3921 1447 3992 insti·
