3140 5168
774 549 995 622 -tet-

271 709 274 716 ’
347 655 531 767 indicativam
553 702 641 766 habet
660 685 803 776 formam,
818 687 897 780 quod
917 699 1063 764 Areudius
1081 699 1172 762 reicrt
1190 695 1277 762 ott
1299 717 1372 784 esp.
1387 703 1419 763 s.

347 790 448 849 Plures
459 789 546 847 etiem
561 785 700 847 describit
723 784 853 846 Morinus
866 783 904 868 de
923 785 1061 845 Setrcm.
1080 803 1159 865 pen.
1176 780 1227 844 lib.
1245 785 1263 843 8
1278 801 1346 866 cop.
1367 787 1420 862 te,

346 871 469 930 aliarum
487 869 674 931 ecclesiarum
690 868 900 948 iormas,·''quse
920 873 1067 946 conceptae
1078 874 1148 926 sunt
1161 865 1260 926 verbis
1273 875 1324 926 aut
1337 867 1422 927 indi-

210 953 220 1020 j
346 953 462 1027 cativis,
490 959 541 1012 aut
560 951 695 1032 precibus
718 949 906 1032 intermistis.
932 948 1008 1010 Vide
1032 947 1205 1010 blenardnm
1230 947 1264 1008 in
1286 955 1347 1010 not.
1380 947 1422 1010 od

151 1059 153 1067 ·
225 1032 228 1038 ’
345 1052 476 1095 sacrem.
495 1035 526 1096 S.
542 1035 630 1116 Greq.
643 1039 705 1095 not.
722 1033 782 1092 ott
798 1027 861 1092 'cols
873 1031 931 1093 ott
946 1038 1048 1114 etseq.
1065 1031 1172 1090 torui
1216 1047 1257 1172 p.
1280 1031 1313 1091 S.
1327 1031 1420 1114 Grec.

347 1114 395 1177 ed.
407 1115 509 1178 Pare.
527 1119 606 1178 1⁷05
613 1161 622 1193 ,
639 1124 669 1176 ct
683 1115 859 1176 Marteniurn
873 1112 910 1176 de
923 1112 1018 1196 antiq.
1042 1109 1111 1174 eccl.
1134 1112 1187 1172 rit.
1243 1155 1255 1172 .
1284 1115 1296 1172 t
1314 1131 1384 1196 cup.
1401 1114 1421 1174 7

197 1284 201 1292 1
347 1205 406 1258 ort.
426 1196 485 1280 5§.
503 1201 602 1260 ltom.
624 1201 718 1280 ipae.
737 1198 791 1256 tot
808 1193 922 1266 edsseit.

388 1279 430 1362 (ὅ)
451 1281 557 1343 Confer
582 1281 692 1342 Bened.
720 1281 790 1342 xiv
814 1275 851 1338 dt
868 1273 974 1362 synod.
998 1274 1080 1339 dioec.
1101 1272 1151 1336 lib.
1174 1277 1194 1336 8
1215 1297 1282 1360 cnp.
1308 1279 1339 1354 ἢ,
1367 1276 1420 1338 ubi

348 1363 507 1440 queritur,
526 1382 599 1424 num
618 1369 738 1444 propter
752 1361 877 1422 lormarn
898 1359 1017 1422 directis
1039 1357 1137 1421 verbis
1158 1360 1299 1438 prolatam
1321 1379 1422 1422 sacra«

349 1452 483 1508 mentum
496 1447 601 1507 valcat.

391 1525 434 1608 (t)
455 1526 532 1590 Vide
545 1525 705 1590 Arcadium
721 1521 778 1586 loc.
793 1525 843 1588 cit.

396 1703 426 1804 §.
460 1705 565 1778 XCll.
619 1705 768 1778 Minister
795 1705 894 1805 hujus
924 1706 1115 1776 sacramenti
1135 1703 1211 1801 jure
1235 1701 1345 1774 dirino
1373 1719 1423 1774 est

348 1806 534 1902 episcopus,
577 1817 634 1874 aut
667 1804 834 1895 sacerdos,
864 1805 1028 1900 'quoniam
1063 1819 1202 1898 uterque
1236 1803 1423 1898 presbyter

350 1919 419 1990 est,
452 1929 552 2000 quem
577 1901 715 1974 lacobus
747 1917 906 1974 memorat
932 1901 998 1998 (i).
1027 1901 1251 2004 Etvquoniam
1280 1897 1420 1970 lacobus

350 1999 469 2096 plurali
499 2025 637 2073 numero
691 2003 880 2098 rcebyteros
909 2003 1075 2090 nominat,
1111 1998 1221 2096 plures
1250 1995 1330 2068 olim
1369 2023 1422 2068 sa·

350 2097 497 2170 cerdotes
529 2097 618 2196 apud
649 2029 780 2171 {latinos
816 2101 921 2171 vocari
951 2097 1098 2169 solebant
1130 2095 1205 2196 (ἢ),
1246 2097 1295 2164 uti
1332 2121 1419 2168 nono

351 2198 447 2266 etiam
473 2195 584 2292 plures
610 2223 628 2266 a
660 2195 780 2269 Graecis
808 2213 965 2269 vocantur
989 2197 1062 2296 (5),
1089 2193 1131 2265 ed
1156 2195 1218 2268 boc
1243 2219 1418 2265 sacramen·

351 2309 422 2362 tum
450 2293 757 2366 administrandum.
787 2293 852 2365 Sed
876 2294 1005 2392 jamdiu
1035 2299 1069 2364 in
1098 2291 1291 2366 occidentali
1322 2293 1417 2363 cocle·

351 2393 395 2460 sia
433 2395 580 2463 universa
617 2409 747 2463 tuntum
786 2393 931 2463 sacerdos
968 2419 1051 2463 unus
1086 2391 1281 2482 adhibetur,
1321 2405 1415 2488 atque

351 2515 426 2560 curn
454 2489 559 2562 solum
584 2507 672 2562 recte
700 2507 861 2586 aegrotum
888 2493 1046 2586 inungere
1073 2506 1166 2563 certo·
1183 2493 1261 2589 jure
1290 2503 1414 2560 cautum

352 2605 400 2658 est
443 2589 510 2687 (4)
547 2589 623 2661 Non
651 2593 740 2660 enim
776 2587 909 2687 pluralis
939 2615 1114 2679 numerus,
1150 2614 1249 2686 quem
1285 2585 1418 2658 lacobus

352 2690 525 2784 expressit,
562 2689 708 2758 divinum
745 2687 879 2785 aliquod
911 2713 1015 2783 praece
1040 2702 1111 2758 tum
1143 2689 1316 2772 continct3
1348 2711 1419 2756 curn

352 2789 533 2880 praesertim
564 2789 600 2856 in
635 2789 729 2858 sacris
754 2785 844 2856 libris
879 2811 964 2884 saepe
995 2713 1131 2884 pluralis
1159 2809 1315 2856 numerus
1352 2787 1423 2854 sin·

354 2882 472 2976 gularis
502 2887 605 2955 ricem
635 2883 781 2956 obtineat
808 2884 875 2979 (5).

392 3080 434 3160 (t)
455 3083 542 3143 Cone.
565 3081 649 3144 rrid.
673 3081 723 3142 cit.
746 3099 816 3144 sees.
830 3081 870 3141 il
883 3099 951 3162 cap.
969 3083 1002 3158 53
1017 3083 1118 3144 innoc.
1135 3079 1212 3142 icit.
1227 3097 1273 3162 cp.
1290 3077 1343 3140 ad.
1358 3083 1419 3142 iis·

355 3171 429 3224 ceut.
450 3160 602 3245 Eupubin.
618 3183 685 3245 cop.
701 3167 736 3242 83
753 3181 842 3242 quern
856 3163 887 3223 iu
910 3165 1006 3224 locum
1018 3165 1085 3226 vide
1107 3167 1187 3226 Pctr.
1212 3165 1365 3224 coustant.
1392 3161 1423 3222 io

353 3253 416 3306 cot.
442 3242 496 3306 col.
521 3247 595 3323 stt,
622 3245 674 3306 ubi
692 3265 809 3307 omnem
826 3245 924 3306 evellit
944 3248 1131 3325 scrupulum,
1156 3263 1245 3324 quem
1268 3245 1346 3308 iorte
1369 3244 1423 3304 alia

356 3327 446 3405 ipsius
460 3330 560 3389 innoc.
577 3329 665 3390 verba
681 3328 719 3390 de
730 3328 865 3390 ministro
875 3335 1013 3390 extreme
1028 3329 1173 3390 unctionis
1186 3328 1307 3407 injicere
1320 3327 1424 3388 viden-

358 3417 408 3468 tur
418 3427 512 3489 posse.

396 3493 437 3573 (2)
459 3491 493 3553 ld
505 3493 606 3554 multis
620 3491 746 3552 collectis
761 3491 958 3554 monumentis
970 3491 1130 3553 ostendunt
1143 3489 1299 3554 Menardus
1312 3491 1345 3554 in
1366 3495 1423 3554 Sc·

352 3591 446 3636 cram.
475 3576 507 3636 S.
535 3574 623 3658 θη).
648 3582 710 3636 oct.
728 3576 787 3635 909
804 3573 857 3636 col.
886 3577 945 3636 ott
967 3571 1020 3635 loc.
1042 3575 1102 3654 eit,
1126 3583 1156 3636 et
1177 3575 1338 3638 Martenius
1368 3573 1420 3636 loe.

353 3657 402 3718 cit.
425 3655 452 3738 3.
476 3658 506 3718 5.
525 3656 760 3735 Quoedisciplina
774 3656 871 3718 adhuc
892 3657 925 3718 in
947 3658 1046 3719 Galliis
1059 3657 1176 3738 vigebat
1200 3677 1265 3719 sec.
1284 3661 1355 3734 ΧΗ,
1379 3658 1423 3718 uti

355 3746 435 3817 patet
454 3757 490 3800 ex
503 3737 759 3818 constitutionibus
774 3739 884 3801 Odonis
898 3740 1023 3819 episcopi
1041 3741 1210 3800 parisiensis
1230 3740 1308 3820 apud
1331 3740 1423 3802 ilerd.

356 3817 429 3882 eott.
455 3840 536 3884 conc.
559 3831 629 3884 toro.
656 3823 762 3903 dpcr.
786 3823 806 3882 ἓ
828 3819 885 3884 col.
913 3824 1009 3898 (Μὴ
1029 3821 1088 3883 imo
1108 3839 1178 3884 vcro
1196 3840 1261 3883 cam
1286 3822 1423 3902 deinceps

356 3903 443 3964 etiarn
456 3903 645 3985 consequenti
656 3910 740 3964 oetate
753 3903 925 3980 obtinuisse,
941 3905 1143 3966 demonstrant
1154 3904 1305 3985 synodalia
1319 3913 1424 3966 statuta

357 3987 543 4048 ecclesiarum
557 3985 725 4062 AEduensis,
749 3985 954 4061 cadurcensis,
976 3985 1174 4048 Rutbenensis
1196 3996 1226 4047 et
1245 3989 1434 4064 Tutelensis,

356 4067 434 4146 apud
449 4070 623 4128 Merteniurn
637 4087 704 4150 cap.
730 4068 768 4129 il
791 4075 859 4129 tom.
875 4071 894 4128 l
913 4065 1051 4129 dnccdot.
1076 4071 1165 4129 Recte
1184 4069 1424 4130 tameuaninrad·

357 4149 445 4210 rertit
457 4150 520 4227 ipse
541 4153 715 4232 martenius,
737 4151 816 4212 illum
837 4150 934 4212 letinae
958 4151 1084 4212 ecclesie
1102 4152 1344 4214 consuetudinem
1363 4169 1419 4213 non
