3134 5144
771 375 1007 478 '-uss-

355 563 436 617 retot.
448 562 477 616 et
488 553 595 638 qualit.
612 554 708 618 ordin.
726 575 837 616 annum
848 555 996 618 decimum
1010 563 1143 622 oetaeum
1155 551 1300 616 definivit.
1317 557 1426 626 Diuor-

356 655 408 698 nos
420 655 487 698 vero
501 648 570 780 pirate
581 656 672 699 anuos
687 641 742 717 25,
754 638 941 719 presbyteros
954 643 1022 698 ante
1038 655 1130 722 apnos
1149 637 1188 698 50
1201 637 1332 722 ordiu‘uri
1343 647 1428 704 vetut

356 721 491 779 odetti
526 719 644 782 ests.
1013 719 1017 726 ’
1070 713 1077 726 ‘
1116 713 1119 722 ¹
1215 739 1221 754 ·
1394 741 1411 768 ··

396 799 438 881 (tl
459 803 502 861 lta
525 801 668 862 sancitum
684 809 728 863 est
750 821 768 862 a
787 803 840 864 Pio
858 805 896 864 ll.
919 800 1043 864 constit.
1068 803 1142 862 Cum
1165 817 1376 878 suasoriarum
1406 805 1429 866 9

356 890 426 941 toan.
452 883 557 965 iper.
585 885 603 944 5
626 903 698 965 pop.
723 887 781 946 109
801 881 940 961 ludarii,
965 881 1035 944 edit.
1060 879 1118 943 ult.
1141 884 1309 956 Graviores,
1332 903 1430 962 quam

354 981 420 1040 quaa
431 963 485 1024 hae
496 965 701 1026 constitutione
711 966 1048 1046 eomprehendereutur,
1060 981 1159 1043 poenus
1168 963 1275 1024 indixit
1285 965 1383 1026 sixtus
1396 970 1429 1031 V

356 1045 388 1104 iu
404 1045 452 1108 eit.
468 1050 583 1122 martit.
601 1048 746 1110 Senatum
765 1049 824 1111 tuo
842 1067 876 1131 p.
897 1051 937 1109 to
955 1057 1025 1110 torn.
1047 1048 1149 1128 iper.
1171 1048 1200 1122 t,
1222 1045 1273 1106 sed
1288 1065 1336 1108 ees
1357 1065 1432 1110 sus-

356 1127 439 1204 tulit,
467 1137 497 1189 et
518 1130 713 1208 antiquiorem
731 1127 777 1192 Pii
805 1135 833 1193 ll
858 1131 1109 1204 constitutionem,
1137 1127 1219 1206 cujus
1246 1145 1326 1190 nuno
1346 1130 1431 1191 lauta

355 1211 466 1270 mentio
479 1219 538 1287 est,
563 1213 673 1273 seruari
691 1213 783 1274 voluit
801 1214 934 1275 Clemens
955 1215 1024 1274 v111
1046 1210 1096 1270 cit.
1115 1209 1432 1273 Constit.1iomuuum

357 1293 411 1350 lit
432 1311 503 1374 pap.
530 1295 568 1354 97
586 1301 655 1354 tom.
680 1297 782 1389 dpur.
802 1291 961 1356 idullurit'
981 1291 1051 1354 edit.
1071 1290 1122 1352 ait.
1146 1293 1234 1352 Plana
1252 1291 1430 1354 constitutio

355 1381 469 1434 tantum
491 1383 631 1436 memorat
652 1374 772 1440 udones
791 1395 905 1453 saeros,
931 1395 967 1438 ex
988 1392 1048 1454 quo
1064 1371 1180 1434 oonfieit
1202 1373 1355 1456 ltiguntius
1376 1374 1428 1436 ud

355 1451 448 1536 repul.
473 1459 512 1516 ll
534 1453 657 1520 eoueell.
681 1456 708 1540 S.
735 1461 754 1520 l
780 1477 865 1520 oum.
888 1459 942 1535 Ἃ),
965 1475 998 1518 ea
1026 1473 1111 1535 poeua
1132 1462 1247 1516 tantum
1272 1456 1336 1516 illos
1359 1473 1431 1518 esse

355 1535 536 1616 plectendos,
556 1541 606 1618 qui
627 1539 766 1619 majores,
789 1559 849 1602 nou
873 1541 944 1602 item
963 1540 1014 1618 qui
1039 1538 1181 1612 minores,
1209 1537 1327 1598 ordines
1354 1546 1431 1599 ante

354 1617 513 1698 legitimam
543 1629 673 1698 etatem,
699 1624 745 1682 vel
772 1632 855 1684 extra
882 1631 1013 1701 tempora
1037 1640 1053 1680 a
1081 1619 1150 1698 jure
1174 1620 1345 1696 constituta,
1373 1621 1430 1682 vel

354 1699 417 1760 sine
436 1701 542 1762 litteris
560 1703 732 1764 dimissoriis
746 1704 857 1783 proprii
877 1705 1002 1784 episcopi
1019 1709 1224 1780 susceperuut3
1245 1720 1430 1780 quemquam

356 1801 440 1842 nune.
464 1786 503 1844 ut
518 1784 659 1862 fateatur,
675 1784 728 1846 hos
751 1787 839 1848 etiam
861 1785 995 1861 elericos,
1016 1802 1084 1845 oum
1101 1783 1176 1844 absit
1194 1783 1270 1844 bona
1292 1783 1380 1862 tides,
1407 1805 1428 1846 a

354 1871 555 1944 susceptorum
566 1867 704 1929 ordinum
718 1869 855 1930 meudun
869 1886 931 1932 osse
941 1865 1170 1945 suspendendos.
1185 1869 1296 1928 Verum
1308 1865 1339 1926 id
1351 1867 1430 1944 qui-

355 1945 423 2006 dem
444 1954 503 2021 est,
525 1948 605 2025 quod
625 1948 733 2010 dieitur
755 1949 793 2010 de
810 1951 899 2012 Piaua
920 1948 1142 2024 eonstitutione3
1163 1948 1214 2009 sed
1235 1949 1427 2010 lunooeutius

356 2029 411 2088 XII
434 2028 466 2086 in
491 2027 540 2088 eit.
565 2029 689 2093 constit.
714 2029 932 2112 speculatore,
956 2031 1016 2092 eoi
1050 2047 1243 2112 osusperuos
1261 2049 1280 2089 u
1298 2025 1427 2110 Μωρέ

357 2116 457 2169 torum
480 2107 622 2174 ordinum
642 2113 809 2176 executione
834 2111 969 2176 deleret
995 2131 1010 2174 o
1039 2113 1127 2189 ricus,
1153 2114 1205 2192 qui
1228 2111 1289 2172 sine
1310 2111 1427 2172 litteris

355 2190 597 2256 testimonialibus
614 2196 725 2275 proprii
744 2197 886 2278 episeopi,
905 2205 1056 2258 tonsuram
1073 2203 1161 2274 atque
1180 2193 1296 2256 ordiner
1321 2211 1427 2256 susee-

356 2281 475 2350 peruut.

677 2829 993 2922 uuuuuuu
1023 2834 1096 2923 ‘dt

486 3026 578 3107 Quibus
590 3028 668 3093 nodis
681 3029 789 3096 Potestas
799 3033 977 3098 iurisdictionis
990 3041 1015 3096 et
1029 3033 1108 3097 ouria
1122 3029 1287 3098 lutulenta

739 3135 857 3202 Beneieia
870 3141 1032 3220 requirantur.

806 3325 955 3338 *—

353 3443 371 3492 t.
391 3441 499 3492 Potestas
515 3441 689 3508 jurisdictionis
711 3443 845 3512 acquiritur
880 3449 885 3564 p
923 3445 1133 3580 pppaelpppagsiastioo
1148 3446 1305 3515 magistratu,
1320 3445 1357 3498 rel
1374 3447 1429 3501 de·

839 3639 869 3743 p.
898 3643 925 3714 1.

402 3787 604 3860 Porusrsrss
638 3789 870 3888 jurisdictionis
909 3795 1082 3890 acquirunt
1126 3791 1231 3864 elerici
1273 3791 1322 3862 vel
1361 3819 1432 3866 ec-

351 3885 522 3960 clesiastico
558 3891 766 3984 mgistratu,
813 3889 863 3962 rel
907 3890 1120 3988 delegatione.
1155 3888 1223 3975 Qui
1257 3889 1431 3988 jurisdic-

352 3986 440 4055 tione
468 4002 605 4059 utuntur
635 4013 710 4079 sua,
745 4005 779 4058 et
809 3989 904 4060 insita
934 3989 1111 4081 beneficio,
1138 4013 1206 4086 quo
1236 3987 1425 4086 fruuntur,
