3142 5188
787 503 837 518 --
863 459 935 531 646
960 501 1010 514 -

349 613 512 756 fflq'qm
533 618 606 674 tom.
631 609 712 673 251.
737 607 879 674 0551515.
900 611 980 672 1720
999 614 1146 684 nsrmt,a
1166 606 1337 670 1551151555·
1354 607 1430 689 imp.

446 701 541 756 cetum
559 693 649 756 tuisse
670 693 813 774 templum
831 696 883 756 SS.
900 691 1102 772 Apostolorum
1116 686 1150 750 io
1162 707 1220 772 quo
1236 690 1432 772 imperotores

367 796 403 838 ne
422 773 587 837 sacerdotes
606 772 725 858 sepeliri
737 793 801 837 5155
818 785 870 837 est.
893 775 969 836 Vide
985 773 1073 833 etiam
1093 789 1174 831 conc.
1198 775 1330 852 lingunt.
1357 791 1427 836 555.

367 859 427 920 915
447 857 497 920 cit.
516 876 585 918 eon.
610 859 733 918 11555.
750 859 785 934 9,
800 865 831 918 51
845 857 1034 920 Tribnriense
1051 853 1192 916 5551895
1206 873 1273 914 con.
1295 857 1334 916 17
1350 855 1429 934 apud

367 939 457 1002 labb.
471 947 542 1001 totu.
558 940 593 1001 tl
609 937 665 1000 col.
681 935 797 1002 65851.
817 941 889 1000 Van.
902 937 1010 1000 Eodem
1022 937 1135 998 bonore
1146 935 1233 996 etiam
1244 937 1428 997 ecclesurum

366 1021 531 1084 conditores
545 1021 640 1082 5115511
662 1029 748 1098 5551,
763 1020 843 1101 qnod
863 1020 1042 1082 demonstrat
1055 1021 1169 1081 socom
1184 1013 1254 1079 bist.
1270 1015 1321 1080 lib.
1337 1021 1393 1080 95.
1407 1022 1427 1081 2

433 1147 441 1164 .
457 1105 517 1166 556
532 1100 731 1164 5115515115.

367 1122 449 1266 Pudi)
470 1189 563 1248 AEtcte
586 1185 749 1262 Ambrosii,
775 1184 831 1246 boc
844 1191 888 1246 est
901 1186 942 1247 lv
955 1183 1075 1260 seculo,
1093 1181 1240 1262 episcopos
1261 1182 1293 1242 in
1312 1183 1428 1244 55515515

365 1267 483 1347 sepeliri
495 1267 594 1328 solitos
608 1267 712 1343 inisse,
728 1274 840 1328 cunstat
857 1285 893 1326 ex
903 1267 966 1346 ipso
981 1265 1103 1340 Ambe,
1117 1265 1169 1343 qni
1190 1263 1347 1325 1151151551
1359 1265 1429 1326 sub-

366 1357 415 1410 tus
434 1349 525 1410 altore
537 1349 593 1410 sibi
607 1349 785 1428 sepulturum
795 1356 960 1428 paraverat,
975 1355 1005 1408 et
1018 1366 1053 1408 eo
1074 1347 1160 1408 illatis
1171 1346 1302 1408 Gerrasii
1315 1355 1346 1407 51
1360 1349 1430 1408 Pre-

367 1431 433 1491 tesii
445 1431 591 1512 reliquiis,
614 1433 739 1507 511555,
758 1431 869 1510 inquit,
885 1448 932 1512 ep.
949 1431 990 1492 22
1003 1449 1088 1491 5551.
1105 1430 1229 1490 151551.
1247 1431 1266 1488 5
1286 1425 1343 1489 551.
1370 1430 1424 1489 951

367 1511 501 1592 511511,
522 1532 575 1594 ego
589 1513 686 1574 locum
701 1511 975 1592 prmdesbnnvercm
995 1511 1094 1572 mibi.
1117 1553 1151 1571 ..
1168 1553 1176 1570 .
1192 1509 1244 1570 sed
1258 1509 1330 1570 cedo
1343 1512 1431 1571 sacris

368 1595 496 1657 victimis
505 1595 654 1656 dexterum
665 1595 839 1672 portionem.
851 1621 864 1650 s
881 1593 1018 1656 llamdem
1029 1593 1125 1674 quinti
1137 1592 1234 1652 5555511
1246 1593 1335 1654 luisse
1345 1592 1429 1654 disei-

369 1677 496 1756 plinam,
511 1677 638 1740 ostendit
652 1675 813 1737 Pulcheriae
833 1679 970 1758 Anguste
987 1676 1108 1755 epistola
1128 1673 1166 1734 od
1177 1678 1209 1736 S.
1230 1677 1359 1736 Leonem
1374 1678 1430 1751 lt,

369 1777 435 1837 qnae
449 1761 527 1820 inter
541 1761 632 1838 ipsius
650 1758 799 1820 Pontificis
812 1759 946 1838 epistolas
960 1766 1051 1819 exstat
1062 1765 1137 1838 post.
1158 1758 1196 1817 59
1208 1773 1280 1838 pop.
1297 1759 1359 1818 911
1376 1765 1399 1817 1.
1414 1759 1432 1817 1

369 1838 415 1901 ed.
439 1841 500 1918 eit,
525 1841 604 1902 unde
624 1848 736 1902 constat
754 1841 881 1902 Fbvieni
906 1841 1032 1920 episcopi
1054 1842 1111 1901 GP.
1131 1855 1235 1917 cerpus
1252 1838 1343 1900 fuisse
1363 1855 1434 1898 eon·

370 1923 465 1983 ditum
489 1924 521 1982 15
542 1923 661 1984 Basilica
683 1923 894 2002 apostolorum,
911 1923 944 1983 in
961 1941 1023 2006 quo
1043 1928 1257 1983 commouent
1274 1918 1434 2001 prodeces-

369 2021 449 2066 sores
460 2003 590 2086 episcopi
606 2001 735 2086 sepeliri.
758 2005 899 2066 Similiter
916 2023 1021 2084 corpus
1038 2007 1069 2065 S.
1088 2006 1135 2066 lo.
1155 2001 1280 2082 Chrys,
1305 2004 1359 2082 qui
1373 2003 1434 2064 555

370 2087 470 2147 vivens
483 2087 597 2146 dixerat
609 2094 686 2147 orat.
708 2111 722 2141 o
736 2086 822 2162 Quod
835 2085 968 2150 Christus
980 2087 1019 2146 sit
1033 2089 1111 2146 Deus
1132 2103 1220 2145 num.
1234 2085 1253 2143 9
1274 2103 1348 2166 paq.
1377 2087 1434 2147 579

372 2175 442 2228 tom.
465 2170 483 2230 5
508 2165 553 2229 ed.
582 2167 697 2244 Poris,
720 2169 967 2248 Constantinopoli
988 2185 1072 2248 reges
1093 2167 1184 2228 nostri
1210 2185 1348 2246 magnam
1366 2186 1434 2249 gra-

372 2250 442 2312 tiam
466 2258 586 2329 putent,
609 2251 713 2310 55551
737 2269 828 2330 prope
851 2251 1008 2330 apostolos,
1036 2248 1089 2310 sed
1113 2249 1138 2310 si
1160 2246 1208 2308 vel
1227 2257 1311 2309 extra
1334 2267 1435 2310 eorum

370 2330 514 2392 vestibula
536 2351 656 2412 corpore
680 2351 732 2392 555
756 2333 949 2412 sepeliantur,
976 2331 1106 2409 fientque
1126 2330 1304 2410 piscatorum
1324 2333 1433 2392 ostiarii

370 2431 466 2494 rupee,
478 2439 491 2468 n
514 2414 728 2494 Cbrysostomi,
742 2414 879 2494 inquam,
891 2416 999 2476 mortui
1011 2431 1115 2492 corpus
1129 2415 1186 2474 (ΞΡ.
1204 2412 1333 2473 delatum
1347 2422 1434 2492 etque

369 2497 401 2554 15
416 2495 532 2556 55515515
553 2500 605 2559 SS.
620 2496 824 2574 Apostolorum
837 2497 983 2576 sepultum
996 2496 1100 2570 luisse,
1120 2493 1222 2557 scribit
1236 2498 1344 2556 Soerut.
1360 2492 1434 2557 11151.

371 2574 422 2638 lib.
445 2581 545 2660 lcop.
560 2580 600 2638 15
623 2596 694 2660 pop.
719 2575 1025 2640 595511111551555.
1050 2577 1114 2639 Alia
1137 2577 1284 2656 permulta
1296 2595 1331 2638 ea
1351 2577 1390 2638 de
1402 2597 1435 2638 re

371 2667 559 2720 monumenta
573 2657 689 2740 collegit
708 2661 867 2722 llortenios
881 2659 917 2722 de
938 2660 1035 2744 antiq.
1049 2655 1120 2722 eccl.
1135 2658 1188 2720 rit.
1212 2655 1264 2720 115.
1280 2662 1298 2720 5
1312 2677 1382 2742 cop.
1400 2661 1436 2722 15

371 2739 449 2822 §.lt
467 2748 495 2800 51
514 2759 575 2838 seq.
600 2749 669 2803 tom.
688 2743 787 2824 ipaq.
806 2744 866 2803 579
885 2739 998 2804 cited.
1020 2740 1221 2806 1155115551
1240 2739 1438 2803 1555515511·

371 2823 509 2902 quissima
523 2833 610 2884 etiam
624 2831 710 2886 etate
723 2824 854 2904 exempla
871 2823 1012 2886 laieorum
1024 2822 1218 2904 quorumdam
1236 2824 1437 2904 5151515515-

371 2907 524 2979 stantium,
539 2906 590 2984 qui
605 2905 764 2967 1555515515
778 2907 883 2986 sepulti
897 2915 977 2975 sunt.

413 2985 454 3067 (6)
476 2991 646 3066 Kepperns,
669 2988 824 3050 hacreticus
846 2988 982 3050 videlicet
995 2987 1099 3062 bomo,
1120 2985 1212 3049 Polit.
1229 2985 1331 3051 eccles.
1354 2987 1435 3050 1151

372 3087 440 3150 cop.
457 3071 510 3146 15,
528 3071 619 3130 ritum
633 3069 792 3150 sepeliendi
806 3071 979 3132 christianos
993 3073 1024 3131 15
1037 3069 1154 3130 ecclesie
1166 3072 1384 3149 superstitionis
1395 3089 1439 3130 er·

370 3152 449 3230 quit,
472 3160 560 3229 atque
574 3151 650 3214 5555
668 3153 909 3214 consuetudinem
922 3171 959 3214 ex
971 3150 1182 3214 monachorum
1206 3159 1236 3212 et
1253 3153 1438 3214 sacerdotnm

372 3232 492 3294 avaritia
511 3251 545 3294 55
565 3233 706 3296 laicorum
724 3233 883 3296 ambitione
901 3236 1019 3314 repetit.
1042 3233 1150 3296 Eadem
1165 3235 1227 3295 tere
1247 3233 1360 3296 555551
1376 3236 1442 3297 llin-

372 3313 471 3396 gbam.
487 3313 563 3396 erip.
579 3314 647 3377 eccl.
661 3313 713 3377 lib.
735 3319 775 3379 55
788 3335 853 3399 cop.
877 3319 892 3378 1
915 3315 941 3398 §.
958 3317 977 3376 9
998 3324 1021 3375 t.
1038 3318 1077 3376 10
1098 3315 1149 3378 cit.
1172 3314 1232 3392 ed,
1255 3323 1287 3378 et
1300 3317 1440 3397 Espenius

372 3397 443 3458 Jus.
459 3393 526 3458 ecel.
544 3397 630 3458 onio.
649 3416 719 3479 por.
735 3401 755 3458 5
769 3399 816 3460 tit.
832 3401 871 3460 58
887 3416 913 3458 5.
929 3396 987 3479 91.
1004 3400 1043 3459 55
1056 3399 1148 3460 5151.
1165 3401 1270 3460 Fateor
1283 3400 1437 3478 equidem,

373 3479 545 3541 christianos
559 3479 630 3540 olim
649 3489 730 3541 extre
753 3499 846 3542 sacras
865 3479 942 3540 edes
956 3480 1072 3560 sepeliri
1089 3483 1287 3557 consuevisse,
1307 3481 1361 3542 sed
1374 3499 1439 3542 cum

373 3580 406 3621 ca
423 3579 471 3622 res
488 3570 548 3622 1515
565 3563 602 3622 511
627 3561 801 3640 discipilum,
826 3581 891 3642 qnae
909 3563 1035 3623 eeclesiae
1052 3562 1201 3623 voluntate
1216 3571 1366 3636 mutatur,
1381 3581 1439 3624 non

372 3641 474 3719 video,
496 3643 686 3721 quomobrem
705 3643 823 3705 55515515
848 3662 908 3704 555
926 3645 1056 3723 potuerit
1078 3644 1253 3722 decernere,
1280 3653 1314 3706 ut
1340 3644 1439 3706 fideles

372 3725 449 3784 intro
464 3743 559 3787 sacres
573 3725 649 3786 odes
661 3725 849 3804 sepeliantur.
866 3729 1002 3788 Ceterum
1016 3745 1090 3787 nove
1104 3745 1164 3788 non
1176 3735 1231 3802 est,
1245 3745 1300 3786 nec
1312 3727 1437 3806 antiquis

372 3807 470 3884 ignota
485 3808 621 3868 Patribus
639 3807 817 3868 consuetudo
837 3808 997 3886 sepeliendi
1019 3810 1051 3869 15
1072 3807 1192 3870 55515515
1208 3808 1328 3884 fideles,
1350 3825 1438 3886 euque

371 3888 474 3966 procul
488 3887 570 3950 abest
588 3910 606 3950 5
623 3891 828 3969 superstitione
849 3891 1010 3969 ceterisque
1028 3891 1122 3967 vitiis,
1145 3909 1273 3968 quorum
1291 3892 1435 3971 arguitur.

373 3969 457 4029 Mitto
467 3969 523 4030 tria
535 3973 632 4050 priora
646 3971 772 4033 55515515
785 3972 906 4048 555515,
919 3969 1068 4051 inquibus
1082 3972 1248 4032 christianis
1261 3973 1433 4052 templorum

372 4050 436 4110 loco
462 4061 545 4112 erent
567 4055 748 4130 5551515515,
773 4053 873 4134 ibique
898 4073 965 4116 suos
986 4053 1111 4136 egebant
1134 4064 1294 4118 conventus
1321 4063 1352 4116 et
1375 4069 1431 4114 rem
