3164 5174
846 529 991 601 -522
1017 572 1066 596 -.-

447 685 578 746 ncnlium
601 673 841 764 consanguineis,
862 682 909 741 vel
922 679 1059 742 affinibus
1073 681 1206 742 conlerre
1220 681 1423 761 probibentur.
1446 687 1490 745 Dc

426 707 472 830 iis
493 766 753 848 resignationibus,
770 783 840 843 que
856 772 1001 826 roeersata
1019 765 1157 842 pensione
1180 763 1272 842 liunt,
1292 773 1336 826 est
1352 767 1440 826 etiam
1460 767 1490 826 in

426 850 528 930 primis
540 849 695 910 observatu
716 847 804 928 digno
817 847 986 908 constitutio
1003 849 1045 907 Ia
1067 843 1203 908 sublimis
1221 849 1261 908 50
1285 847 1397 910 Bened.
1420 851 1490 910 xlv

425 951 496 1016 pop.
512 933 552 994 45
567 940 637 993 tom.
657 934 668 992 l
687 929 752 1012 ejus
764 925 837 990 buil.
852 927 899 990 ei.
913 931 1013 990 llorne
1029 931 1108 992 1754
1123 928 1202 990 edita
1216 931 1354 992 adversus
1365 931 1492 1010 resigna-

425 1017 533 1092 tiones,
552 1034 618 1094 que
640 1011 715 1074 liunt
733 1019 877 1073 reservata
899 1011 1054 1090 pensione,
1080 1021 1109 1072 et
1133 1030 1239 1073 meane
1257 1019 1339 1092 pacto
1356 1031 1420 1072 eam
1439 1032 1490 1072 ex-

424 1097 577 1180 tinguendi
595 1111 649 1176 per
665 1103 774 1156 certam
792 1095 852 1154 vim
872 1093 1018 1172 pecunie,
1038 1101 1103 1174 quoe
1120 1095 1281 1176 resignanti
1300 1095 1487 1173 persolvitur.

425 1183 476 1242 lle
489 1187 586 1240 autern
601 1178 811 1240 reservatione
829 1177 1077 1256 extinctionesque
1090 1177 1264 1256 pensionum
1284 1177 1375 1237 irrite
1394 1176 1489 1236 decla-

423 1271 544 1338 rantur3
560 1269 699 1340 proteron
713 1261 866 1336 statuitur,
884 1277 921 1319 ne
934 1259 1011 1320 intra
1028 1277 1078 1320 sex
1097 1277 1211 1320 menses
1226 1277 1243 1320 a
1258 1268 1340 1340 capta
1356 1257 1489 1320 beneficii

425 1343 605 1426 possessione
618 1343 772 1423 pensiones
786 1341 877 1404 deleri
889 1342 1013 1421 possint.

473 1552 505 1654 §.
538 1551 582 1623 X.
615 1550 717 1623 Multa
743 1575 818 1622 vero
855 1552 891 1620 in
930 1551 980 1620 bis
1015 1548 1308 1622 renuntiationibus
1336 1574 1411 1646 quoe
1439 1549 1490 1619 al-

422 1655 522 1726 terius
565 1649 737 1722 commodo
767 1652 981 1739 emittuntur,
1022 1647 1221 1720 observanda
1248 1662 1345 1737 sunt,
1375 1663 1413 1718 ut
1445 1673 1491 1718 ee

423 1755 489 1822 tim
524 1764 624 1847 atque
650 1751 772 1820 exitum
801 1747 981 1819 obtineant.
1016 1745 1186 1846 Praecipua
1225 1763 1322 1834 sunt,
1358 1763 1396 1816 ut
1433 1749 1490 1842 qui

422 1847 617 1922 beneficium
655 1848 845 1940 resignavit,
883 1871 951 1918 non
986 1845 1121 1916 decedat
1147 1845 1231 1917 inira
1272 1845 1385 1938 viginti
1422 1843 1491 1914 dies

423 1962 497 2045 post
527 1961 630 2016 acum
669 1945 944 2016 renuntiationem
973 1943 1046 2042 (l);
1086 1960 1125 2014 ut
1159 1947 1186 2016 si
1226 1941 1419 2015 beneficium
1448 1944 1490 2012 sit

418 2047 501 2144 juris
529 2058 735 2140 patronatus,
777 2059 932 2138 patronus
960 2043 1168 2130 assentiatur,
1216 2057 1255 2114 ut
1294 2040 1490 2111 beneficium

422 2169 490 2216 non
522 2145 564 2212 sit
585 2141 781 2236 litigiosum,
813 2142 889 2237 quin
922 2157 1003 2214 tunc
1032 2157 1163 2212 tantum
1197 2143 1232 2210 in
1258 2139 1393 2210 alterum
1419 2137 1489 2208 liti-

423 2257 555 2338 gantem
595 2239 734 2312 conferri
770 2255 897 2336 potest,
932 2265 1040 2338 neque
1077 2241 1159 2312 item
1185 2241 1227 2310 sit
1262 2239 1489 2335 conjunctum,

422 2340 474 2411 rel
515 2339 664 2430 unitum,
705 2339 803 2408 ctiam
830 2331 1004 2435 antequam
1035 2339 1114 2410 unio
1154 2339 1277 2409 exitum
1309 2360 1491 2433 consequa·
1579 2347 1580 2376 l

423 2456 477 2510 tur
513 2435 581 2534 (ῆς
621 2435 762 2534 denique
803 2451 841 2506 ut
871 2435 1102 2509 beneficiorum
1138 2437 1327 2534 episcopatu
1363 2435 1492 2507 inserin-

423 2563 497 2608 rum
522 2537 693 2630 resignatio
720 2533 906 2632 publicetur
928 2538 1014 2607 iutra
1044 2547 1169 2606 certum
1202 2550 1334 2631 tempus
1377 2536 1492 2606 certis-

423 2661 488 2733 que
520 2637 556 2704 in
594 2633 752 2724 ecclesiis,
784 2659 860 2704 cum
891 2634 1031 2730 populus
1057 2659 1176 2730 magno
1205 2658 1343 2704 numero
1372 2632 1414 2702 ad
1441 2659 1492 2704 ens

424 2731 578 2820 confluit,
610 2732 789 2803 secundum
822 2731 981 2822 iormam,
1004 2757 1078 2829 quae
1104 2759 1122 2804 a
1146 2729 1284 2826 Gregor.
1315 2731 1395 2803 Xlll
1418 2757 1493 2804 con·

426 2833 538 2900 scitura
554 2845 602 2902 est
616 2829 683 2927 (5).

477 3025 507 3188 lp
529 3025 633 3106 llegul.
654 3029 734 3088 xlx.
751 3026 875 3088 cancell.
891 3044 957 3104 que
975 3023 1011 3086 dc
1024 3024 1134 3108 oipintt’
1145 3025 1325 3088 inscribitur.

478 3110 495 3166 1
529 3111 616 3169 Conc.
630 3107 712 3168 Trid.
728 3126 799 3169 aesc.
816 3112 851 3168 11
867 3125 934 3188 cop.
951 3107 984 3183 t,
998 3114 1025 3168 ct
1039 3125 1111 3169 aesc.
1129 3111 1167 3170 25
1182 3127 1250 3189 cop.
1266 3111 1304 3168 18
1319 3107 1354 3169 de
1366 3109 1490 3193 reform.

466 3191 508 3272 (3)
530 3191 587 3251 Gne
610 3233 617 3248 .
633 3191 701 3250 Xlll
716 3191 814 3250 Const.
830 3193 971 3250 Humano
985 3188 1036 3249 vie
1049 3187 1168 3272 judicio
1192 3193 1248 3252 155
1265 3198 1335 3250 tom.
1351 3195 1371 3252 4
1385 3211 1458 3274 pur.
1474 3196 1494 3252 4

424 3289 494 3354 pop.
522 3273 557 3332 41
588 3209 698 3331 icttar.
728 3273 823 3346 Quam
860 3271 1097 3332 constitutionem
1124 3271 1306 3332 conllrrnavit
1337 3281 1428 3352 atque
1455 3276 1493 3334 ad

425 3371 526 3414 ornnes
537 3351 708 3413 avertendas
718 3353 835 3413 lrnudes
846 3353 1001 3431 explicarit
1011 3354 1119 3415 Bened.
1132 3357 1200 3416 XlV
1209 3354 1242 3414 in
1255 3355 1375 3416 Comei.
1388 3354 1494 3417 Eccle-
1578 3349 1579 3352 '

426 3435 548 3498 siostico
561 3437 599 3496 to
614 3453 684 3516 pap.
702 3435 740 3496 57
756 3444 827 3496 tom.
843 3437 862 3496 2
876 3434 940 3518 ejas
949 3431 1060 3496 bellos.
1578 3433 1579 3472 i

1578 3569 1579 3598 l

474 3616 505 3718 §.
544 3615 604 3688 Xl.
648 3617 886 3690 Renuntiemus
920 3633 987 3690 tam
1025 3643 1083 3715 per
1117 3621 1348 3714 nosmetipsos,
1392 3647 1498 3719 quam
1578 3605 1579 3620 ἵ

425 3743 485 3816 per
516 3730 776 3814 procuratorem,
821 3717 886 3788 sive
923 3716 1094 3807 clericum,
1138 3719 1203 3788 sire
1245 3715 1386 3808 laicum,
1432 3725 1498 3793 sire

426 3841 551 3906 unum,
590 3817 654 3886 sive
677 3813 803 3910 plures3
833 3813 932 3886 modo
960 3814 1074 3886 litteris
1098 3817 1305 3910 consignetur
1330 3818 1500 3913 peculiare

426 3913 637 4003 mandatum,
673 3938 738 4010 quo
760 3911 893 3984 incultas
916 3912 1099 4008 resignandi
1122 3929 1156 3985 et
1181 3911 1331 3984 beneficii
1357 3913 1498 3989 demon-

426 4015 536 4084 stratio
562 4013 766 4085 contineatur
787 4011 854 4106 (l).
881 4011 973 4081 Facta
989 4027 1033 4081 et
1063 4011 1197 4108 probata
1229 4015 1496 4104 renuntiatione,

425 4109 540 4202 frustra
566 4111 808 4183 renuntiantem
845 4111 985 4206 poenitet
1011 4134 1143 4199 eorum,
1177 4135 1253 4207 quae
1284 4113 1380 4205 gessit
1415 4113 1494 4210 (ῆς
