3122 5178
805 496 1003 568 -is-

363 667 468 715 manae
506 643 694 716 traditiones
721 643 865 716 ecclcsiae
893 641 1097 739 disciplinam
1127 643 1327 738 respiciunt,
1359 667 1441 712 mu-

363 756 475 812 tantur
503 741 544 812 ab
576 741 727 831 ecelesia,
768 766 844 813 cum
883 739 918 810 id
968 743 1018 810 ‘us
1048 739 1196 810 utilitatis
1234 755 1291 810 sut
1323 765 1442 811 neees-

363 839 464 908 sitatis
512 842 593 912 ratio
640 839 785 935 postulat
827 837 902 936 (ᾖ),
948 767 1100 936 edenique
1158 839 1218 908 etsi
1266 836 1440 908 interdurn

363 934 558 1006 universales
586 961 654 1008 esse
684 940 829 1034 possint,
859 935 1029 1032 pleraeque
1058 949 1169 1006 tamen
1197 935 1294 1004 certis
1325 935 1440 1005 conti-

363 1033 726 1228 nentup5)regionibus,
765 1059 874 1131 neque
912 1031 955 1104 ad
994 1048 1098 1166 potam
1127 1031 1293 1103 ecclesiam
1330 1033 1440 1129 perti.

364 1144 446 1200 nent
522 1185 530 1200 .

404 1298 446 1380 (ll
471 1303 545 1362 Cum
570 1302 676 1364 unitati
688 1302 838 1384 religionis
862 1303 893 1364 in
907 1301 1010 1384 primis
1023 1300 1100 1363 obsit
1115 1299 1257 1362 doctrinae
1271 1298 1442 1360 christianae

364 1380 474 1442 incerta
500 1381 590 1459 fides,
617 1383 688 1446 bine
701 1383 904 1446 constituenda
925 1384 1009 1446 nobis
1022 1391 1067 1443 est
1080 1382 1236 1442 auctoritas
1255 1381 1368 1460 aliqua,
1390 1381 1441 1440 cui
1541 1457 1542 1460 Ἴ

364 1461 396 1522 in
407 1463 593 1525 secernendis
607 1466 815 1528 traditionibus
828 1467 892 1528 sine
905 1474 986 1528 metu
1000 1463 1269 1525 errorisadhaererc
1280 1461 1438 1540 possimus.

364 1545 436 1618 Quae
450 1547 605 1606 aucteritas
619 1549 672 1609 uni
686 1549 813 1610 eeclesiae
838 1548 905 1609 dats
927 1555 980 1609 est.
997 1549 1094 1622 Quare
1110 1544 1205 1606 omnis
1219 1543 1354 1620 traditio,
1371 1561 1441 1620 quae

365 1622 454 1702 hujus
460 1626 564 1705 judicii
587 1637 667 1690 caret
680 1630 867 1704 auctoritate,
886 1630 918 1687 in
932 1627 1026 1706 pretio
1039 1626 1142 1687 haberi
1157 1643 1216 1685 non
1230 1631 1336 1704 potest,
1349 1630 1377 1684 ct
1388 1641 1444 1702 ap·

364 1707 457 1784 posite
469 1712 499 1768 S.
517 1711 697 1786 Augustinus
708 1710 739 1769 iu
750 1709 857 1768 celebri
869 1709 918 1766 illa
932 1707 970 1767 de
985 1706 1202 1784 rebaptizandis
1213 1705 1358 1765 haereticis
1369 1722 1443 1765 con-

366 1789 506 1845 troversia
520 1785 569 1847 lib.
583 1789 603 1846 2
615 1805 640 1846 ε.
653 1789 692 1847 52
708 1796 803 1848 sonu.
819 1790 953 1847 Crescere.
968 1795 1037 1846 amu.
1059 1787 1095 1844 lb
1108 1783 1162 1845 eol.
1180 1787 1253 1859 554,
1271 1784 1317 1846 ed.
1340 1787 1441 1847 Venet.

366 1867 457 1927 libb.
472 1868 542 1928 Non
554 1865 676 1946 accipio,
691 1867 803 1944 inquit,
818 1865 898 1948 qaod
911 1863 947 1925 de
958 1862 1148 1946 baptizandis
1161 1861 1303 1925 hereticis
1315 1874 1343 1926 et
1352 1863 1445 1928 sciris·

365 1945 481 2008 posticis
506 1949 546 2008 B.
573 1947 747 2028 Cyprianus
769 1945 871 2022 sensit,
887 1945 961 2028 quia
983 1943 1035 2006 lice
1048 1942 1166 2006 ecclesia
1179 1963 1239 2006 nos
1253 1945 1369 2025 occipit,
1385 1966 1445 2028 pro

364 2046 427 2110 qua
448 2031 487 2088 B.
516 2029 688 2110 Cyprianus
712 2026 890 2110 sanguinem
898 2025 991 2108 fudit.
1005 2025 1098 2088 Habet
1118 2035 1216 2086 autem
1227 2028 1346 2088 ecclesia
1358 2046 1445 2108 quos·

366 2109 433 2168 dnm
459 2126 583 2168 canones
605 2108 642 2168 ad
667 2108 898 2190 cognoscendam
921 2111 982 2169 rim
1001 2115 1030 2168 et
1051 2117 1187 2168 naturam
1200 2109 1382 2187 traditionis,
1403 2111 1444 2170 de

365 2189 472 2268 quibus
481 2189 539 2249 late
552 2189 704 2268 disputant
722 2191 877 2270 scriptores
891 2207 992 2250 rerum
1005 2188 1244 2269 theologicarum.

406 2269 448 2351 (2)
464 2274 496 2332 ln
511 2289 569 2350 quo
591 2279 688 2332 umen
709 2280 792 2333 caute
811 2289 927 2350 semper
948 2271 1098 2332 adelasiam
1119 2289 1184 2331 ram
1205 2287 1323 2330 omnem
1346 2271 1443 2350 egisse
1537 2297 1542 2306 ε

366 2350 451 2413 docet
470 2353 657 2413 Innocentius
674 2353 707 2414 is
725 2353 823 2435 Epist.
850 2355 889 2413 17
910 2371 995 2414 nom.
1019 2353 1037 2412 9
1063 2349 1104 2412 cd
1124 2351 1263 2432 Episecp.
1284 2349 1440 2412 Macedon.

365 2429 420 2493 eol.
440 2435 514 2508 855,
533 2441 561 2493 et
576 2433 661 2516 epist.
679 2436 719 2496 25
733 2433 774 2494 cd
793 2437 913 2496 Deserat.
929 2435 1032 2514 Epise
1048 2430 1240 2515 Eugub.-ccl.
1262 2434 1337 2508 855,
1357 2432 1444 2513 apud

367 2514 588 2592 coutentium,
606 2514 704 2596 Epist.
720 2517 848 2577 amnas
865 2511 980 2597 Pontis.

406 2593 448 2674 (5)
467 2597 510 2656 Ita
525 2615 572 2656 ex.
591 2615 637 2676 gr.
661 2615 721 2658 non
741 2595 843 2658 eadem
865 2595 975 2675 ubique
989 2595 1078 2657 estin
1092 2593 1253 2676 pervigiliis
1268 2597 1443 2656 Sanctorum

363 2675 515 2754 jejunandi
537 2679 623 2738 ratio.
649 2677 707 2740 Sed
729 2677 928 2740 ecclesiasticae
950 2675 1124 2740 universalis
1141 2677 1309 2738 traditionis
1328 2676 1445 2736 illustre

367 2759 533 2838 exemplum
549 2767 593 2819 est
607 2757 641 2820 in
653 2756 742 2821 biduo
756 2767 825 2820 cate
837 2755 950 2840 pasche
966 2756 1075 2841 atraque
1089 2755 1260 2820 divisorum
1271 2775 1445 2819 sacromen-

368 2846 466 2900 saram
480 2837 672 2902 celebratione
683 2839 889 2924 tramisisse,
903 2857 990 2919 quam
1007 2841 1037 2899 in
1052 2845 1113 2900 tota
1127 2841 1245 2900 eeclesia
1258 2855 1373 2918 semper
1387 2837 1445 2899 ob·
1541 2871 1542 2876 κ

367 2928 512 2982 servatam
527 2923 740 2982 Innocentius!
759 2923 792 2982 ia
809 2921 895 3003 epist.
912 2923 951 2981 bb
972 2939 1058 2982 sum.
1079 2921 1115 2998 7,
1138 2918 1179 2981 ad
1197 2924 1317 2982 Deserat.
1338 2919 1441 2999 Episc.

368 3001 519 3083 Eupubis.
538 3021 589 3083 op.
606 3001 815 3064 Constantium
828 2997 882 3062 eol.
900 3003 974 3079 859,
991 3010 1019 3062 et
1033 3019 1086 3083 ap.
1106 3001 1244 3062 Gratias.
1257 2999 1327 3062 dist.
1341 3002 1359 3060 5
1371 3019 1441 3060 aasz.

370 3083 407 3142 15
416 3081 452 3142 de
466 3099 593 3142 consecr.
606 3101 641 3142 ex
655 3083 783 3142 ecclesie
794 3082 978 3143 institutione
987 3081 1025 3143 ad
1038 3083 1235 3162 apostolorum
1248 3081 1444 3142 imitationem

368 3161 467 3222 educit
478 3163 525 3222 his
536 3163 633 3223 verbis
648 3184 656 3221 ε
675 3167 781 3244 Usque
791 3171 905 3224 mestus
914 3161 1060 3244 apostoles
1071 3161 1161 3225 &diro
1173 3164 1229 3225 isto
1240 3163 1307 3222 etis
1320 3179 1445 3223 maerere

366 3239 473 3322 fuisse,
495 3251 523 3303 ει
539 3252 661 3326 propter
680 3253 792 3306 sutum
815 3241 994 3306 ludaeorum
1007 3263 1037 3306 se
1051 3241 1221 3307 occuluisse.
1241 3242 1327 3320 Quod
1341 3243 1445 3324 utiquc

368 3339 427 3383 ison
439 3319 563 3385 dubium
577 3333 632 3401 est,
646 3323 679 3385 in
690 3333 808 3387 tantam
821 3343 868 3388 eos
871 3323 1027 3407 jejunasse
1041 3322 1129 3385 biduo
1139 3331 1315 3400 meinorato,
1332 3332 1367 3383 ct
1378 3332 1445 3383 tra·

368 3402 441 3464 ditio
456 3401 580 3468 eeclesiae
593 3401 701 3466 babeat
712 3405 768 3468 isar
781 3403 869 3468 biduo
887 3414 1075 3468 sacramenta
1088 3405 1207 3486 penitas
1219 3424 1280 3466 son
1291 3401 1443 3466 celebrari.

369 3485 521 3560 Quomodo
543 3493 641 3546 autem
664 3487 784 3548 traditio
804 3487 841 3546 ab
862 3487 981 3547 ecclesia
1003 3491 1133 3548 Romana
1156 3488 1193 3548 ad
1221 3485 1291 3547 alias
1314 3485 1444 3545 transire

367 3564 504 3644 deinceps
518 3568 623 3645 possit,
636 3575 666 3626 et
683 3568 744 3628 vim
759 3567 869 3646 ubique
883 3567 1032 3648 obligandi
1047 3575 1256 3646 consequatur,
1276 3565 1360 3628 docet
1378 3565 1443 3645 ipse
1541 3643 1542 3646 Ἴ

369 3647 556 3708 innocentius
568 3645 623 3709 loa.
635 3647 685 3708 eit.
699 3666 784 3709 sum.
800 3650 831 3709 2.
1541 3651 1542 3670 ¹

418 3825 448 3925 §.
484 3824 523 3895 L.
560 3824 770 3898 Consuetudo
794 3827 850 3924 jus
879 3842 928 3898 est
954 3826 1128 3900 inductum
1154 3825 1300 3898 moribus
1328 3823 1440 3896 bomi-

371 3947 453 3994 num
490 3937 524 3994 et
553 3947 615 3994 usu
644 3923 822 4013 diuturno,
861 3947 936 4020 quae
968 3927 1035 3994 rim
1070 3923 1170 3994 babet
1200 3923 1303 4017 legis,
1342 3920 1443 3992 modo
1541 3993 1542 3996 ,

372 4019 506 4094 honesta
531 4023 592 4113 sit,
622 4019 810 4112 laudabilis,
836 4020 877 4091 ab
904 4021 1056 4096 omuibus
1079 4021 1134 4091 diu
1158 4034 1299 4111 serram,
1323 4021 1440 4106 tacito,
1541 4047 1542 4076 a
