<?xml version="1.0" encoding="UTF-8"?>
<!DOCTYPE html PUBLIC "-//W3C//DTD XHTML 1.0 Transitional//EN"
    "http://www.w3.org/TR/xhtml1/DTD/xhtml1-transitional.dtd">
<html xmlns="http://www.w3.org/1999/xhtml" xml:lang="en" lang="en">
 <head>
  <title>
</title>
<meta http-equiv="Content-Type" content="text/html;charset=utf-8" />
  <meta name='ocr-system' content='tesseract 3.04.00' />
  <meta name='ocr-capabilities' content='ocr_page ocr_carea ocr_par ocr_line ocrx_word'/>
</head>
<body>
  <div class='ocr_page' id='page_1' title='image "./institutionumca00devogoog_0412.png"; bbox 0 0 3102 5184; ppageno 0'>
   <div class='ocr_carea' id='block_1_1' title="bbox 512 431 732 500">
    <p class='ocr_par' dir='ltr' id='par_1_1' title="bbox 512 431 732 500">
     <span class='ocr_line' id='line_1_1' title="bbox 512 431 732 500; baseline 0 0"><span class='ocrx_word' id='word_1_1' title='bbox 512 431 732 500; x_wconf 78' lang='lat' dir='ltr'><strong>-ata-</strong></span> 
     </span>
    </p>
   </div>
   <div class='ocr_carea' id='block_1_2' title="bbox 59 577 1163 2220">
    <p class='ocr_par' dir='ltr' id='par_1_2' title="bbox 94 577 1153 742">
     <span class='ocr_line' id='line_1_2' title="bbox 94 577 1153 665; baseline 0.004 -27"><span class='ocrx_word' id='word_1_2' title='bbox 94 585 201 658; x_wconf 86' lang='lat' dir='ltr'><strong>auctor,</strong></span> <span class='ocrx_word' id='word_1_3' title='bbox 211 577 262 656; x_wconf 88' lang='lat' dir='ltr'><strong>qui</strong></span> <span class='ocrx_word' id='word_1_4' title='bbox 277 577 385 640; x_wconf 74' lang='lat' dir='ltr'><strong>tustini</strong></span> <span class='ocrx_word' id='word_1_5' title='bbox 400 578 519 638; x_wconf 91' lang='lat' dir='ltr'><strong>nominc</strong></span> <span class='ocrx_word' id='word_1_6' title='bbox 530 579 646 656; x_wconf 79' lang='lat' dir='ltr'><strong>scripsit</strong></span> <span class='ocrx_word' id='word_1_7' title='bbox 656 597 734 660; x_wconf 86' lang='lat' dir='ltr'><strong>resp.</strong></span> <span class='ocrx_word' id='word_1_8' title='bbox 747 577 788 640; x_wconf 85' lang='lat' dir='ltr'><strong>od</strong></span> <span class='ocrx_word' id='word_1_9' title='bbox 798 577 934 642; x_wconf 74' lang='lat' dir='ltr'><strong>ortodoa.</strong></span> <span class='ocrx_word' id='word_1_10' title='bbox 947 601 999 664; x_wconf 84' lang='lat' dir='ltr'><strong>qm</strong></span> <span class='ocrx_word' id='word_1_11' title='bbox 1015 583 1072 641; x_wconf 79' lang='lat'><strong>137</strong></span> <span class='ocrx_word' id='word_1_12' title='bbox 1081 601 1153 665; x_wconf 74' lang='lat' dir='ltr'><strong>pop.</strong></span> 
     </span>
     <span class='ocr_line' id='line_1_3' title="bbox 95 659 787 742; baseline -0.003 -20"><span class='ocrx_word' id='word_1_13' title='bbox 95 663 147 722; x_wconf 77' lang='lat' dir='ltr'><strong>sot</strong></span> <span class='ocrx_word' id='word_1_14' title='bbox 165 660 194 720; x_wconf 81' lang='lat' dir='ltr'><strong>ia</strong></span> <span class='ocrx_word' id='word_1_15' title='bbox 209 679 280 742; x_wconf 83' lang='lat' dir='ltr'><strong>app.</strong></span> <span class='ocrx_word' id='word_1_16' title='bbox 297 679 367 742; x_wconf 83' lang='lat' dir='ltr'><strong>opp.</strong></span> <span class='ocrx_word' id='word_1_17' title='bbox 380 659 496 720; x_wconf 78' lang='lat' dir='ltr'><strong>lustin.</strong></span> <span class='ocrx_word' id='word_1_18' title='bbox 510 659 557 722; x_wconf 88' lang='lat' dir='ltr'><strong>ed.</strong></span> <span class='ocrx_word' id='word_1_19' title='bbox 575 660 676 722; x_wconf 84' lang='lat' dir='ltr'><strong>Paria.</strong></span> <span class='ocrx_word' id='word_1_20' title='bbox 695 663 787 722; x_wconf 82' lang='grc'><strong>1711.</strong></span> 
     </span>
    </p>

    <p class='ocr_par' dir='ltr' id='par_1_3' title="bbox 59 739 1163 2220">
     <span class='ocr_line' id='line_1_4' title="bbox 131 739 1158 825; baseline 0.004 -21"><span class='ocrx_word' id='word_1_21' title='bbox 131 741 189 822; x_wconf 87' lang='grc'><strong>(11)</strong></span> <span class='ocrx_word' id='word_1_22' title='bbox 208 746 239 804; x_wconf 88' lang='lat' dir='ltr'><strong>S.</strong></span> <span class='ocrx_word' id='word_1_23' title='bbox 252 743 328 822; x_wconf 73' lang='lat' dir='ltr'><strong>Aug.</strong></span> <span class='ocrx_word' id='word_1_24' title='bbox 344 739 381 802; x_wconf 91' lang='lat' dir='ltr'><strong>de</strong></span> <span class='ocrx_word' id='word_1_25' title='bbox 392 740 451 824; x_wconf 75' lang='lat' dir='ltr'><strong>lid.</strong></span> <span class='ocrx_word' id='word_1_26' title='bbox 467 750 496 803; x_wconf 89' lang='lat' dir='ltr'><strong>et</strong></span> <span class='ocrx_word' id='word_1_27' title='bbox 508 760 589 824; x_wconf 85' lang='lat' dir='ltr'><strong>oper.</strong></span> <span class='ocrx_word' id='word_1_28' title='bbox 603 761 639 804; x_wconf 89' lang='grc'><strong>00</strong></span> <span class='ocrx_word' id='word_1_29' title='bbox 662 785 670 802; x_wconf 95' lang='grc'><strong>.</strong></span> <span class='ocrx_word' id='word_1_30' title='bbox 688 740 771 804; x_wconf 74' lang='lat' dir='ltr'><strong>ficol.</strong></span> <span class='ocrx_word' id='word_1_31' title='bbox 787 745 845 804; x_wconf 83' lang='grc'><strong>169</strong></span> <span class='ocrx_word' id='word_1_32' title='bbox 860 752 930 806; x_wconf 88' lang='lat' dir='ltr'><strong>tom.</strong></span> <span class='ocrx_word' id='word_1_33' title='bbox 941 747 971 820; x_wconf 87' lang='grc'><strong>6,</strong></span> <span class='ocrx_word' id='word_1_34' title='bbox 986 753 1074 825; x_wconf 75' lang='lat' dir='ltr'><strong>atque</strong></span> <span class='ocrx_word' id='word_1_35' title='bbox 1088 745 1158 808; x_wconf 90' lang='lat' dir='ltr'><strong>hinc</strong></span> 
     </span>
     <span class='ocr_line' id='line_1_5' title="bbox 93 761 1159 906; baseline 0.006 -22"><span class='ocrx_word' id='word_1_36' title='bbox 93 826 151 902; x_wconf 90' lang='lat' dir='ltr'><strong>ipse</strong></span> <span class='ocrx_word' id='word_1_37' title='bbox 161 827 232 904; x_wconf 75' lang='lat' dir='ltr'><strong>Aug.</strong></span> <span class='ocrx_word' id='word_1_38' title='bbox 249 823 285 885; x_wconf 87' lang='lat' dir='ltr'><strong>de</strong></span> <span class='ocrx_word' id='word_1_39' title='bbox 296 821 398 906; x_wconf 80' lang='lat' dir='ltr'><strong>Symb.</strong></span> <span class='ocrx_word' id='word_1_40' title='bbox 414 821 436 884; x_wconf 87' lang='lat' dir='ltr'><strong>l.</strong></span> <span class='ocrx_word' id='word_1_41' title='bbox 452 825 549 906; x_wconf 68' lang='grc'><strong>1000.</strong></span> <span class='ocrx_word' id='word_1_42' title='bbox 565 827 578 885; x_wconf 94' lang='grc'><strong>1</strong></span> <span class='ocrx_word' id='word_1_43' title='bbox 596 761 659 886; x_wconf 57' lang='lat' dir='ltr'><strong>aadJ</strong></span> <span class='ocrx_word' id='word_1_44' title='bbox 669 827 724 886; x_wconf 78' lang='lat' dir='ltr'><strong>tdd</strong></span> <span class='ocrx_word' id='word_1_45' title='bbox 736 823 768 886; x_wconf 90' lang='lat' dir='ltr'><strong>d.</strong></span> <span class='ocrx_word' id='word_1_46' title='bbox 782 833 804 886; x_wconf 91' lang='lat' dir='ltr'><strong>t.</strong></span> <span class='ocrx_word' id='word_1_47' title='bbox 818 828 1021 888; x_wconf 87' lang='lat' dir='ltr'><strong>6scrutiniuor</strong></span> <span class='ocrx_word' id='word_1_48' title='bbox 1034 847 1159 890; x_wconf 75' lang='lat' dir='ltr'><strong>oxomen</strong></span> 
     </span>
     <span class='ocr_line' id='line_1_6' title="bbox 92 904 1157 989; baseline 0.007 -23"><span class='ocrx_word' id='word_1_49' title='bbox 92 907 221 985; x_wconf 83' lang='lat' dir='ltr'><strong>appellat.</strong></span> <span class='ocrx_word' id='word_1_50' title='bbox 237 906 451 984; x_wconf 85' lang='lat' dir='ltr'><strong>Theodulphus</strong></span> <span class='ocrx_word' id='word_1_51' title='bbox 462 904 498 968; x_wconf 87' lang='lat' dir='ltr'><strong>de</strong></span> <span class='ocrx_word' id='word_1_52' title='bbox 510 904 610 968; x_wconf 80' lang='lat' dir='ltr'><strong>ordio.</strong></span> <span class='ocrx_word' id='word_1_53' title='bbox 625 905 765 989; x_wconf 78' lang='lat' dir='ltr'><strong>baptism.</strong></span> <span class='ocrx_word' id='word_1_54' title='bbox 782 925 809 968; x_wconf 87' lang='grc'><strong>0.</strong></span> <span class='ocrx_word' id='word_1_55' title='bbox 826 907 892 970; x_wconf 78' lang='grc'><strong>810</strong></span> <span class='ocrx_word' id='word_1_56' title='bbox 906 907 986 970; x_wconf 73' lang='lat' dir='ltr'><strong>adt.</strong></span> <span class='ocrx_word' id='word_1_57' title='bbox 1005 913 1072 972; x_wconf 89' lang='lat' dir='ltr'><strong>PP.</strong></span> <span class='ocrx_word' id='word_1_58' title='bbox 1086 919 1157 972; x_wconf 88' lang='lat' dir='ltr'><strong>tom.</strong></span> 
     </span>
     <span class='ocr_line' id='line_1_7' title="bbox 94 986 1160 1071; baseline 0.007 -23"><span class='ocrx_word' id='word_1_59' title='bbox 94 992 108 1048; x_wconf 88' lang='grc'><strong>1</strong></span> <span class='ocrx_word' id='word_1_60' title='bbox 114 991 132 1050; x_wconf 73' lang='lat' dir='ltr'><strong>t</strong></span> <span class='ocrx_word' id='word_1_61' title='bbox 140 1007 208 1071; x_wconf 75' lang='lat' dir='ltr'><strong>pop.</strong></span> <span class='ocrx_word' id='word_1_62' title='bbox 226 989 264 1049; x_wconf 92' lang='grc'><strong>10</strong></span> <span class='ocrx_word' id='word_1_63' title='bbox 276 986 348 1050; x_wconf 88' lang='lat' dir='ltr'><strong>edit.</strong></span> <span class='ocrx_word' id='word_1_64' title='bbox 362 987 462 1070; x_wconf 73' lang='lat' dir='ltr'><strong>nepe.</strong></span> <span class='ocrx_word' id='word_1_65' title='bbox 484 1013 497 1042; x_wconf 79' lang='lat' dir='ltr'><strong>a</strong></span> <span class='ocrx_word' id='word_1_66' title='bbox 513 992 597 1050; x_wconf 84' lang='lat' dir='ltr'><strong>Hune</strong></span> <span class='ocrx_word' id='word_1_67' title='bbox 610 991 689 1050; x_wconf 91' lang='lat' dir='ltr'><strong>enim</strong></span> <span class='ocrx_word' id='word_1_68' title='bbox 702 1007 827 1066; x_wconf 88' lang='lat' dir='ltr'><strong>morem,</strong></span> <span class='ocrx_word' id='word_1_69' title='bbox 844 991 951 1068; x_wconf 85' lang='lat' dir='ltr'><strong>inquit,</strong></span> <span class='ocrx_word' id='word_1_70' title='bbox 965 993 1082 1054; x_wconf 78' lang='lat' dir='ltr'><strong>ecelesia</strong></span> <span class='ocrx_word' id='word_1_71' title='bbox 1096 1013 1160 1054; x_wconf 90' lang='lat' dir='ltr'><strong>ser-</strong></span> 
     </span>
     <span class='ocr_line' id='line_1_8' title="bbox 93 1071 1160 1152; baseline 0.007 -24"><span class='ocrx_word' id='word_1_72' title='bbox 93 1089 158 1130; x_wconf 85' lang='lat' dir='ltr'><strong>rare</strong></span> <span class='ocrx_word' id='word_1_73' title='bbox 175 1072 339 1146; x_wconf 86' lang='lat' dir='ltr'><strong>consuevit,</strong></span> <span class='ocrx_word' id='word_1_74' title='bbox 355 1079 389 1130; x_wconf 91' lang='lat' dir='ltr'><strong>ut</strong></span> <span class='ocrx_word' id='word_1_75' title='bbox 408 1089 461 1149; x_wconf 87' lang='lat' dir='ltr'><strong>per</strong></span> <span class='ocrx_word' id='word_1_76' title='bbox 475 1071 586 1150; x_wconf 80' lang='lat' dir='ltr'><strong>aliquot</strong></span> <span class='ocrx_word' id='word_1_77' title='bbox 599 1072 716 1132; x_wconf 90' lang='lat' dir='ltr'><strong>dierum</strong></span> <span class='ocrx_word' id='word_1_78' title='bbox 731 1072 857 1151; x_wconf 90' lang='lat' dir='ltr'><strong>spatium</strong></span> <span class='ocrx_word' id='word_1_79' title='bbox 873 1072 922 1150; x_wconf 90' lang='lat' dir='ltr'><strong>hi,</strong></span> <span class='ocrx_word' id='word_1_80' title='bbox 941 1073 1160 1152; x_wconf 78' lang='grc'><strong>0011000100-</strong></span> 
     </span>
     <span class='ocr_line' id='line_1_9' title="bbox 93 1151 1160 1232; baseline 0.007 -22"><span class='ocrx_word' id='word_1_81' title='bbox 93 1154 179 1214; x_wconf 80' lang='lat' dir='ltr'><strong>nitate</strong></span> <span class='ocrx_word' id='word_1_82' title='bbox 202 1152 329 1232; x_wconf 84' lang='lat' dir='ltr'><strong>paschali</strong></span> <span class='ocrx_word' id='word_1_83' title='bbox 359 1151 525 1232; x_wconf 86' lang='lat' dir='ltr'><strong>baptizandi</strong></span> <span class='ocrx_word' id='word_1_84' title='bbox 556 1163 640 1229; x_wconf 91' lang='lat' dir='ltr'><strong>sunt,</strong></span> <span class='ocrx_word' id='word_1_85' title='bbox 674 1161 862 1230; x_wconf 72' lang='lat' dir='ltr'><strong>scrutentur,</strong></span> <span class='ocrx_word' id='word_1_86' title='bbox 894 1164 926 1214; x_wconf 92' lang='lat' dir='ltr'><strong>ut</strong></span> <span class='ocrx_word' id='word_1_87' title='bbox 951 1157 1102 1218; x_wconf 89' lang='lat' dir='ltr'><strong>instructis</strong></span> <span class='ocrx_word' id='word_1_88' title='bbox 1129 1166 1160 1218; x_wconf 93' lang='lat' dir='ltr'><strong>et</strong></span> 
     </span>
     <span class='ocr_line' id='line_1_10' title="bbox 94 1233 1161 1313; baseline 0.007 -21"><span class='ocrx_word' id='word_1_89' title='bbox 94 1233 192 1312; x_wconf 88' lang='lat' dir='ltr'><strong>doctis,</strong></span> <span class='ocrx_word' id='word_1_90' title='bbox 217 1243 246 1295; x_wconf 89' lang='lat' dir='ltr'><strong>et</strong></span> <span class='ocrx_word' id='word_1_91' title='bbox 268 1234 395 1313; x_wconf 84' lang='lat' dir='ltr'><strong>simplici</strong></span> <span class='ocrx_word' id='word_1_92' title='bbox 416 1235 504 1298; x_wconf 90' lang='lat' dir='ltr'><strong>corde</strong></span> <span class='ocrx_word' id='word_1_93' title='bbox 526 1235 564 1296; x_wconf 89' lang='lat' dir='ltr'><strong>ad</strong></span> <span class='ocrx_word' id='word_1_94' title='bbox 588 1235 678 1296; x_wconf 86' lang='lat' dir='ltr'><strong>fidem</strong></span> <span class='ocrx_word' id='word_1_95' title='bbox 702 1254 802 1298; x_wconf 84' lang='lat' dir='ltr'><strong>veram</strong></span> <span class='ocrx_word' id='word_1_96' title='bbox 817 1237 1002 1300; x_wconf 88' lang='lat' dir='ltr'><strong>venientibus</strong></span> <span class='ocrx_word' id='word_1_97' title='bbox 1025 1241 1093 1302; x_wconf 78' lang='lat' dir='ltr'><strong>ritae</strong></span> <span class='ocrx_word' id='word_1_98' title='bbox 1113 1259 1161 1300; x_wconf 89' lang='lat' dir='ltr'><strong>sa-</strong></span> 
     </span>
     <span class='ocr_line' id='line_1_11' title="bbox 93 1317 1161 1398; baseline 0.006 -22"><span class='ocrx_word' id='word_1_99' title='bbox 93 1325 232 1378; x_wconf 87' lang='lat' dir='ltr'><strong>cramenta</strong></span> <span class='ocrx_word' id='word_1_100' title='bbox 245 1317 464 1397; x_wconf 82' lang='lat' dir='ltr'><strong>impertiantur.</strong></span> <span class='ocrx_word' id='word_1_101' title='bbox 488 1343 501 1372; x_wconf 77' lang='lat' dir='ltr'>n</span> <span class='ocrx_word' id='word_1_102' title='bbox 529 1317 615 1380; x_wconf 87' lang='lat' dir='ltr'><strong>Plura</strong></span> <span class='ocrx_word' id='word_1_103' title='bbox 633 1325 700 1378; x_wconf 90' lang='lat' dir='ltr'><strong>ante</strong></span> <span class='ocrx_word' id='word_1_104' title='bbox 714 1318 891 1398; x_wconf 90' lang='lat' dir='ltr'><strong>baptismum</strong></span> <span class='ocrx_word' id='word_1_105' title='bbox 914 1322 1053 1382; x_wconf 87' lang='lat' dir='ltr'><strong>scrutinia</strong></span> <span class='ocrx_word' id='word_1_106' title='bbox 1074 1320 1161 1382; x_wconf 90' lang='lat' dir='ltr'><strong>adbi-</strong></span> 
     </span>
     <span class='ocr_line' id='line_1_12' title="bbox 93 1397 1159 1485; baseline 0.004 -25"><span class='ocrx_word' id='word_1_107' title='bbox 93 1397 242 1475; x_wconf 87' lang='lat' dir='ltr'><strong>behantur,</strong></span> <span class='ocrx_word' id='word_1_108' title='bbox 263 1399 301 1460; x_wconf 91' lang='lat' dir='ltr'><strong>de</strong></span> <span class='ocrx_word' id='word_1_109' title='bbox 321 1399 429 1477; x_wconf 91' lang='lat' dir='ltr'><strong>quihus</strong></span> <span class='ocrx_word' id='word_1_110' title='bbox 449 1399 506 1460; x_wconf 86' lang='lat' dir='ltr'><strong>late</strong></span> <span class='ocrx_word' id='word_1_111' title='bbox 527 1401 587 1480; x_wconf 73' lang='lat' dir='ltr'><strong>agit</strong></span> <span class='ocrx_word' id='word_1_112' title='bbox 608 1401 767 1462; x_wconf 79' lang='lat' dir='ltr'><strong>Martanius</strong></span> <span class='ocrx_word' id='word_1_113' title='bbox 791 1398 844 1462; x_wconf 79' lang='lat' dir='ltr'><strong>loc.</strong></span> <span class='ocrx_word' id='word_1_114' title='bbox 869 1401 919 1464; x_wconf 87' lang='lat' dir='ltr'><strong>cit.</strong></span> <span class='ocrx_word' id='word_1_115' title='bbox 945 1410 1005 1462; x_wconf 88' lang='lat' dir='ltr'><strong>art.</strong></span> <span class='ocrx_word' id='word_1_116' title='bbox 1036 1405 1070 1464; x_wconf 89' lang='grc'><strong>11</strong></span> <span class='ocrx_word' id='word_1_117' title='bbox 1087 1423 1159 1485; x_wconf 73' lang='lat' dir='ltr'><strong>pop.</strong></span> 
     </span>
     <span class='ocr_line' id='line_1_13' title="bbox 94 1479 1159 1565; baseline 0.003 -24"><span class='ocrx_word' id='word_1_118' title='bbox 94 1483 143 1542; x_wconf 89' lang='grc'><strong>19.</strong></span> <span class='ocrx_word' id='word_1_119' title='bbox 157 1485 185 1544; x_wconf 91' lang='lat' dir='ltr'><strong>S.</strong></span> <span class='ocrx_word' id='word_1_120' title='bbox 200 1485 279 1543; x_wconf 86' lang='lat' dir='ltr'><strong>Zeno</strong></span> <span class='ocrx_word' id='word_1_121' title='bbox 294 1479 345 1543; x_wconf 75' lang='lat' dir='ltr'><strong>tit.</strong></span> <span class='ocrx_word' id='word_1_122' title='bbox 364 1484 487 1543; x_wconf 79' lang='grc'><strong>111001.</strong></span> <span class='ocrx_word' id='word_1_123' title='bbox 506 1484 544 1544; x_wconf 86' lang='grc'><strong>17</strong></span> <span class='ocrx_word' id='word_1_124' title='bbox 560 1501 633 1564; x_wconf 65' lang='lat' dir='ltr'><strong>pop.</strong></span> <span class='ocrx_word' id='word_1_125' title='bbox 657 1485 716 1544; x_wconf 76' lang='lat' dir='ltr'><strong>att</strong></span> <span class='ocrx_word' id='word_1_126' title='bbox 732 1492 803 1544; x_wconf 83' lang='lat' dir='ltr'><strong>tom.</strong></span> <span class='ocrx_word' id='word_1_127' title='bbox 830 1485 844 1544; x_wconf 96' lang='grc'><strong>1</strong></span> <span class='ocrx_word' id='word_1_128' title='bbox 872 1481 943 1545; x_wconf 85' lang='lat' dir='ltr'><strong>edit.</strong></span> <span class='ocrx_word' id='word_1_129' title='bbox 969 1486 1050 1565; x_wconf 77' lang='lat' dir='ltr'><strong>dap.</strong></span> <span class='ocrx_word' id='word_1_130' title='bbox 1071 1485 1159 1546; x_wconf 79' lang='lat' dir='ltr'><strong>Vind.</strong></span> 
     </span>
     <span class='ocr_line' id='line_1_14' title="bbox 59 1561 1160 1646; baseline 0.002 -22"><span class='ocrx_word' id='word_1_131' title='bbox 59 1569 66 1582; x_wconf 89' lang='lat'>&#39;</span> <span class='ocrx_word' id='word_1_132' title='bbox 95 1566 179 1640; x_wconf 72' lang='lat'><strong>1758,</strong></span> <span class='ocrx_word' id='word_1_133' title='bbox 205 1571 349 1625; x_wconf 90' lang='lat' dir='ltr'><strong>memorat</strong></span> <span class='ocrx_word' id='word_1_134' title='bbox 372 1561 538 1646; x_wconf 73' lang='lat' dir='ltr'><strong>lepitimum</strong></span> <span class='ocrx_word' id='word_1_135' title='bbox 561 1564 723 1642; x_wconf 72' lang='lat' dir='ltr'><strong>examinis,</strong></span> <span class='ocrx_word' id='word_1_136' title='bbox 754 1573 805 1626; x_wconf 91' lang='lat' dir='ltr'><strong>aut</strong></span> <span class='ocrx_word' id='word_1_137' title='bbox 831 1567 965 1628; x_wconf 88' lang='lat' dir='ltr'><strong>scrutinii</strong></span> <span class='ocrx_word' id='word_1_138' title='bbox 990 1585 1160 1642; x_wconf 78' lang='grc'><strong>1101001001,</strong></span> 
     </span>
     <span class='ocr_line' id='line_1_15' title="bbox 92 1645 1160 1728; baseline 0.001 -22"><span class='ocrx_word' id='word_1_139' title='bbox 92 1645 196 1724; x_wconf 87' lang='lat' dir='ltr'><strong>quibus</strong></span> <span class='ocrx_word' id='word_1_140' title='bbox 232 1647 331 1707; x_wconf 82' lang='lat' dir='ltr'><strong>verbis</strong></span> <span class='ocrx_word' id='word_1_141' title='bbox 361 1645 567 1728; x_wconf 77' lang='lat' dir='ltr'><strong>intelliguntur</strong></span> <span class='ocrx_word' id='word_1_142' title='bbox 603 1656 713 1725; x_wconf 83' lang='lat' dir='ltr'><strong>septem</strong></span> <span class='ocrx_word' id='word_1_143' title='bbox 746 1647 898 1724; x_wconf 85' lang='lat' dir='ltr'><strong>scrutinia,</strong></span> <span class='ocrx_word' id='word_1_144' title='bbox 937 1667 1004 1727; x_wconf 83' lang='lat' dir='ltr'><strong>ques</strong></span> <span class='ocrx_word' id='word_1_145' title='bbox 1041 1647 1160 1726; x_wconf 85' lang='lat' dir='ltr'><strong>fiebant,</strong></span> 
     </span>
     <span class='ocr_line' id='line_1_16' title="bbox 93 1729 1163 1808; baseline 0.002 -20"><span class='ocrx_word' id='word_1_146' title='bbox 93 1736 242 1806; x_wconf 87' lang='lat' dir='ltr'><strong>antequam</strong></span> <span class='ocrx_word' id='word_1_147' title='bbox 263 1736 462 1806; x_wconf 74' lang='lat' dir='ltr'><strong>competentes</strong></span> <span class='ocrx_word' id='word_1_148' title='bbox 485 1729 629 1808; x_wconf 89' lang='lat' dir='ltr'><strong>baptismo</strong></span> <span class='ocrx_word' id='word_1_149' title='bbox 653 1729 844 1792; x_wconf 80' lang='lat' dir='ltr'><strong>donarentur.</strong></span> <span class='ocrx_word' id='word_1_150' title='bbox 861 1734 906 1792; x_wconf 90' lang='lat' dir='ltr'><strong>De</strong></span> <span class='ocrx_word' id='word_1_151' title='bbox 928 1729 975 1791; x_wconf 91' lang='lat' dir='ltr'><strong>bis</strong></span> <span class='ocrx_word' id='word_1_152' title='bbox 1000 1731 1163 1791; x_wconf 77' lang='lat' dir='ltr'><strong>Amalarius</strong></span> 
     </span>
     <span class='ocr_line' id='line_1_17' title="bbox 94 1809 1161 1894; baseline 0.004 -25"><span class='ocrx_word' id='word_1_153' title='bbox 94 1811 216 1889; x_wconf 83' lang='lat' dir='ltr'><strong>archiep.</strong></span> <span class='ocrx_word' id='word_1_154' title='bbox 233 1811 428 1887; x_wconf 77' lang='lat' dir='ltr'><strong>Trevireusis,</strong></span> <span class='ocrx_word' id='word_1_155' title='bbox 443 1830 494 1872; x_wconf 91' lang='lat' dir='ltr'><strong>seu</strong></span> <span class='ocrx_word' id='word_1_156' title='bbox 509 1813 605 1890; x_wconf 90' lang='lat' dir='ltr'><strong>potius</strong></span> <span class='ocrx_word' id='word_1_157' title='bbox 627 1813 767 1874; x_wconf 79' lang='lat' dir='ltr'><strong>dicuinus</strong></span> <span class='ocrx_word' id='word_1_158' title='bbox 788 1811 822 1872; x_wconf 82' lang='lat' dir='ltr'><strong>io</strong></span> <span class='ocrx_word' id='word_1_159' title='bbox 844 1831 890 1894; x_wconf 89' lang='lat' dir='ltr'><strong>ep.</strong></span> <span class='ocrx_word' id='word_1_160' title='bbox 905 1811 946 1874; x_wconf 90' lang='lat' dir='ltr'><strong>od</strong></span> <span class='ocrx_word' id='word_1_161' title='bbox 962 1809 1103 1874; x_wconf 78' lang='lat' dir='ltr'><strong>Carnium</strong></span> <span class='ocrx_word' id='word_1_162' title='bbox 1114 1816 1161 1874; x_wconf 84' lang='lat' dir='ltr'><strong>M.</strong></span> 
     </span>
     <span class='ocr_line' id='line_1_18' title="bbox 95 1891 1157 1991; baseline 0.002 -39"><span class='ocrx_word' id='word_1_163' title='bbox 95 1911 160 1972; x_wconf 86' lang='lat' dir='ltr'><strong>cop.</strong></span> <span class='ocrx_word' id='word_1_164' title='bbox 177 1895 210 1954; x_wconf 90' lang='grc'><strong>11</strong></span> <span class='ocrx_word' id='word_1_165' title='bbox 225 1893 304 1972; x_wconf 87' lang='lat' dir='ltr'><strong>apud</strong></span> <span class='ocrx_word' id='word_1_166' title='bbox 319 1895 467 1956; x_wconf 81' lang='lat' dir='ltr'><strong>canisium</strong></span> <span class='ocrx_word' id='word_1_167' title='bbox 486 1891 631 1956; x_wconf 70' lang='lat' dir='ltr'><strong>Theseum</strong></span> <span class='ocrx_word' id='word_1_168' title='bbox 647 1901 831 1991; x_wconf 74' lang='lat' dir='ltr'><strong>mmtument.</strong></span> <span class='ocrx_word' id='word_1_169' title='bbox 848 1891 914 1991; x_wconf 65' lang='lat' dir='ltr'><strong>ecci.</strong></span> <span class='ocrx_word' id='word_1_170' title='bbox 938 1903 1008 1956; x_wconf 88' lang='lat' dir='ltr'><strong>tom.</strong></span> <span class='ocrx_word' id='word_1_171' title='bbox 1026 1897 1126 1976; x_wconf 69' lang='grc'><strong>1001.</strong></span> <span class='ocrx_word' id='word_1_172' title='bbox 1145 1899 1157 1954; x_wconf 94' lang='grc'><strong>1</strong></span> 
     </span>
     <span class='ocr_line' id='line_1_19' title="bbox 92 1974 1163 2139; baseline 0.001 -21"><span class='ocrx_word' id='word_1_173' title='bbox 92 1974 296 2138; x_wconf 56' lang='lat' dir='ltr'><strong>tedis·</strong></span> <span class='ocrx_word' id='word_1_174' title='bbox 312 1976 1163 2139; x_wconf 65' lang='lat' dir='ltr'><strong>ttttt‘tttattt‘ttttttt?¹tttttttttt</strong></span> 
     </span>
     <span class='ocr_line' id='line_1_20' title="bbox 98 2140 565 2220; baseline -0.009 -20"><span class='ocrx_word' id='word_1_175' title='bbox 98 2140 196 2200; x_wconf 88' lang='lat' dir='ltr'><strong>ordine</strong></span> <span class='ocrx_word' id='word_1_176' title='bbox 208 2141 375 2202; x_wconf 82' lang='lat' dir='ltr'><strong>invenimus</strong></span> <span class='ocrx_word' id='word_1_177' title='bbox 385 2143 538 2220; x_wconf 85' lang='lat' dir='ltr'><strong>scripturn.</strong></span> <span class='ocrx_word' id='word_1_178' title='bbox 552 2167 565 2196; x_wconf 77' lang='lat' dir='ltr'><strong>a</strong></span> 
     </span>
    </p>
   </div>
   <div class='ocr_carea' id='block_1_3' title="bbox 138 2309 1162 2411">
    <p class='ocr_par' dir='ltr' id='par_1_4' title="bbox 138 2309 1162 2411">
     <span class='ocr_line' id='line_1_21' title="bbox 138 2309 1162 2411; baseline 0 -30"><span class='ocrx_word' id='word_1_179' title='bbox 138 2309 167 2411; x_wconf 79' lang='lat'><strong>§.</strong></span> <span class='ocrx_word' id='word_1_180' title='bbox 215 2311 377 2382; x_wconf 85' lang='lat' dir='ltr'><strong>XXXIV.</strong></span> <span class='ocrx_word' id='word_1_181' title='bbox 419 2310 565 2383; x_wconf 88' lang='lat' dir='ltr'><strong>Solemni</strong></span> <span class='ocrx_word' id='word_1_182' title='bbox 603 2312 796 2384; x_wconf 82' lang='lat' dir='ltr'><strong>adveniente</strong></span> <span class='ocrx_word' id='word_1_183' title='bbox 825 2309 896 2400; x_wconf 88' lang='lat' dir='ltr'><strong>die,</strong></span> <span class='ocrx_word' id='word_1_184' title='bbox 938 2311 1162 2384; x_wconf 79' lang='lat' dir='ltr'><strong>catechumeni</strong></span> 
     </span>
    </p>
   </div>
   <div class='ocr_carea' id='block_1_4' title="bbox 92 2409 1165 3590">
    <p class='ocr_par' dir='ltr' id='par_1_5' title="bbox 92 2409 1165 3590">
     <span class='ocr_line' id='line_1_22' title="bbox 95 2409 1163 2508; baseline 0.003 -31"><span class='ocrx_word' id='word_1_185' title='bbox 95 2409 132 2479; x_wconf 92' lang='lat' dir='ltr'><strong>ad</strong></span> <span class='ocrx_word' id='word_1_186' title='bbox 161 2412 386 2506; x_wconf 80' lang='lat' dir='ltr'><strong>baptisterium</strong></span> <span class='ocrx_word' id='word_1_187' title='bbox 412 2409 661 2481; x_wconf 82' lang='lat' dir='ltr'><strong>adducebantur</strong></span> <span class='ocrx_word' id='word_1_188' title='bbox 691 2411 764 2507; x_wconf 84' lang='lat' dir='ltr'><strong>(i),</strong></span> <span class='ocrx_word' id='word_1_189' title='bbox 798 2413 856 2508; x_wconf 93' lang='lat' dir='ltr'><strong>qui</strong></span> <span class='ocrx_word' id='word_1_190' title='bbox 881 2409 990 2498; x_wconf 89' lang='lat' dir='ltr'><strong>locus,</strong></span> <span class='ocrx_word' id='word_1_191' title='bbox 1022 2423 1059 2482; x_wconf 87' lang='lat' dir='ltr'><strong>ut</strong></span> <span class='ocrx_word' id='word_1_192' title='bbox 1083 2411 1163 2508; x_wconf 90' lang='lat' dir='ltr'><strong>plu-</strong></span> 
     </span>
     <span class='ocr_line' id='line_1_23' title="bbox 95 2507 1160 2603; baseline 0.002 -27"><span class='ocrx_word' id='word_1_193' title='bbox 95 2511 229 2597; x_wconf 87' lang='lat' dir='ltr'><strong>rimum,</strong></span> <span class='ocrx_word' id='word_1_194' title='bbox 276 2525 345 2578; x_wconf 90' lang='lat' dir='ltr'><strong>erat</strong></span> <span class='ocrx_word' id='word_1_195' title='bbox 375 2507 416 2579; x_wconf 88' lang='lat' dir='ltr'><strong>ab</strong></span> <span class='ocrx_word' id='word_1_196' title='bbox 456 2509 585 2580; x_wconf 88' lang='lat' dir='ltr'><strong>ecclesia</strong></span> <span class='ocrx_word' id='word_1_197' title='bbox 618 2509 788 2579; x_wconf 87' lang='lat' dir='ltr'><strong>distinctus</strong></span> <span class='ocrx_word' id='word_1_198' title='bbox 826 2534 863 2578; x_wconf 89' lang='lat' dir='ltr'><strong>ac</strong></span> <span class='ocrx_word' id='word_1_199' title='bbox 891 2523 1054 2603; x_wconf 89' lang='lat' dir='ltr'><strong>separatus</strong></span> <span class='ocrx_word' id='word_1_200' title='bbox 1085 2509 1160 2603; x_wconf 70' lang='lat'><strong>(2),</strong></span> 
     </span>
     <span class='ocr_line' id='line_1_24' title="bbox 94 2605 1165 2706; baseline 0 -30"><span class='ocrx_word' id='word_1_201' title='bbox 94 2623 187 2705; x_wconf 87' lang='lat' dir='ltr'><strong>atque</strong></span> <span class='ocrx_word' id='word_1_202' title='bbox 229 2605 275 2675; x_wconf 93' lang='lat' dir='ltr'><strong>ibi</strong></span> <span class='ocrx_word' id='word_1_203' title='bbox 315 2609 375 2677; x_wconf 90' lang='lat' dir='ltr'><strong>tria</strong></span> <span class='ocrx_word' id='word_1_204' title='bbox 407 2609 546 2680; x_wconf 84' lang='lat' dir='ltr'><strong>maxime</strong></span> <span class='ocrx_word' id='word_1_205' title='bbox 572 2606 789 2706; x_wconf 84' lang='lat' dir='ltr'><strong>praestabant,</strong></span> <span class='ocrx_word' id='word_1_206' title='bbox 829 2621 1004 2702; x_wconf 81' lang='lat' dir='ltr'><strong>antequam</strong></span> <span class='ocrx_word' id='word_1_207' title='bbox 1039 2606 1165 2702; x_wconf 88' lang='lat' dir='ltr'><strong>baptis-</strong></span> 
     </span>
     <span class='ocr_line' id='line_1_25' title="bbox 96 2703 1164 2801; baseline 0 -27"><span class='ocrx_word' id='word_1_208' title='bbox 96 2731 183 2776; x_wconf 87' lang='lat' dir='ltr'><strong>mum</strong></span> <span class='ocrx_word' id='word_1_209' title='bbox 216 2707 411 2800; x_wconf 85' lang='lat' dir='ltr'><strong>acciperent.</strong></span> <span class='ocrx_word' id='word_1_210' title='bbox 453 2703 583 2777; x_wconf 86' lang='lat' dir='ltr'><strong>Scilicet</strong></span> <span class='ocrx_word' id='word_1_211' title='bbox 621 2703 853 2776; x_wconf 86' lang='lat' dir='ltr'><strong>renuntiabant</strong></span> <span class='ocrx_word' id='word_1_212' title='bbox 882 2718 1023 2794; x_wconf 82' lang='lat' dir='ltr'><strong>satanae,</strong></span> <span class='ocrx_word' id='word_1_213' title='bbox 1066 2729 1164 2801; x_wconf 88' lang='lat' dir='ltr'><strong>pom-</strong></span> 
     </span>
     <span class='ocr_line' id='line_1_26' title="bbox 92 2803 1163 2902; baseline -0.002 -28"><span class='ocrx_word' id='word_1_214' title='bbox 92 2809 204 2902; x_wconf 83' lang='lat' dir='ltr'><strong>piaque</strong></span> <span class='ocrx_word' id='word_1_215' title='bbox 225 2821 258 2873; x_wconf 90' lang='lat' dir='ltr'><strong>et</strong></span> <span class='ocrx_word' id='word_1_216' title='bbox 283 2804 435 2900; x_wconf 90' lang='lat' dir='ltr'><strong>operibus</strong></span> <span class='ocrx_word' id='word_1_217' title='bbox 465 2806 534 2901; x_wconf 89' lang='lat' dir='ltr'><strong>ejus</strong></span> <span class='ocrx_word' id='word_1_218' title='bbox 563 2803 635 2901; x_wconf 81' lang='lat'><strong>(5),</strong></span> <span class='ocrx_word' id='word_1_219' title='bbox 671 2829 770 2900; x_wconf 90' lang='lat' dir='ltr'><strong>quam</strong></span> <span class='ocrx_word' id='word_1_220' title='bbox 805 2803 1080 2874; x_wconf 88' lang='lat' dir='ltr'><strong>renuntiationem</strong></span> <span class='ocrx_word' id='word_1_221' title='bbox 1113 2819 1163 2872; x_wconf 90' lang='lat' dir='ltr'><strong>ter</strong></span> 
     </span>
     <span class='ocr_line' id='line_1_27' title="bbox 92 2901 1163 2998; baseline 0.001 -27"><span class='ocrx_word' id='word_1_222' title='bbox 92 2901 281 2974; x_wconf 86' lang='lat' dir='ltr'><strong>emittebant</strong></span> <span class='ocrx_word' id='word_1_223' title='bbox 322 2905 464 2976; x_wconf 84' lang='lat' dir='ltr'><strong>conversi</strong></span> <span class='ocrx_word' id='word_1_224' title='bbox 498 2902 539 2971; x_wconf 90' lang='lat' dir='ltr'><strong>ad</strong></span> <span class='ocrx_word' id='word_1_225' title='bbox 579 2901 791 2974; x_wconf 87' lang='lat' dir='ltr'><strong>Occidentem</strong></span> <span class='ocrx_word' id='word_1_226' title='bbox 826 2902 900 2998; x_wconf 76' lang='grc'><strong>(1),</strong></span> <span class='ocrx_word' id='word_1_227' title='bbox 926 2917 1024 2998; x_wconf 89' lang='lat' dir='ltr'><strong>atque</strong></span> <span class='ocrx_word' id='word_1_228' title='bbox 1048 2904 1082 2970; x_wconf 91' lang='lat' dir='ltr'><strong>ia</strong></span> <span class='ocrx_word' id='word_1_229' title='bbox 1109 2927 1163 2972; x_wconf 86' lang='lat' dir='ltr'><strong>sa-</strong></span> 
     </span>
     <span class='ocr_line' id='line_1_28' title="bbox 94 2997 1161 3098; baseline 0.002 -30"><span class='ocrx_word' id='word_1_230' title='bbox 94 3015 198 3072; x_wconf 85' lang='lat' dir='ltr'><strong>tanam</strong></span> <span class='ocrx_word' id='word_1_231' title='bbox 223 3015 389 3098; x_wconf 89' lang='lat' dir='ltr'><strong>tamquam</strong></span> <span class='ocrx_word' id='word_1_232' title='bbox 411 3016 606 3098; x_wconf 74' lang='lat' dir='ltr'><strong>praesentem</strong></span> <span class='ocrx_word' id='word_1_233' title='bbox 636 2999 849 3071; x_wconf 84' lang='lat' dir='ltr'><strong>exsufflabant</strong></span> <span class='ocrx_word' id='word_1_234' title='bbox 878 3014 910 3070; x_wconf 91' lang='lat' dir='ltr'><strong>et</strong></span> <span class='ocrx_word' id='word_1_235' title='bbox 943 2997 1161 3095; x_wconf 73' lang='lat' dir='ltr'><strong>exspuebant,</strong></span> 
     </span>
     <span class='ocr_line' id='line_1_29' title="bbox 92 3097 1159 3196; baseline 0.001 -29"><span class='ocrx_word' id='word_1_236' title='bbox 92 3099 230 3196; x_wconf 87' lang='lat' dir='ltr'><strong>aliasque</strong></span> <span class='ocrx_word' id='word_1_237' title='bbox 270 3099 411 3170; x_wconf 86' lang='lat' dir='ltr'><strong>edebant</strong></span> <span class='ocrx_word' id='word_1_238' title='bbox 447 3102 619 3170; x_wconf 87' lang='lat' dir='ltr'><strong>aversantis</strong></span> <span class='ocrx_word' id='word_1_239' title='bbox 660 3101 757 3168; x_wconf 89' lang='lat' dir='ltr'><strong>animi</strong></span> <span class='ocrx_word' id='word_1_240' title='bbox 799 3097 1047 3192; x_wconf 83' lang='lat' dir='ltr'><strong>significationes</strong></span> <span class='ocrx_word' id='word_1_241' title='bbox 1091 3097 1159 3193; x_wconf 83' lang='lat'>(5).</span> 
     </span>
     <span class='ocr_line' id='line_1_30' title="bbox 94 3195 1163 3292; baseline 0 -26"><span class='ocrx_word' id='word_1_242' title='bbox 94 3197 216 3268; x_wconf 88' lang='lat' dir='ltr'><strong>Deinde</strong></span> <span class='ocrx_word' id='word_1_243' title='bbox 248 3223 337 3267; x_wconf 81' lang='lat' dir='ltr'><strong>versa</strong></span> <span class='ocrx_word' id='word_1_244' title='bbox 362 3195 404 3268; x_wconf 86' lang='lat' dir='ltr'><strong>ad</strong></span> <span class='ocrx_word' id='word_1_245' title='bbox 437 3197 608 3270; x_wconf 88' lang='lat' dir='ltr'><strong>Orientem</strong></span> <span class='ocrx_word' id='word_1_246' title='bbox 634 3197 714 3268; x_wconf 86' lang='lat' dir='ltr'><strong>secie</strong></span> <span class='ocrx_word' id='word_1_247' title='bbox 740 3197 811 3292; x_wconf 85' lang='lat'><strong>(6),</strong></span> <span class='ocrx_word' id='word_1_248' title='bbox 841 3222 908 3267; x_wconf 87' lang='lat' dir='ltr'><strong>sese</strong></span> <span class='ocrx_word' id='word_1_249' title='bbox 938 3195 1163 3268; x_wconf 88' lang='lat' dir='ltr'><strong>adscribebant</strong></span> 
     </span>
     <span class='ocr_line' id='line_1_31' title="bbox 92 3295 1163 3392; baseline -0.002 -27"><span class='ocrx_word' id='word_1_250' title='bbox 92 3295 240 3386; x_wconf 85' lang='lat' dir='ltr'><strong>Christo,</strong></span> <span class='ocrx_word' id='word_1_251' title='bbox 271 3299 323 3366; x_wconf 91' lang='lat' dir='ltr'><strong>cui</strong></span> <span class='ocrx_word' id='word_1_252' title='bbox 371 3296 523 3391; x_wconf 87' lang='lat' dir='ltr'><strong>deinceps</strong></span> <span class='ocrx_word' id='word_1_253' title='bbox 552 3319 620 3365; x_wconf 90' lang='lat' dir='ltr'><strong>sese</strong></span> <span class='ocrx_word' id='word_1_254' title='bbox 659 3311 818 3392; x_wconf 89' lang='lat' dir='ltr'><strong>perpetuo</strong></span> <span class='ocrx_word' id='word_1_255' title='bbox 865 3295 983 3365; x_wconf 81' lang='lat' dir='ltr'><strong>servire</strong></span> <span class='ocrx_word' id='word_1_256' title='bbox 1020 3297 1163 3391; x_wconf 89' lang='lat' dir='ltr'><strong>promit-</strong></span> 
     </span>
     <span class='ocr_line' id='line_1_32' title="bbox 94 3391 1161 3490; baseline -0.002 -28"><span class='ocrx_word' id='word_1_257' title='bbox 94 3393 204 3464; x_wconf 89' lang='lat' dir='ltr'><strong>tebant</strong></span> <span class='ocrx_word' id='word_1_258' title='bbox 243 3392 311 3490; x_wconf 90' lang='grc'><strong>(7).</strong></span> <span class='ocrx_word' id='word_1_259' title='bbox 369 3393 519 3490; x_wconf 88' lang='lat' dir='ltr'><strong>Denique</strong></span> <span class='ocrx_word' id='word_1_260' title='bbox 563 3393 712 3464; x_wconf 89' lang='lat' dir='ltr'><strong>manibus</strong></span> <span class='ocrx_word' id='word_1_261' title='bbox 750 3393 915 3490; x_wconf 86' lang='lat' dir='ltr'><strong>oculisque</strong></span> <span class='ocrx_word' id='word_1_262' title='bbox 960 3391 1000 3461; x_wconf 90' lang='lat' dir='ltr'><strong>ad</strong></span> <span class='ocrx_word' id='word_1_263' title='bbox 1043 3392 1161 3463; x_wconf 85' lang='lat' dir='ltr'><strong>coelurn</strong></span> 
     </span>
     <span class='ocr_line' id='line_1_33' title="bbox 92 3489 1162 3590; baseline 0.001 -30"><span class='ocrx_word' id='word_1_264' title='bbox 92 3491 222 3562; x_wconf 87' lang='lat' dir='ltr'><strong>sublatis</strong></span> <span class='ocrx_word' id='word_1_265' title='bbox 253 3491 356 3563; x_wconf 86' lang='lat' dir='ltr'><strong>iidem</strong></span> <span class='ocrx_word' id='word_1_266' title='bbox 387 3491 647 3589; x_wconf 90' lang='lat' dir='ltr'><strong>profitebantur,</strong></span> <span class='ocrx_word' id='word_1_267' title='bbox 682 3490 861 3562; x_wconf 89' lang='lat' dir='ltr'><strong>secundum</strong></span> <span class='ocrx_word' id='word_1_268' title='bbox 895 3489 990 3562; x_wconf 83' lang='lat' dir='ltr'><strong>verba</strong></span> <span class='ocrx_word' id='word_1_269' title='bbox 1025 3491 1162 3590; x_wconf 80' lang='lat' dir='ltr'><strong>symbo-</strong></span> 
     </span>
    </p>
   </div>
   <div class='ocr_carea' id='block_1_5' title="bbox 92 3589 1162 3784">
    <p class='ocr_par' dir='ltr' id='par_1_6' title="bbox 92 3589 1162 3784">
     <span class='ocr_line' id='line_1_34' title="bbox 92 3589 1162 3784; baseline 0.001 -127"><span class='ocrx_word' id='word_1_270' title='bbox 92 3589 164 3758; x_wconf 65' lang='lat' dir='ltr'><strong>ii,ba</strong></span> <span class='ocrx_word' id='word_1_271' title='bbox 172 3589 270 3784; x_wconf 50' lang='grc'><strong>00))(1)</strong></span> <span class='ocrx_word' id='word_1_272' title='bbox 302 3589 500 3688; x_wconf 90' lang='lat' dir='ltr'><strong>baptismum</strong></span> <span class='ocrx_word' id='word_1_273' title='bbox 536 3593 699 3687; x_wconf 86' lang='lat' dir='ltr'><strong>accepturi</strong></span> <span class='ocrx_word' id='word_1_274' title='bbox 747 3605 798 3660; x_wconf 91' lang='lat' dir='ltr'><strong>ter</strong></span> <span class='ocrx_word' id='word_1_275' title='bbox 834 3589 1020 3661; x_wconf 89' lang='lat' dir='ltr'><strong>solemniter</strong></span> <span class='ocrx_word' id='word_1_276' title='bbox 1065 3615 1162 3684; x_wconf 88' lang='lat' dir='ltr'><strong>repe-</strong></span> 
     </span>
     <span class='ocr_line' id='line_1_35' title="bbox 93 3703 283 3758; baseline 0.016 -3"><span class='ocrx_word' id='word_1_277' title='bbox 93 3703 121 3758; x_wconf 91' lang='lat' dir='ltr'><strong>te</strong></span> <span class='ocrx_word' id='word_1_278' title='bbox 165 3705 204 3758; x_wconf 93' lang='lat' dir='ltr'><strong>nt</strong></span> <span class='ocrx_word' id='word_1_279' title='bbox 275 3741 283 3758; x_wconf 91' lang='lat'><strong>.</strong></span> 
     </span>
    </p>
   </div>
   <div class='ocr_carea' id='block_1_6' title="bbox 92 3857 1161 4107">
    <p class='ocr_par' dir='ltr' id='par_1_7' title="bbox 92 3857 1161 4107">
     <span class='ocr_line' id='line_1_36' title="bbox 127 3857 1161 3941; baseline -0.004 -20"><span class='ocrx_word' id='word_1_280' title='bbox 127 3859 171 3941; x_wconf 88' lang='grc'><strong>(1)</strong></span> <span class='ocrx_word' id='word_1_281' title='bbox 194 3863 280 3922; x_wconf 86' lang='lat' dir='ltr'><strong>tuitio</strong></span> <span class='ocrx_word' id='word_1_282' title='bbox 292 3861 468 3940; x_wconf 89' lang='lat' dir='ltr'><strong>baptismum</strong></span> <span class='ocrx_word' id='word_1_283' title='bbox 479 3863 559 3924; x_wconf 89' lang='lat' dir='ltr'><strong>nullo</strong></span> <span class='ocrx_word' id='word_1_284' title='bbox 571 3871 650 3925; x_wconf 91' lang='lat' dir='ltr'><strong>certo</strong></span> <span class='ocrx_word' id='word_1_285' title='bbox 664 3865 726 3924; x_wconf 91' lang='grc'><strong>1000</strong></span> <span class='ocrx_word' id='word_1_286' title='bbox 739 3863 841 3924; x_wconf 89' lang='lat' dir='ltr'><strong>datum</strong></span> <span class='ocrx_word' id='word_1_287' title='bbox 853 3859 982 3922; x_wconf 88' lang='lat' dir='ltr'><strong>ostendit</strong></span> <span class='ocrx_word' id='word_1_288' title='bbox 996 3857 1161 3935; x_wconf 81' lang='lat' dir='ltr'><strong>exemptum</strong></span> 
     </span>
     <span class='ocr_line' id='line_1_37' title="bbox 93 3939 1159 4023; baseline -0.005 -20"><span class='ocrx_word' id='word_1_289' title='bbox 93 3943 241 4016; x_wconf 78' lang='lat' dir='ltr'><strong>Eunuchi,</strong></span> <span class='ocrx_word' id='word_1_290' title='bbox 271 3963 359 4022; x_wconf 87' lang='lat' dir='ltr'><strong>quem</strong></span> <span class='ocrx_word' id='word_1_291' title='bbox 375 3944 527 4023; x_wconf 87' lang='lat' dir='ltr'><strong>Phiiippus</strong></span> <span class='ocrx_word' id='word_1_292' title='bbox 549 3945 686 4006; x_wconf 88' lang='lat' dir='ltr'><strong>diaconus</strong></span> <span class='ocrx_word' id='word_1_293' title='bbox 709 3947 811 4022; x_wconf 87' lang='lat' dir='ltr'><strong>invia,</strong></span> <span class='ocrx_word' id='word_1_294' title='bbox 834 3953 865 4004; x_wconf 89' lang='lat' dir='ltr'><strong>et</strong></span> <span class='ocrx_word' id='word_1_295' title='bbox 881 3939 1010 4003; x_wconf 90' lang='lat' dir='ltr'><strong>custodis</strong></span> <span class='ocrx_word' id='word_1_296' title='bbox 1024 3940 1159 4016; x_wconf 89' lang='lat' dir='ltr'><strong>carceris,</strong></span> 
     </span>
     <span class='ocr_line' id='line_1_38' title="bbox 92 4023 1158 4107; baseline -0.006 -21"><span class='ocrx_word' id='word_1_297' title='bbox 92 4043 179 4102; x_wconf 89' lang='lat' dir='ltr'><strong>quem</strong></span> <span class='ocrx_word' id='word_1_298' title='bbox 193 4027 299 4086; x_wconf 87' lang='lat' dir='ltr'><strong>Paulus</strong></span> <span class='ocrx_word' id='word_1_299' title='bbox 318 4027 397 4087; x_wconf 89' lang='lat' dir='ltr'><strong>dorni</strong></span> <span class='ocrx_word' id='word_1_300' title='bbox 415 4045 475 4088; x_wconf 86' lang='lat' dir='ltr'><strong>suae</strong></span> <span class='ocrx_word' id='word_1_301' title='bbox 490 4029 655 4107; x_wconf 85' lang='lat' dir='ltr'><strong>baptizavit.</strong></span> <span class='ocrx_word' id='word_1_302' title='bbox 676 4027 799 4090; x_wconf 90' lang='lat' dir='ltr'><strong>Tertull.</strong></span> <span class='ocrx_word' id='word_1_303' title='bbox 820 4025 854 4087; x_wconf 91' lang='lat' dir='ltr'><strong>de</strong></span> <span class='ocrx_word' id='word_1_304' title='bbox 870 4023 950 4106; x_wconf 81' lang='lat' dir='ltr'><strong>taps.</strong></span> <span class='ocrx_word' id='word_1_305' title='bbox 972 4039 1037 4104; x_wconf 83' lang='lat' dir='ltr'><strong>cop.</strong></span> <span class='ocrx_word' id='word_1_306' title='bbox 1055 4024 1158 4104; x_wconf 68' lang='lat' dir='ltr'><strong>lapop.</strong></span> 
     </span>
    </p>
   </div>
   <div class='ocr_carea' id='block_1_7' title="bbox 196 4103 1066 4178">
    <p class='ocr_par' dir='ltr' id='par_1_8' title="bbox 196 4103 1066 4178">
     <span class='ocr_line' id='line_1_39' title="bbox 196 4103 1066 4178; baseline -0.006 -2"><span class='ocrx_word' id='word_1_307' title='bbox 196 4133 271 4178; x_wconf 82' lang='lat' dir='ltr'><strong>roa.</strong></span> <span class='ocrx_word' id='word_1_308' title='bbox 302 4133 324 4176; x_wconf 88' lang='grc'><strong>1.</strong></span> <span class='ocrx_word' id='word_1_309' title='bbox 1022 4103 1066 4172; x_wconf 90' lang='grc'><strong>18</strong></span> 
     </span>
    </p>
   </div>
   <div class='ocr_carea' id='block_1_8' title="bbox 0 0 1556 5184">
    <p class='ocr_par' dir='ltr' id='par_1_9' title="bbox 0 0 1556 5184">
     <span class='ocr_line' id='line_1_40' title="bbox 0 0 1556 5184; baseline 0 0"><span class='ocrx_word' id='word_1_310' title='bbox 0 0 1556 5184; x_wconf 95' lang='lat' dir='ltr'><strong> </strong></span> 
     </span>
    </p>
   </div>
  </div>
 </body>
</html>
