<?xml version="1.0" encoding="UTF-8"?>
<!DOCTYPE html PUBLIC "-//W3C//DTD XHTML 1.0 Transitional//EN"
    "http://www.w3.org/TR/xhtml1/DTD/xhtml1-transitional.dtd">
<html xmlns="http://www.w3.org/1999/xhtml" xml:lang="en" lang="en">
 <head>
  <title>
</title>
<meta http-equiv="Content-Type" content="text/html;charset=utf-8" />
  <meta name='ocr-system' content='tesseract 3.04.00' />
  <meta name='ocr-capabilities' content='ocr_page ocr_carea ocr_par ocr_line ocrx_word'/>
</head>
<body>
  <div class='ocr_page' id='page_1' title='image "./institutionumca00devogoog_0164.png"; bbox 0 0 3100 5182; ppageno 0'>
   <div class='ocr_carea' id='block_1_1' title="bbox 532 447 748 526">
    <p class='ocr_par' dir='ltr' id='par_1_1' title="bbox 532 447 748 526">
     <span class='ocr_line' id='line_1_1' title="bbox 532 447 748 526; baseline 0.037 -8"><span class='ocrx_word' id='word_1_1' title='bbox 532 447 748 526; x_wconf 80' lang='lat' dir='ltr'><strong>-tot-</strong></span> 
     </span>
    </p>
   </div>
   <div class='ocr_carea' id='block_1_2' title="bbox 34 595 1175 2396">
    <p class='ocr_par' dir='ltr' id='par_1_2' title="bbox 34 595 1171 1314">
     <span class='ocr_line' id='line_1_2' title="bbox 121 595 1169 674; baseline 0.003 -16"><span class='ocrx_word' id='word_1_2' title='bbox 121 598 185 660; x_wconf 86' lang='lat' dir='ltr'><strong>naui</strong></span> <span class='ocrx_word' id='word_1_3' title='bbox 199 597 344 660; x_wconf 81' lang='lat' dir='ltr'><strong>Pontifieis</strong></span> <span class='ocrx_word' id='word_1_4' title='bbox 368 613 460 658; x_wconf 89' lang='lat' dir='ltr'><strong>novos</strong></span> <span class='ocrx_word' id='word_1_5' title='bbox 482 595 600 658; x_wconf 76' lang='lat' dir='ltr'>ordines</span> <span class='ocrx_word' id='word_1_6' title='bbox 621 617 680 658; x_wconf 91' lang='lat' dir='ltr'><strong>non</strong></span> <span class='ocrx_word' id='word_1_7' title='bbox 701 598 854 660; x_wconf 76' lang='lat' dir='ltr'>instituere</span> <span class='ocrx_word' id='word_1_8' title='bbox 876 600 986 674; x_wconf 75' lang='lat' dir='ltr'><strong>solum,</strong></span> <span class='ocrx_word' id='word_1_9' title='bbox 1010 599 1169 662; x_wconf 86' lang='lat' dir='ltr'><strong>sedetiam</strong></span> 
     </span>
     <span class='ocr_line' id='line_1_3' title="bbox 121 679 1170 760; baseline 0 -18"><span class='ocrx_word' id='word_1_10' title='bbox 121 681 285 742; x_wconf 85' lang='lat' dir='ltr'><strong>oonfirmare.</strong></span> <span class='ocrx_word' id='word_1_11' title='bbox 302 679 465 742; x_wconf 81' lang='lat' dir='ltr'><strong>Concilium</strong></span> <span class='ocrx_word' id='word_1_12' title='bbox 479 679 672 758; x_wconf 76' lang='lat' dir='ltr'><strong>lugdunense</strong></span> <span class='ocrx_word' id='word_1_13' title='bbox 686 683 712 743; x_wconf 95' lang='lat' dir='ltr'><strong>ll</strong></span> <span class='ocrx_word' id='word_1_14' title='bbox 727 682 938 748; x_wconf 79' lang='lat' dir='ltr'><strong>onumenicum</strong></span> <span class='ocrx_word' id='word_1_15' title='bbox 954 701 1021 742; x_wconf 86' lang='lat' dir='ltr'><strong>oon.</strong></span> <span class='ocrx_word' id='word_1_16' title='bbox 1039 683 1078 742; x_wconf 71' lang='lat'><strong>25</strong></span> <span class='ocrx_word' id='word_1_17' title='bbox 1092 683 1170 760; x_wconf 87' lang='lat' dir='ltr'><strong>apud</strong></span> 
     </span>
     <span class='ocr_line' id='line_1_4' title="bbox 34 758 1171 844; baseline 0 -20"><span class='ocrx_word' id='word_1_18' title='bbox 34 767 35 770; x_wconf 74' lang='grc'>’</span> <span class='ocrx_word' id='word_1_19' title='bbox 121 761 247 824; x_wconf 76' lang='lat' dir='ltr'><strong>labbeum</strong></span> <span class='ocrx_word' id='word_1_20' title='bbox 269 759 372 824; x_wconf 82' lang='lat' dir='ltr'><strong>eeneii.</strong></span> <span class='ocrx_word' id='word_1_21' title='bbox 400 769 470 844; x_wconf 73' lang='lat' dir='ltr'><strong>totu.</strong></span> <span class='ocrx_word' id='word_1_22' title='bbox 491 762 529 822; x_wconf 86' lang='grc'><strong>15</strong></span> <span class='ocrx_word' id='word_1_23' title='bbox 547 758 599 822; x_wconf 80' lang='lat' dir='ltr'><strong>eol.</strong></span> <span class='ocrx_word' id='word_1_24' title='bbox 626 763 700 838; x_wconf 89' lang='grc'><strong>555,</strong></span> <span class='ocrx_word' id='word_1_25' title='bbox 725 761 918 824; x_wconf 78' lang='lat' dir='ltr'><strong>editl&#39;enet.</strong></span> <span class='ocrx_word' id='word_1_26' title='bbox 942 763 1053 840; x_wconf 84' lang='lat' dir='ltr'><strong>sanxit,</strong></span> <span class='ocrx_word' id='word_1_27' title='bbox 1075 772 1109 824; x_wconf 92' lang='lat' dir='ltr'><strong>ut</strong></span> <span class='ocrx_word' id='word_1_28' title='bbox 1126 782 1171 824; x_wconf 93' lang='lat' dir='ltr'><strong>or·</strong></span> 
     </span>
     <span class='ocr_line' id='line_1_5' title="bbox 122 843 1170 924; baseline 0.003 -21"><span class='ocrx_word' id='word_1_29' title='bbox 122 845 189 906; x_wconf 83' lang='lat' dir='ltr'><strong>diues</strong></span> <span class='ocrx_word' id='word_1_30' title='bbox 206 853 269 924; x_wconf 85' lang='lat' dir='ltr'><strong>post</strong></span> <span class='ocrx_word' id='word_1_31' title='bbox 293 843 448 905; x_wconf 74' lang='lat' dir='ltr'><strong>concilium</strong></span> <span class='ocrx_word' id='word_1_32' title='bbox 469 846 661 920; x_wconf 85' lang='lat' dir='ltr'><strong>bateranense</strong></span> <span class='ocrx_word' id='word_1_33' title='bbox 691 845 836 920; x_wconf 86' lang='lat' dir='ltr'><strong>instituti,</strong></span> <span class='ocrx_word' id='word_1_34' title='bbox 862 864 914 906; x_wconf 88' lang='lat' dir='ltr'><strong>neo</strong></span> <span class='ocrx_word' id='word_1_35' title='bbox 937 853 1036 906; x_wconf 88' lang='lat' dir='ltr'><strong>tamen</strong></span> <span class='ocrx_word' id='word_1_36' title='bbox 1060 863 1077 905; x_wconf 91' lang='lat' dir='ltr'><strong>a</strong></span> <span class='ocrx_word' id='word_1_37' title='bbox 1101 844 1170 906; x_wconf 86' lang='lat' dir='ltr'><strong>sede</strong></span> 
     </span>
     <span class='ocr_line' id='line_1_6' title="bbox 122 925 1170 1008; baseline 0.002 -22"><span class='ocrx_word' id='word_1_38' title='bbox 122 925 262 1004; x_wconf 75' lang='lat' dir='ltr'><strong>Apostoliea</strong></span> <span class='ocrx_word' id='word_1_39' title='bbox 284 925 448 986; x_wconf 87' lang='lat' dir='ltr'><strong>eoolirmati</strong></span> <span class='ocrx_word' id='word_1_40' title='bbox 468 926 733 1004; x_wconf 78' lang='lat' dir='ltr'><strong>supprimerentur.</strong></span> <span class='ocrx_word' id='word_1_41' title='bbox 746 929 855 1004; x_wconf 84' lang='lat' dir='ltr'><strong>ltaque</strong></span> <span class='ocrx_word' id='word_1_42' title='bbox 873 927 1001 1008; x_wconf 83' lang='lat' dir='ltr'><strong>synodus</strong></span> <span class='ocrx_word' id='word_1_43' title='bbox 1026 944 1170 1000; x_wconf 78' lang='lat' dir='ltr'><strong>novorum</strong></span> 
     </span>
     <span class='ocr_line' id='line_1_7' title="bbox 121 1006 1170 1090; baseline 0.001 -22"><span class='ocrx_word' id='word_1_44' title='bbox 121 1007 371 1069; x_wconf 72' lang='lat' dir='ltr'><strong>confirmandorum</strong></span> <span class='ocrx_word' id='word_1_45' title='bbox 396 1006 534 1068; x_wconf 83' lang='lat' dir='ltr'><strong>ordinum</strong></span> <span class='ocrx_word' id='word_1_46' title='bbox 546 1007 578 1068; x_wconf 91' lang='lat' dir='ltr'><strong>in</strong></span> <span class='ocrx_word' id='word_1_47' title='bbox 599 1026 713 1068; x_wconf 94' lang='lat' dir='ltr'><strong>summo</strong></span> <span class='ocrx_word' id='word_1_48' title='bbox 732 1007 872 1069; x_wconf 84' lang='lat' dir='ltr'><strong>Pontifire</strong></span> <span class='ocrx_word' id='word_1_49' title='bbox 894 1015 1065 1088; x_wconf 88' lang='lat' dir='ltr'><strong>potestatem</strong></span> <span class='ocrx_word' id='word_1_50' title='bbox 1079 1027 1170 1090; x_wconf 72' lang='lat' dir='ltr'><strong>agno-</strong></span> 
     </span>
     <span class='ocr_line' id='line_1_8' title="bbox 121 1085 1171 1172; baseline 0.006 -26"><span class='ocrx_word' id='word_1_51' title='bbox 121 1085 163 1148; x_wconf 78' lang='lat' dir='ltr'><strong>rit.</strong></span> <span class='ocrx_word' id='word_1_52' title='bbox 182 1091 275 1172; x_wconf 74' lang='lat' dir='ltr'><strong>Pergit</strong></span> <span class='ocrx_word' id='word_1_53' title='bbox 290 1088 536 1168; x_wconf 84' lang='lat' dir='ltr'><strong>eadentsynodus</strong></span> <span class='ocrx_word' id='word_1_54' title='bbox 553 1086 610 1150; x_wconf 83' lang='lat' dir='ltr'><strong>loe.</strong></span> <span class='ocrx_word' id='word_1_55' title='bbox 630 1089 691 1166; x_wconf 67' lang='lat' dir='ltr'><strong>eit„</strong></span> <span class='ocrx_word' id='word_1_56' title='bbox 714 1089 857 1168; x_wconf 84' lang='lat' dir='ltr'><strong>jubetque</strong></span> <span class='ocrx_word' id='word_1_57' title='bbox 876 1091 1032 1152; x_wconf 77' lang='lat' dir='ltr'><strong>consistere</strong></span> <span class='ocrx_word' id='word_1_58' title='bbox 1052 1091 1171 1152; x_wconf 81' lang='lat' dir='ltr'><strong>ordines</strong></span> 
     </span>
     <span class='ocr_line' id='line_1_9' title="bbox 121 1171 1171 1311; baseline 0 -79"><span class='ocrx_word' id='word_1_59' title='bbox 121 1179 181 1311; x_wconf 67' lang='lat' dir='ltr'><strong>posnts</strong></span> <span class='ocrx_word' id='word_1_60' title='bbox 193 1175 382 1233; x_wconf 81' lang='lat' dir='ltr'><strong>lateranense</strong></span> <span class='ocrx_word' id='word_1_61' title='bbox 401 1171 555 1232; x_wconf 85' lang='lat' dir='ltr'><strong>eonsilium</strong></span> <span class='ocrx_word' id='word_1_62' title='bbox 577 1171 739 1248; x_wconf 85' lang='lat' dir='ltr'><strong>institutos,</strong></span> <span class='ocrx_word' id='word_1_63' title='bbox 759 1181 846 1252; x_wconf 86' lang='lat' dir='ltr'><strong>atque</strong></span> <span class='ocrx_word' id='word_1_64' title='bbox 863 1173 900 1234; x_wconf 87' lang='lat' dir='ltr'><strong>ab</strong></span> <span class='ocrx_word' id='word_1_65' title='bbox 916 1172 1078 1252; x_wconf 74' lang='lat' dir='ltr'><strong>Apostoliea</strong></span> <span class='ocrx_word' id='word_1_66' title='bbox 1102 1171 1171 1233; x_wconf 89' lang='lat' dir='ltr'><strong>sede</strong></span> 
     </span>
     <span class='ocr_line' id='line_1_10' title="bbox 122 1263 298 1314; baseline 0.006 -3"><span class='ocrx_word' id='word_1_67' title='bbox 122 1271 147 1311; x_wconf 89' lang='lat' dir='ltr'><strong>oo</strong></span> <span class='ocrx_word' id='word_1_68' title='bbox 175 1263 298 1314; x_wconf 85' lang='lat' dir='ltr'><strong>umatus.</strong></span> 
     </span>
    </p>

    <p class='ocr_par' dir='ltr' id='par_1_3' title="bbox 34 1333 1175 2396">
     <span class='ocr_line' id='line_1_11' title="bbox 34 1333 1172 1414; baseline 0.004 -21"><span class='ocrx_word' id='word_1_69' title='bbox 34 1379 35 1384; x_wconf 18' lang='grc' dir='ltr'>η</span> <span class='ocrx_word' id='word_1_70' title='bbox 155 1334 190 1412; x_wconf 80' lang='grc'><strong>[5)</strong></span> <span class='ocrx_word' id='word_1_71' title='bbox 217 1335 379 1397; x_wconf 77' lang='lat' dir='ltr'><strong>Alexander</strong></span> <span class='ocrx_word' id='word_1_72' title='bbox 407 1333 515 1396; x_wconf 85' lang='lat' dir='ltr'><strong>llsedi</strong></span> <span class='ocrx_word' id='word_1_73' title='bbox 534 1335 703 1414; x_wconf 77' lang='lat' dir='ltr'><strong>Apostoliooe</strong></span> <span class='ocrx_word' id='word_1_74' title='bbox 722 1335 882 1397; x_wconf 82' lang='lat' dir='ltr'><strong>reservarit</strong></span> <span class='ocrx_word' id='word_1_75' title='bbox 901 1344 1073 1414; x_wconf 88' lang='lat' dir='ltr'><strong>potestatem</strong></span> <span class='ocrx_word' id='word_1_76' title='bbox 1092 1336 1172 1398; x_wconf 84' lang='lat' dir='ltr'><strong>reie-</strong></span> 
     </span>
     <span class='ocr_line' id='line_1_12' title="bbox 122 1417 1172 1496; baseline 0.003 -21"><span class='ocrx_word' id='word_1_77' title='bbox 122 1417 194 1476; x_wconf 91' lang='lat' dir='ltr'><strong>rendi</strong></span> <span class='ocrx_word' id='word_1_78' title='bbox 209 1418 237 1477; x_wconf 92' lang='lat' dir='ltr'><strong>in</strong></span> <span class='ocrx_word' id='word_1_79' title='bbox 254 1427 419 1478; x_wconf 86' lang='lat' dir='ltr'><strong>senetorum</strong></span> <span class='ocrx_word' id='word_1_80' title='bbox 443 1435 598 1477; x_wconf 88' lang='lat' dir='ltr'><strong>numerum</strong></span> <span class='ocrx_word' id='word_1_81' title='bbox 621 1435 686 1490; x_wconf 90' lang='lat' dir='ltr'><strong>eos,</strong></span> <span class='ocrx_word' id='word_1_82' title='bbox 710 1419 761 1496; x_wconf 90' lang='lat' dir='ltr'><strong>qui</strong></span> <span class='ocrx_word' id='word_1_83' title='bbox 785 1417 903 1478; x_wconf 88' lang='lat' dir='ltr'><strong>beroiea</strong></span> <span class='ocrx_word' id='word_1_84' title='bbox 918 1419 1028 1478; x_wconf 81' lang='lat' dir='ltr'><strong>virtuts</strong></span> <span class='ocrx_word' id='word_1_85' title='bbox 1051 1418 1172 1478; x_wconf 88' lang='lat' dir='ltr'><strong>elaruis·</strong></span> 
     </span>
     <span class='ocr_line' id='line_1_13' title="bbox 123 1499 1172 1580; baseline 0 -22"><span class='ocrx_word' id='word_1_86' title='bbox 123 1507 188 1558; x_wconf 87' lang='lat' dir='ltr'><strong>sent.</strong></span> <span class='ocrx_word' id='word_1_87' title='bbox 207 1500 315 1580; x_wconf 70' lang='lat' dir='ltr'><strong>Ambigi</strong></span> <span class='ocrx_word' id='word_1_88' title='bbox 334 1517 405 1560; x_wconf 84' lang='lat' dir='ltr'><strong>vero</strong></span> <span class='ocrx_word' id='word_1_89' title='bbox 424 1517 482 1560; x_wconf 92' lang='lat' dir='ltr'><strong>non</strong></span> <span class='ocrx_word' id='word_1_90' title='bbox 502 1506 610 1577; x_wconf 79' lang='lat' dir='ltr'><strong>potest,</strong></span> <span class='ocrx_word' id='word_1_91' title='bbox 634 1499 707 1576; x_wconf 89' lang='lat' dir='ltr'><strong>quin</strong></span> <span class='ocrx_word' id='word_1_92' title='bbox 730 1500 792 1560; x_wconf 79' lang='lat' dir='ltr'><strong>ben</strong></span> <span class='ocrx_word' id='word_1_93' title='bbox 808 1500 966 1558; x_wconf 75' lang='lat' dir='ltr'><strong>reservatio</strong></span> <span class='ocrx_word' id='word_1_94' title='bbox 980 1499 1047 1577; x_wconf 88' lang='lat' dir='ltr'><strong>jure</strong></span> <span class='ocrx_word' id='word_1_95' title='bbox 1064 1507 1094 1560; x_wconf 90' lang='lat' dir='ltr'><strong>et</strong></span> <span class='ocrx_word' id='word_1_96' title='bbox 1110 1519 1172 1558; x_wconf 84' lang='lat' dir='ltr'><strong>me-</strong></span> 
     </span>
     <span class='ocr_line' id='line_1_14' title="bbox 123 1579 1174 1660; baseline 0.005 -23"><span class='ocrx_word' id='word_1_97' title='bbox 123 1579 173 1638; x_wconf 89' lang='lat' dir='ltr'><strong>rito</strong></span> <span class='ocrx_word' id='word_1_98' title='bbox 194 1579 263 1640; x_wconf 84' lang='lat' dir='ltr'><strong>laeta</strong></span> <span class='ocrx_word' id='word_1_99' title='bbox 282 1583 385 1656; x_wconf 71' lang='lat' dir='ltr'><strong>tuerit,</strong></span> <span class='ocrx_word' id='word_1_100' title='bbox 412 1590 442 1644; x_wconf 89' lang='lat' dir='ltr'><strong>et</strong></span> <span class='ocrx_word' id='word_1_101' title='bbox 468 1581 597 1660; x_wconf 80' lang='lat' dir='ltr'><strong>synodus</strong></span> <span class='ocrx_word' id='word_1_102' title='bbox 622 1579 742 1657; x_wconf 89' lang='lat' dir='ltr'><strong>quidem</strong></span> <span class='ocrx_word' id='word_1_103' title='bbox 766 1581 1011 1655; x_wconf 62' lang='lat' dir='ltr'><strong>(londoniensis,</strong></span> <span class='ocrx_word' id='word_1_104' title='bbox 1034 1597 1107 1642; x_wconf 82' lang='lat' dir='ltr'><strong>sess.</strong></span> <span class='ocrx_word' id='word_1_105' title='bbox 1133 1583 1174 1642; x_wconf 71' lang='lat' dir='ltr'><strong>to</strong></span> 
     </span>
     <span class='ocr_line' id='line_1_15' title="bbox 125 1657 1173 1742; baseline 0.007 -25"><span class='ocrx_word' id='word_1_106' title='bbox 125 1657 176 1720; x_wconf 83' lang='lat' dir='ltr'><strong>eol.</strong></span> <span class='ocrx_word' id='word_1_107' title='bbox 196 1663 252 1722; x_wconf 80' lang='grc'><strong>585</strong></span> <span class='ocrx_word' id='word_1_108' title='bbox 273 1671 337 1724; x_wconf 74' lang='lat' dir='ltr'><strong>torn.</strong></span> <span class='ocrx_word' id='word_1_109' title='bbox 363 1665 400 1724; x_wconf 89' lang='grc'><strong>16</strong></span> <span class='ocrx_word' id='word_1_110' title='bbox 421 1659 523 1724; x_wconf 80' lang='lat' dir='ltr'><strong>concil.</strong></span> <span class='ocrx_word' id='word_1_111' title='bbox 548 1659 669 1736; x_wconf 72' lang='lat' dir='ltr'><strong>labbei,</strong></span> <span class='ocrx_word' id='word_1_112' title='bbox 691 1661 722 1722; x_wconf 94' lang='lat' dir='ltr'><strong>id</strong></span> <span class='ocrx_word' id='word_1_113' title='bbox 733 1663 782 1742; x_wconf 87' lang='lat' dir='ltr'><strong>jus</strong></span> <span class='ocrx_word' id='word_1_114' title='bbox 805 1662 928 1723; x_wconf 82' lang='lat' dir='ltr'><strong>coneilio</strong></span> <span class='ocrx_word' id='word_1_115' title='bbox 949 1662 1126 1724; x_wconf 85' lang='lat' dir='ltr'><strong>oeeumenioo</strong></span> <span class='ocrx_word' id='word_1_116' title='bbox 1143 1671 1173 1724; x_wconf 85' lang='lat' dir='ltr'><strong>et</strong></span> 
     </span>
     <span class='ocr_line' id='line_1_16' title="bbox 128 1742 1172 1824; baseline 0.005 -25"><span class='ocrx_word' id='word_1_117' title='bbox 128 1742 247 1803; x_wconf 79' lang='lat' dir='ltr'><strong>Pontifici</strong></span> <span class='ocrx_word' id='word_1_118' title='bbox 264 1745 407 1804; x_wconf 78' lang='lat' dir='ltr'><strong>adscribit.</strong></span> <span class='ocrx_word' id='word_1_119' title='bbox 433 1749 543 1808; x_wconf 82' lang='lat' dir='ltr'><strong>Revera</strong></span> <span class='ocrx_word' id='word_1_120' title='bbox 575 1745 600 1804; x_wconf 93' lang='lat' dir='ltr'><strong>si</strong></span> <span class='ocrx_word' id='word_1_121' title='bbox 623 1751 707 1804; x_wconf 87' lang='lat' dir='ltr'><strong>vetus</strong></span> <span class='ocrx_word' id='word_1_122' title='bbox 734 1751 778 1804; x_wconf 88' lang='lat' dir='ltr'><strong>est</strong></span> <span class='ocrx_word' id='word_1_123' title='bbox 800 1744 917 1824; x_wconf 75' lang='lat' dir='ltr'><strong>regula,</strong></span> <span class='ocrx_word' id='word_1_124' title='bbox 943 1743 1021 1822; x_wconf 87' lang='lat' dir='ltr'><strong>quod</strong></span> <span class='ocrx_word' id='word_1_125' title='bbox 1050 1743 1172 1823; x_wconf 87' lang='lat' dir='ltr'><strong>majores</strong></span> 
     </span>
     <span class='ocr_line' id='line_1_17' title="bbox 126 1824 1174 1906; baseline 0.002 -24"><span class='ocrx_word' id='word_1_126' title='bbox 126 1841 209 1884; x_wconf 76' lang='lat' dir='ltr'><strong>muse</strong></span> <span class='ocrx_word' id='word_1_127' title='bbox 227 1825 260 1886; x_wconf 88' lang='lat' dir='ltr'><strong>ad</strong></span> <span class='ocrx_word' id='word_1_128' title='bbox 274 1828 442 1906; x_wconf 78' lang='lat' dir='ltr'><strong>Apostolieae</strong></span> <span class='ocrx_word' id='word_1_129' title='bbox 462 1827 539 1886; x_wconf 90' lang='lat' dir='ltr'><strong>sedis</strong></span> <span class='ocrx_word' id='word_1_130' title='bbox 555 1824 700 1904; x_wconf 89' lang='lat' dir='ltr'><strong>judicium</strong></span> <span class='ocrx_word' id='word_1_131' title='bbox 724 1825 909 1901; x_wconf 83' lang='lat' dir='ltr'><strong>delerentur,</strong></span> <span class='ocrx_word' id='word_1_132' title='bbox 927 1825 971 1885; x_wconf 91' lang='lat' dir='ltr'><strong>uti</strong></span> <span class='ocrx_word' id='word_1_133' title='bbox 991 1825 1174 1887; x_wconf 86' lang='lat' dir='ltr'><strong>demonstra-</strong></span> 
     </span>
     <span class='ocr_line' id='line_1_18' title="bbox 125 1907 1172 1988; baseline 0.005 -26"><span class='ocrx_word' id='word_1_134' title='bbox 125 1913 180 1964; x_wconf 89' lang='lat' dir='ltr'><strong>tum</strong></span> <span class='ocrx_word' id='word_1_135' title='bbox 194 1925 274 1986; x_wconf 84' lang='lat' dir='ltr'><strong>supra</strong></span> <span class='ocrx_word' id='word_1_136' title='bbox 294 1917 353 1983; x_wconf 76' lang='lat' dir='ltr'><strong>eet,</strong></span> <span class='ocrx_word' id='word_1_137' title='bbox 375 1909 399 1968; x_wconf 91' lang='lat' dir='ltr'><strong>si</strong></span> <span class='ocrx_word' id='word_1_138' title='bbox 418 1909 540 1970; x_wconf 83' lang='lat' dir='ltr'><strong>Romani</strong></span> <span class='ocrx_word' id='word_1_139' title='bbox 560 1907 714 1969; x_wconf 75' lang='lat' dir='ltr'><strong>Pontifices</strong></span> <span class='ocrx_word' id='word_1_140' title='bbox 731 1925 785 1988; x_wconf 92' lang='lat' dir='ltr'><strong>pro</strong></span> <span class='ocrx_word' id='word_1_141' title='bbox 799 1925 933 1986; x_wconf 90' lang='lat' dir='ltr'><strong>suprema</strong></span> <span class='ocrx_word' id='word_1_142' title='bbox 954 1915 1095 1986; x_wconf 75' lang='lat' dir='ltr'><strong>potestate</strong></span> <span class='ocrx_word' id='word_1_143' title='bbox 1116 1908 1172 1968; x_wconf 92' lang='lat' dir='ltr'><strong>sibi</strong></span> 
     </span>
     <span class='ocr_line' id='line_1_19' title="bbox 123 1989 1175 2070; baseline 0.006 -25"><span class='ocrx_word' id='word_1_144' title='bbox 123 1989 149 2046; x_wconf 88' lang='lat' dir='ltr'><strong>in</strong></span> <span class='ocrx_word' id='word_1_145' title='bbox 166 1989 274 2052; x_wconf 77' lang='lat' dir='ltr'><strong>eeclesia</strong></span> <span class='ocrx_word' id='word_1_146' title='bbox 293 1992 428 2052; x_wconf 80' lang='lat' dir='ltr'><strong>universa</strong></span> <span class='ocrx_word' id='word_1_147' title='bbox 447 1991 554 2051; x_wconf 86' lang='lat' dir='ltr'><strong>tradita</strong></span> <span class='ocrx_word' id='word_1_148' title='bbox 580 2009 678 2050; x_wconf 76' lang='lat' dir='ltr'><strong>musas</strong></span> <span class='ocrx_word' id='word_1_149' title='bbox 698 1990 855 2050; x_wconf 86' lang='lat' dir='ltr'><strong>eriminum</strong></span> <span class='ocrx_word' id='word_1_150' title='bbox 882 1991 1030 2070; x_wconf 77' lang='lat' dir='ltr'><strong>graviores</strong></span> <span class='ocrx_word' id='word_1_151' title='bbox 1049 2007 1102 2051; x_wconf 92' lang='lat' dir='ltr'><strong>suo</strong></span> <span class='ocrx_word' id='word_1_152' title='bbox 1120 2007 1175 2068; x_wconf 93' lang='lat' dir='ltr'><strong>po-</strong></span> 
     </span>
     <span class='ocr_line' id='line_1_20' title="bbox 123 2071 1173 2153; baseline 0.004 -25"><span class='ocrx_word' id='word_1_153' title='bbox 123 2077 228 2132; x_wconf 88' lang='lat' dir='ltr'><strong>tnerunt</strong></span> <span class='ocrx_word' id='word_1_154' title='bbox 240 2073 378 2153; x_wconf 77' lang='lat' dir='ltr'><strong>peculiari</strong></span> <span class='ocrx_word' id='word_1_155' title='bbox 391 2073 503 2151; x_wconf 85' lang='lat' dir='ltr'><strong>judicio</strong></span> <span class='ocrx_word' id='word_1_156' title='bbox 520 2089 685 2148; x_wconf 83' lang='lat' dir='ltr'><strong>reservare,</strong></span> <span class='ocrx_word' id='word_1_157' title='bbox 697 2081 731 2133; x_wconf 93' lang='lat' dir='ltr'><strong>ut</strong></span> <span class='ocrx_word' id='word_1_158' title='bbox 748 2073 845 2150; x_wconf 87' lang='lat' dir='ltr'><strong>inquit</strong></span> <span class='ocrx_word' id='word_1_159' title='bbox 857 2071 987 2152; x_wconf 90' lang='lat' dir='ltr'><strong>synodus</strong></span> <span class='ocrx_word' id='word_1_160' title='bbox 1000 2073 1173 2134; x_wconf 83' lang='lat' dir='ltr'><strong>Tridentino</strong></span> 
     </span>
     <span class='ocr_line' id='line_1_21' title="bbox 123 2153 1174 2237; baseline 0.002 -25"><span class='ocrx_word' id='word_1_161' title='bbox 123 2169 183 2214; x_wconf 82' lang='lat' dir='ltr'><strong>teas.</strong></span> <span class='ocrx_word' id='word_1_162' title='bbox 206 2156 241 2216; x_wconf 98' lang='grc'><strong>15</strong></span> <span class='ocrx_word' id='word_1_163' title='bbox 265 2175 334 2237; x_wconf 79' lang='lat' dir='ltr'><strong>cop.</strong></span> <span class='ocrx_word' id='word_1_164' title='bbox 370 2155 388 2216; x_wconf 92' lang='grc'><strong>7</strong></span> <span class='ocrx_word' id='word_1_165' title='bbox 411 2153 634 2236; x_wconf 76' lang='lat' dir='ltr'><strong>dependent,</strong></span> <span class='ocrx_word' id='word_1_166' title='bbox 661 2153 726 2234; x_wconf 93' lang='lat' dir='ltr'><strong>quis</strong></span> <span class='ocrx_word' id='word_1_167' title='bbox 753 2161 839 2234; x_wconf 79' lang='lat' dir='ltr'><strong>neget</strong></span> <span class='ocrx_word' id='word_1_168' title='bbox 863 2171 911 2215; x_wconf 87' lang='lat' dir='ltr'><strong>eos</strong></span> <span class='ocrx_word' id='word_1_169' title='bbox 942 2153 997 2214; x_wconf 92' lang='lat' dir='ltr'><strong>sibi</strong></span> <span class='ocrx_word' id='word_1_170' title='bbox 1025 2171 1174 2214; x_wconf 88' lang='lat' dir='ltr'><strong>reservare</strong></span> 
     </span>
     <span class='ocr_line' id='line_1_22' title="bbox 122 2234 1174 2315; baseline 0.003 -23"><span class='ocrx_word' id='word_1_171' title='bbox 122 2235 235 2311; x_wconf 80' lang='lat' dir='ltr'><strong>potuisse</strong></span> <span class='ocrx_word' id='word_1_172' title='bbox 258 2256 376 2298; x_wconf 85' lang='lat' dir='ltr'><strong>eausam</strong></span> <span class='ocrx_word' id='word_1_173' title='bbox 399 2237 436 2297; x_wconf 91' lang='lat' dir='ltr'><strong>de</strong></span> <span class='ocrx_word' id='word_1_174' title='bbox 461 2234 683 2297; x_wconf 76' lang='lat' dir='ltr'><strong>eonmtizotione</strong></span> <span class='ocrx_word' id='word_1_175' title='bbox 706 2243 888 2312; x_wconf 79' lang='lat' dir='ltr'><strong>sanctorum,</strong></span> <span class='ocrx_word' id='word_1_176' title='bbox 915 2255 981 2314; x_wconf 81' lang='lat' dir='ltr'><strong>qum</strong></span> <span class='ocrx_word' id='word_1_177' title='bbox 1006 2236 1174 2315; x_wconf 77' lang='lat' dir='ltr'><strong>gravissima</strong></span> 
     </span>
     <span class='ocr_line' id='line_1_23' title="bbox 122 2316 1174 2396; baseline 0 -20"><span class='ocrx_word' id='word_1_178' title='bbox 122 2333 170 2394; x_wconf 86' lang='lat' dir='ltr'><strong>per</strong></span> <span class='ocrx_word' id='word_1_179' title='bbox 182 2335 211 2376; x_wconf 84' lang='lat' dir='ltr'><strong>se</strong></span> <span class='ocrx_word' id='word_1_180' title='bbox 224 2327 281 2394; x_wconf 83' lang='lat' dir='ltr'><strong>est,</strong></span> <span class='ocrx_word' id='word_1_181' title='bbox 300 2329 331 2380; x_wconf 88' lang='lat' dir='ltr'><strong>et</strong></span> <span class='ocrx_word' id='word_1_182' title='bbox 348 2319 385 2379; x_wconf 89' lang='lat' dir='ltr'><strong>ad</strong></span> <span class='ocrx_word' id='word_1_183' title='bbox 401 2319 540 2380; x_wconf 81' lang='lat' dir='ltr'><strong>virtutem</strong></span> <span class='ocrx_word' id='word_1_184' title='bbox 558 2317 777 2393; x_wconf 79' lang='lat' dir='ltr'><strong>celebrandam,</strong></span> <span class='ocrx_word' id='word_1_185' title='bbox 794 2325 882 2396; x_wconf 88' lang='lat' dir='ltr'><strong>atque</strong></span> <span class='ocrx_word' id='word_1_186' title='bbox 896 2316 934 2378; x_wconf 85' lang='lat' dir='ltr'><strong>ad</strong></span> <span class='ocrx_word' id='word_1_187' title='bbox 951 2335 1016 2378; x_wconf 91' lang='lat' dir='ltr'><strong>rem</strong></span> <span class='ocrx_word' id='word_1_188' title='bbox 1038 2317 1174 2378; x_wconf 82' lang='lat' dir='ltr'><strong>ebriatio-</strong></span> 
     </span>
    </p>
   </div>
   <div class='ocr_carea' id='block_1_3' title="bbox 34 2399 1175 2479">
    <p class='ocr_par' dir='ltr' id='par_1_4' title="bbox 34 2399 1175 2479">
     <span class='ocr_line' id='line_1_24' title="bbox 34 2399 1175 2479; baseline 0 -21"><span class='ocrx_word' id='word_1_189' title='bbox 34 2447 35 2450; x_wconf 15' lang='grc'><strong>1</strong></span> <span class='ocrx_word' id='word_1_190' title='bbox 121 2417 181 2458; x_wconf 86' lang='lat' dir='ltr'><strong>nem</strong></span> <span class='ocrx_word' id='word_1_191' title='bbox 203 2409 334 2462; x_wconf 84' lang='lat' dir='ltr'><strong>ennetam</strong></span> <span class='ocrx_word' id='word_1_192' title='bbox 357 2401 507 2479; x_wconf 84' lang='lat' dir='ltr'><strong>pertinet?</strong></span> <span class='ocrx_word' id='word_1_193' title='bbox 532 2402 596 2462; x_wconf 86' lang='lat' dir='ltr'><strong>lam</strong></span> <span class='ocrx_word' id='word_1_194' title='bbox 616 2400 717 2460; x_wconf 86' lang='lat' dir='ltr'><strong>iudea</strong></span> <span class='ocrx_word' id='word_1_195' title='bbox 743 2399 849 2460; x_wconf 79' lang='lat' dir='ltr'><strong>soeculo</strong></span> <span class='ocrx_word' id='word_1_196' title='bbox 873 2403 919 2475; x_wconf 91' lang='lat' dir='ltr'><strong>V,</strong></span> <span class='ocrx_word' id='word_1_197' title='bbox 944 2400 991 2460; x_wconf 86' lang='lat' dir='ltr'><strong>vel</strong></span> <span class='ocrx_word' id='word_1_198' title='bbox 1014 2407 1093 2460; x_wconf 86' lang='lat' dir='ltr'><strong>oerte</strong></span> <span class='ocrx_word' id='word_1_199' title='bbox 1115 2415 1175 2460; x_wconf 89' lang='lat' dir='ltr'><strong>non</strong></span> 
     </span>
    </p>
   </div>
   <div class='ocr_carea' id='block_1_4' title="bbox 34 2475 1177 2562">
    <p class='ocr_par' dir='ltr' id='par_1_5' title="bbox 34 2475 1177 2562">
     <span class='ocr_line' id='line_1_25' title="bbox 34 2475 1177 2562; baseline 0.003 -22"><span class='ocrx_word' id='word_1_200' title='bbox 34 2475 36 2556; x_wconf 68' lang='lat' dir='ltr'><strong>l</strong></span> <span class='ocrx_word' id='word_1_201' title='bbox 121 2480 201 2541; x_wconf 84' lang='lat' dir='ltr'><strong>multo</strong></span> <span class='ocrx_word' id='word_1_202' title='bbox 222 2490 303 2562; x_wconf 86' lang='lat' dir='ltr'><strong>post,</strong></span> <span class='ocrx_word' id='word_1_203' title='bbox 327 2493 390 2544; x_wconf 86' lang='lat' dir='ltr'><strong>aeta</strong></span> <span class='ocrx_word' id='word_1_204' title='bbox 412 2486 573 2561; x_wconf 76' lang='lat' dir='ltr'><strong>Martyrum</strong></span> <span class='ocrx_word' id='word_1_205' title='bbox 597 2481 634 2542; x_wconf 91' lang='lat' dir='ltr'><strong>ad</strong></span> <span class='ocrx_word' id='word_1_206' title='bbox 665 2499 814 2542; x_wconf 84' lang='lat' dir='ltr'><strong>summum</strong></span> <span class='ocrx_word' id='word_1_207' title='bbox 839 2480 1009 2543; x_wconf 81' lang='lat' dir='ltr'><strong>Pontificem</strong></span> <span class='ocrx_word' id='word_1_208' title='bbox 1035 2500 1071 2542; x_wconf 78' lang='lat' dir='ltr'><strong>es</strong></span> <span class='ocrx_word' id='word_1_209' title='bbox 1094 2499 1177 2544; x_wconf 84' lang='lat' dir='ltr'><strong>more</strong></span> 
     </span>
    </p>
   </div>
   <div class='ocr_carea' id='block_1_5' title="bbox 120 2561 1176 2626">
    <p class='ocr_par' dir='ltr' id='par_1_6' title="bbox 34 2557 1176 2626">
     <span class='ocr_line' id='line_1_26' title="bbox 120 2561 1176 2626; baseline 0.004 -6.699"><span class='ocrx_word' id='word_1_210' title='bbox 120 2562 186 2622; x_wconf 90' lang='lat' dir='ltr'><strong>mitti</strong></span> <span class='ocrx_word' id='word_1_211' title='bbox 207 2566 392 2626; x_wconf 80' lang='lat' dir='ltr'><strong>eonsuerisse</strong></span> <span class='ocrx_word' id='word_1_212' title='bbox 411 2571 534 2624; x_wconf 83' lang='lat' dir='ltr'><strong>testatur</strong></span> <span class='ocrx_word' id='word_1_213' title='bbox 557 2562 742 2624; x_wconf 80' lang='lat' dir='ltr'><strong>llobillonius</strong></span> <span class='ocrx_word' id='word_1_214' title='bbox 764 2564 839 2624; x_wconf 78' lang='lat' dir='ltr'><strong>Aeto</strong></span> <span class='ocrx_word' id='word_1_215' title='bbox 860 2564 913 2624; x_wconf 88' lang='lat' dir='ltr'><strong>SS.</strong></span> <span class='ocrx_word' id='word_1_216' title='bbox 937 2561 1036 2624; x_wconf 79' lang='lat' dir='ltr'><strong>ordio.</strong></span> <span class='ocrx_word' id='word_1_217' title='bbox 1060 2565 1092 2624; x_wconf 88' lang='lat' dir='ltr'><strong>S.</strong></span> <span class='ocrx_word' id='word_1_218' title='bbox 1116 2567 1176 2624; x_wconf 88' lang='lat' dir='ltr'><strong>Be-</strong></span> 
     </span>
    </p>
   </div>
   <div class='ocr_carea' id='block_1_6' title="bbox 34 2642 1181 4114">
    <p class='ocr_par' dir='ltr' id='par_1_7' title="bbox 34 2642 1179 3608">
     <span class='ocr_line' id='line_1_27' title="bbox 34 2642 1176 2728; baseline 0.001 -24"><span class='ocrx_word' id='word_1_219' title='bbox 34 2655 35 2658; x_wconf 75' lang='grc'>’</span> <span class='ocrx_word' id='word_1_220' title='bbox 121 2642 211 2706; x_wconf 77' lang='lat' dir='ltr'><strong>rediet.</strong></span> <span class='ocrx_word' id='word_1_221' title='bbox 226 2644 350 2728; x_wconf 72' lang='lat' dir='ltr'><strong>praefat.</strong></span> <span class='ocrx_word' id='word_1_222' title='bbox 371 2647 404 2707; x_wconf 82' lang='lat' dir='ltr'><strong>in</strong></span> <span class='ocrx_word' id='word_1_223' title='bbox 417 2665 486 2708; x_wconf 70' lang='lat' dir='ltr'><strong>ecee.</strong></span> <span class='ocrx_word' id='word_1_224' title='bbox 506 2647 630 2707; x_wconf 82' lang='lat' dir='ltr'><strong>Vnum.</strong></span> <span class='ocrx_word' id='word_1_225' title='bbox 644 2646 683 2706; x_wconf 88' lang='grc'><strong>95</strong></span> <span class='ocrx_word' id='word_1_226' title='bbox 697 2663 768 2726; x_wconf 80' lang='lat' dir='ltr'><strong>pap.</strong></span> <span class='ocrx_word' id='word_1_227' title='bbox 784 2647 825 2706; x_wconf 90' lang='grc'><strong>56</strong></span> <span class='ocrx_word' id='word_1_228' title='bbox 839 2643 909 2705; x_wconf 85' lang='lat' dir='ltr'><strong>edit.</strong></span> <span class='ocrx_word' id='word_1_229' title='bbox 928 2647 1051 2706; x_wconf 72' lang='lat' dir='ltr'><strong>Veneta</strong></span> <span class='ocrx_word' id='word_1_230' title='bbox 1078 2647 1115 2704; x_wconf 85' lang='lat' dir='ltr'><strong>Ut</strong></span> <span class='ocrx_word' id='word_1_231' title='bbox 1127 2643 1176 2705; x_wconf 84' lang='lat' dir='ltr'><strong>nel</strong></span> 
     </span>
     <span class='ocr_line' id='line_1_28' title="bbox 122 2723 1177 2810; baseline -0.002 -23"><span class='ocrx_word' id='word_1_232' title='bbox 122 2723 190 2788; x_wconf 85' lang='lat' dir='ltr'><strong>oleo</strong></span> <span class='ocrx_word' id='word_1_233' title='bbox 209 2727 416 2789; x_wconf 68' lang='lat' dir='ltr'><strong>manitatem</strong></span> <span class='ocrx_word' id='word_1_234' title='bbox 437 2728 620 2810; x_wconf 74' lang='lat' dir='ltr'><strong>desiperent,</strong></span> <span class='ocrx_word' id='word_1_235' title='bbox 640 2724 686 2788; x_wconf 86' lang='lat' dir='ltr'><strong>oei</strong></span> <span class='ocrx_word' id='word_1_236' title='bbox 706 2733 740 2787; x_wconf 81' lang='lat' dir='ltr'><strong>et</strong></span> <span class='ocrx_word' id='word_1_237' title='bbox 757 2726 790 2786; x_wconf 83' lang='lat' dir='ltr'><strong>in</strong></span> <span class='ocrx_word' id='word_1_238' title='bbox 807 2729 941 2786; x_wconf 80' lang='lat' dir='ltr'><strong>Romano</strong></span> <span class='ocrx_word' id='word_1_239' title='bbox 954 2725 1065 2786; x_wconf 55' lang='lat' dir='ltr'><strong>aeonio</strong></span> <span class='ocrx_word' id='word_1_240' title='bbox 1079 2742 1177 2786; x_wconf 75' lang='lat' dir='ltr'><strong>ossen-</strong></span> 
     </span>
     <span class='ocr_line' id='line_1_29' title="bbox 120 2803 1177 2893; baseline -0.001 -23"><span class='ocrx_word' id='word_1_241' title='bbox 120 2817 265 2888; x_wconf 80' lang='lat' dir='ltr'><strong>osrentur,</strong></span> <span class='ocrx_word' id='word_1_242' title='bbox 290 2807 337 2872; x_wconf 83' lang='lat' dir='ltr'><strong>vel</strong></span> <span class='ocrx_word' id='word_1_243' title='bbox 354 2808 480 2893; x_wconf 59' lang='lat' dir='ltr'><strong>&amp;nanee</strong></span> <span class='ocrx_word' id='word_1_244' title='bbox 498 2817 534 2870; x_wconf 80' lang='lat' dir='ltr'><strong>nt</strong></span> <span class='ocrx_word' id='word_1_245' title='bbox 553 2810 586 2870; x_wconf 85' lang='lat' dir='ltr'><strong>in</strong></span> <span class='ocrx_word' id='word_1_246' title='bbox 606 2808 701 2870; x_wconf 77' lang='lat' dir='ltr'><strong>sooria</strong></span> <span class='ocrx_word' id='word_1_247' title='bbox 717 2809 860 2869; x_wconf 70' lang='lat' dir='ltr'><strong>nonnae</strong></span> <span class='ocrx_word' id='word_1_248' title='bbox 880 2803 1007 2868; x_wconf 72' lang='lat' dir='ltr'><strong>eoeleste</strong></span> <span class='ocrx_word' id='word_1_249' title='bbox 1028 2803 1177 2888; x_wconf 72' lang='lat' dir='ltr'><strong>dyptichis</strong></span> 
     </span>
     <span class='ocr_line' id='line_1_30' title="bbox 121 2887 1176 2976; baseline -0.001 -25"><span class='ocrx_word' id='word_1_250' title='bbox 121 2892 259 2976; x_wconf 72' lang='lat' dir='ltr'><strong>Martyres</strong></span> <span class='ocrx_word' id='word_1_251' title='bbox 273 2889 372 2954; x_wconf 63' lang='lat' dir='ltr'><strong>meum</strong></span> <span class='ocrx_word' id='word_1_252' title='bbox 383 2890 552 2954; x_wconf 81' lang='lat' dir='ltr'><strong>obtinerent.</strong></span> <span class='ocrx_word' id='word_1_253' title='bbox 564 2895 659 2970; x_wconf 77' lang='lat' dir='ltr'><strong>Atque</strong></span> <span class='ocrx_word' id='word_1_254' title='bbox 672 2891 712 2951; x_wconf 89' lang='lat' dir='ltr'><strong>ita</strong></span> <span class='ocrx_word' id='word_1_255' title='bbox 727 2889 847 2968; x_wconf 86' lang='lat' dir='ltr'><strong>quidem</strong></span> <span class='ocrx_word' id='word_1_256' title='bbox 861 2888 963 2949; x_wconf 85' lang='lat' dir='ltr'><strong>soribit</strong></span> <span class='ocrx_word' id='word_1_257' title='bbox 976 2887 1176 2968; x_wconf 65' lang='lat' dir='ltr'><strong>mabillonius,</strong></span> 
     </span>
     <span class='ocr_line' id='line_1_31' title="bbox 121 2970 1175 3054; baseline -0.005 -20"><span class='ocrx_word' id='word_1_258' title='bbox 121 2977 242 3048; x_wconf 77' lang='lat' dir='ltr'><strong>quonism</strong></span> <span class='ocrx_word' id='word_1_259' title='bbox 261 2993 296 3035; x_wconf 86' lang='lat' dir='ltr'><strong>se</strong></span> <span class='ocrx_word' id='word_1_260' title='bbox 317 2976 348 3034; x_wconf 92' lang='lat' dir='ltr'><strong>in</strong></span> <span class='ocrx_word' id='word_1_261' title='bbox 368 2975 460 3036; x_wconf 83' lang='lat' dir='ltr'><strong>veteri</strong></span> <span class='ocrx_word' id='word_1_262' title='bbox 483 2973 581 3035; x_wconf 88' lang='lat' dir='ltr'><strong>oodiee</strong></span> <span class='ocrx_word' id='word_1_263' title='bbox 597 2973 702 3054; x_wconf 74' lang='lat' dir='ltr'><strong>legisse</strong></span> <span class='ocrx_word' id='word_1_264' title='bbox 716 2971 827 3032; x_wconf 85' lang='lat' dir='ltr'><strong>tradit:</strong></span> <span class='ocrx_word' id='word_1_265' title='bbox 847 2971 935 3032; x_wconf 81' lang='lat' dir='ltr'><strong>Geato</strong></span> <span class='ocrx_word' id='word_1_266' title='bbox 955 2973 996 3032; x_wconf 81' lang='lat' dir='ltr'><strong>tt.</strong></span> <span class='ocrx_word' id='word_1_267' title='bbox 1011 2970 1175 3052; x_wconf 67' lang='lat' dir='ltr'><strong>Martyris,</strong></span> 
     </span>
     <span class='ocr_line' id='line_1_32' title="bbox 121 3049 1178 3138; baseline 0.004 -26"><span class='ocrx_word' id='word_1_268' title='bbox 121 3063 149 3112; x_wconf 80' lang='lat' dir='ltr'><strong>ut</strong></span> <span class='ocrx_word' id='word_1_269' title='bbox 158 3057 246 3118; x_wconf 67' lang='lat' dir='ltr'><strong>morab</strong></span> <span class='ocrx_word' id='word_1_270' title='bbox 260 3064 343 3130; x_wconf 72' lang='lat' dir='ltr'><strong>erm,</strong></span> <span class='ocrx_word' id='word_1_271' title='bbox 358 3053 441 3117; x_wconf 76' lang='lat' dir='ltr'><strong>urbis</strong></span> <span class='ocrx_word' id='word_1_272' title='bbox 454 3058 554 3118; x_wconf 80' lang='lat' dir='ltr'><strong>Rontoe</strong></span> <span class='ocrx_word' id='word_1_273' title='bbox 567 3053 701 3138; x_wconf 80' lang='lat' dir='ltr'><strong>episeopo</strong></span> <span class='ocrx_word' id='word_1_274' title='bbox 717 3053 893 3115; x_wconf 81' lang='lat' dir='ltr'><strong>transmisso</strong></span> <span class='ocrx_word' id='word_1_275' title='bbox 905 3049 1014 3136; x_wconf 69' lang='lat' dir='ltr'><strong>sense,</strong></span> <span class='ocrx_word' id='word_1_276' title='bbox 1038 3059 1073 3114; x_wconf 82' lang='lat' dir='ltr'><strong>ut</strong></span> <span class='ocrx_word' id='word_1_277' title='bbox 1085 3053 1178 3116; x_wconf 80' lang='lat' dir='ltr'><strong>saeris</strong></span> 
     </span>
     <span class='ocr_line' id='line_1_33' title="bbox 120 3135 1178 3220; baseline -0.002 -24"><span class='ocrx_word' id='word_1_278' title='bbox 120 3137 285 3220; x_wconf 73' lang='lat' dir='ltr'><strong>Martyrum</strong></span> <span class='ocrx_word' id='word_1_279' title='bbox 310 3135 530 3200; x_wconf 76' lang='lat' dir='ltr'><strong>menorialibua</strong></span> <span class='ocrx_word' id='word_1_280' title='bbox 556 3135 731 3198; x_wconf 76' lang='lat' dir='ltr'><strong>luderentur</strong></span> <span class='ocrx_word' id='word_1_281' title='bbox 752 3143 807 3196; x_wconf 85' lang='lat' dir='ltr'><strong>ete.</strong></span> <span class='ocrx_word' id='word_1_282' title='bbox 842 3137 884 3196; x_wconf 84' lang='lat' dir='ltr'><strong>Ex</strong></span> <span class='ocrx_word' id='word_1_283' title='bbox 907 3153 966 3214; x_wconf 92' lang='lat' dir='ltr'><strong>quo</strong></span> <span class='ocrx_word' id='word_1_284' title='bbox 984 3135 1178 3214; x_wconf 77' lang='lat' dir='ltr'><strong>intelligitur,</strong></span> 
     </span>
     <span class='ocr_line' id='line_1_34' title="bbox 119 3213 1179 3298; baseline -0.004 -16"><span class='ocrx_word' id='word_1_285' title='bbox 119 3217 167 3291; x_wconf 70' lang='lat' dir='ltr'><strong>iem</strong></span> <span class='ocrx_word' id='word_1_286' title='bbox 178 3220 247 3282; x_wconf 86' lang='lat' dir='ltr'><strong>iude</strong></span> <span class='ocrx_word' id='word_1_287' title='bbox 264 3220 304 3281; x_wconf 89' lang='lat' dir='ltr'><strong>ab</strong></span> <span class='ocrx_word' id='word_1_288' title='bbox 317 3238 352 3280; x_wconf 90' lang='lat' dir='ltr'><strong>eo</strong></span> <span class='ocrx_word' id='word_1_289' title='bbox 366 3228 498 3298; x_wconf 88' lang='lat' dir='ltr'><strong>tempore</strong></span> <span class='ocrx_word' id='word_1_290' title='bbox 511 3227 573 3279; x_wconf 85' lang='lat' dir='ltr'><strong>aeta</strong></span> <span class='ocrx_word' id='word_1_291' title='bbox 591 3222 753 3298; x_wconf 79' lang='lat' dir='ltr'><strong>Martyrum</strong></span> <span class='ocrx_word' id='word_1_292' title='bbox 775 3217 868 3279; x_wconf 81' lang='lat' dir='ltr'><strong>saeris</strong></span> <span class='ocrx_word' id='word_1_293' title='bbox 886 3213 1107 3278; x_wconf 83' lang='lat' dir='ltr'><strong>nwmoriolibua</strong></span> <span class='ocrx_word' id='word_1_294' title='bbox 1121 3217 1179 3278; x_wconf 87' lang='lat' dir='ltr'><strong>rite</strong></span> 
     </span>
     <span class='ocr_line' id='line_1_35' title="bbox 121 3297 1175 3381; baseline -0.002 -21"><span class='ocrx_word' id='word_1_295' title='bbox 121 3298 176 3360; x_wconf 79' lang='lat' dir='ltr'><strong>indi</strong></span> <span class='ocrx_word' id='word_1_296' title='bbox 186 3321 244 3363; x_wconf 92' lang='lat' dir='ltr'><strong>non</strong></span> <span class='ocrx_word' id='word_1_297' title='bbox 257 3302 403 3381; x_wconf 85' lang='lat' dir='ltr'><strong>potuisse,</strong></span> <span class='ocrx_word' id='word_1_298' title='bbox 418 3301 490 3377; x_wconf 91' lang='lat' dir='ltr'><strong>nisi,</strong></span> <span class='ocrx_word' id='word_1_299' title='bbox 504 3307 539 3362; x_wconf 81' lang='lat' dir='ltr'><strong>ut</strong></span> <span class='ocrx_word' id='word_1_300' title='bbox 556 3301 649 3363; x_wconf 70' lang='lat' dir='ltr'><strong>enoris</strong></span> <span class='ocrx_word' id='word_1_301' title='bbox 662 3306 741 3376; x_wconf 85' lang='lat' dir='ltr'><strong>erat,</strong></span> <span class='ocrx_word' id='word_1_302' title='bbox 757 3299 793 3360; x_wconf 90' lang='lat' dir='ltr'><strong>ad</strong></span> <span class='ocrx_word' id='word_1_303' title='bbox 808 3297 978 3360; x_wconf 87' lang='lat' dir='ltr'><strong>Pontifioem</strong></span> <span class='ocrx_word' id='word_1_304' title='bbox 994 3299 1175 3375; x_wconf 84' lang='lat' dir='ltr'><strong>transmissa,</strong></span> 
     </span>
     <span class='ocr_line' id='line_1_36' title="bbox 120 3379 1179 3463; baseline 0.001 -22"><span class='ocrx_word' id='word_1_305' title='bbox 120 3382 149 3441; x_wconf 86' lang='lat' dir='ltr'><strong>ab</strong></span> <span class='ocrx_word' id='word_1_306' title='bbox 169 3401 262 3463; x_wconf 83' lang='lat' dir='ltr'><strong>eoque</strong></span> <span class='ocrx_word' id='word_1_307' title='bbox 285 3383 391 3444; x_wconf 87' lang='lat' dir='ltr'><strong>iisdem</strong></span> <span class='ocrx_word' id='word_1_308' title='bbox 413 3379 636 3444; x_wconf 75' lang='lat' dir='ltr'><strong>nwnwrioltbus</strong></span> <span class='ocrx_word' id='word_1_309' title='bbox 664 3381 757 3442; x_wconf 90' lang='lat' dir='ltr'><strong>indita</strong></span> <span class='ocrx_word' id='word_1_310' title='bbox 779 3381 911 3442; x_wconf 80' lang='lat' dir='ltr'><strong>luissent.</strong></span> <span class='ocrx_word' id='word_1_311' title='bbox 937 3380 1090 3442; x_wconf 88' lang='lat' dir='ltr'><strong>Videndus</strong></span> <span class='ocrx_word' id='word_1_312' title='bbox 1114 3381 1179 3458; x_wconf 87' lang='lat' dir='ltr'><strong>ipse</strong></span> 
     </span>
     <span class='ocr_line' id='line_1_37' title="bbox 120 3462 1178 3546; baseline 0.001 -24"><span class='ocrx_word' id='word_1_313' title='bbox 120 3463 296 3526; x_wconf 86' lang='lat' dir='ltr'><strong>llabillonius</strong></span> <span class='ocrx_word' id='word_1_314' title='bbox 309 3462 364 3528; x_wconf 86' lang='lat' dir='ltr'><strong>loe.</strong></span> <span class='ocrx_word' id='word_1_315' title='bbox 380 3463 429 3526; x_wconf 83' lang='lat' dir='ltr'><strong>eit.</strong></span> <span class='ocrx_word' id='word_1_316' title='bbox 453 3484 537 3526; x_wconf 83' lang='lat' dir='ltr'><strong>num.</strong></span> <span class='ocrx_word' id='word_1_317' title='bbox 558 3465 613 3525; x_wconf 85' lang='lat' dir='ltr'><strong>tot</strong></span> <span class='ocrx_word' id='word_1_318' title='bbox 630 3483 702 3546; x_wconf 78' lang='lat' dir='ltr'><strong>pop.</strong></span> <span class='ocrx_word' id='word_1_319' title='bbox 718 3464 757 3524; x_wconf 77' lang='lat' dir='ltr'><strong>tu</strong></span> <span class='ocrx_word' id='word_1_320' title='bbox 770 3481 864 3546; x_wconf 72' lang='lat' dir='ltr'><strong>seqq,</strong></span> <span class='ocrx_word' id='word_1_321' title='bbox 880 3463 931 3540; x_wconf 89' lang='lat' dir='ltr'><strong>qui</strong></span> <span class='ocrx_word' id='word_1_322' title='bbox 944 3462 1042 3541; x_wconf 88' lang='lat' dir='ltr'><strong>plures</strong></span> <span class='ocrx_word' id='word_1_323' title='bbox 1055 3462 1146 3522; x_wconf 84' lang='lat' dir='ltr'><strong>refert</strong></span> <span class='ocrx_word' id='word_1_324' title='bbox 1162 3483 1178 3523; x_wconf 90' lang='lat' dir='ltr'><strong>a</strong></span> 
     </span>
     <span class='ocr_line' id='line_1_38' title="bbox 121 3544 1179 3608; baseline -0.002 -2"><span class='ocrx_word' id='word_1_325' title='bbox 121 3547 248 3608; x_wconf 75' lang='lat' dir='ltr'><strong>Romanis</strong></span> <span class='ocrx_word' id='word_1_326' title='bbox 266 3546 458 3608; x_wconf 79' lang='lat' dir='ltr'><strong>Pontificibus</strong></span> <span class='ocrx_word' id='word_1_327' title='bbox 479 3547 558 3608; x_wconf 90' lang='lat' dir='ltr'><strong>inter</strong></span> <span class='ocrx_word' id='word_1_328' title='bbox 580 3555 692 3607; x_wconf 84' lang='lat' dir='ltr'><strong>sanctos</strong></span> <span class='ocrx_word' id='word_1_329' title='bbox 713 3545 829 3606; x_wconf 87' lang='lat' dir='ltr'><strong>relatos.</strong></span> <span class='ocrx_word' id='word_1_330' title='bbox 850 3544 956 3606; x_wconf 77' lang='lat' dir='ltr'><strong>Confer</strong></span> <span class='ocrx_word' id='word_1_331' title='bbox 975 3546 1062 3605; x_wconf 87' lang='lat' dir='ltr'><strong>etiem</strong></span> <span class='ocrx_word' id='word_1_332' title='bbox 1086 3545 1179 3604; x_wconf 88' lang='lat' dir='ltr'><strong>Bene-</strong></span> 
     </span>
    </p>

    <p class='ocr_par' dir='ltr' id='par_1_8' title="bbox 98 3623 1181 3854">
     <span class='ocr_line' id='line_1_39' title="bbox 98 3623 1181 3710; baseline 0.001 -26"><span class='ocrx_word' id='word_1_333' title='bbox 98 3623 100 3630; x_wconf 86' lang='grc'><strong>’</strong></span> <span class='ocrx_word' id='word_1_334' title='bbox 122 3625 221 3690; x_wconf 84' lang='lat' dir='ltr'><strong>dietum</strong></span> <span class='ocrx_word' id='word_1_335' title='bbox 235 3633 307 3692; x_wconf 81' lang='lat' dir='ltr'><strong>xlv</strong></span> <span class='ocrx_word' id='word_1_336' title='bbox 322 3625 491 3710; x_wconf 81' lang='lat' dir='ltr'><strong>debeatifie.</strong></span> <span class='ocrx_word' id='word_1_337' title='bbox 503 3637 531 3689; x_wconf 91' lang='lat' dir='ltr'><strong>et</strong></span> <span class='ocrx_word' id='word_1_338' title='bbox 543 3629 711 3690; x_wconf 79' lang='lat' dir='ltr'><strong>cononizot.</strong></span> <span class='ocrx_word' id='word_1_339' title='bbox 728 3623 778 3687; x_wconf 76' lang='lat' dir='ltr'><strong>lib.</strong></span> <span class='ocrx_word' id='word_1_340' title='bbox 797 3629 808 3684; x_wconf 92' lang='lat' dir='ltr'><strong>l</strong></span> <span class='ocrx_word' id='word_1_341' title='bbox 828 3645 894 3706; x_wconf 83' lang='lat' dir='ltr'><strong>cop.</strong></span> <span class='ocrx_word' id='word_1_342' title='bbox 914 3627 953 3686; x_wconf 91' lang='grc'><strong>10</strong></span> <span class='ocrx_word' id='word_1_343' title='bbox 967 3634 995 3688; x_wconf 90' lang='lat' dir='ltr'><strong>et</strong></span> <span class='ocrx_word' id='word_1_344' title='bbox 1009 3631 1061 3701; x_wconf 90' lang='grc'><strong>11,</strong></span> <span class='ocrx_word' id='word_1_345' title='bbox 1075 3633 1104 3686; x_wconf 89' lang='lat' dir='ltr'><strong>et</strong></span> <span class='ocrx_word' id='word_1_346' title='bbox 1115 3629 1181 3688; x_wconf 87' lang='lat' dir='ltr'><strong>bla-</strong></span> 
     </span>
     <span class='ocr_line' id='line_1_40' title="bbox 121 3706 1179 3792; baseline -0.005 -20"><span class='ocrx_word' id='word_1_347' title='bbox 121 3709 259 3772; x_wconf 80' lang='lat' dir='ltr'><strong>uaebium</strong></span> <span class='ocrx_word' id='word_1_348' title='bbox 279 3711 446 3772; x_wconf 78' lang='lat' dir='ltr'><strong>inductor.</strong></span> <span class='ocrx_word' id='word_1_349' title='bbox 470 3727 570 3792; x_wconf 81' lang='lat' dir='ltr'><strong>opuao.</strong></span> <span class='ocrx_word' id='word_1_350' title='bbox 590 3709 670 3786; x_wconf 82' lang='lat' dir='ltr'><strong>Quid</strong></span> <span class='ocrx_word' id='word_1_351' title='bbox 682 3717 725 3771; x_wconf 85' lang='lat' dir='ltr'><strong>eat</strong></span> <span class='ocrx_word' id='word_1_352' title='bbox 740 3709 852 3789; x_wconf 79' lang='lat' dir='ltr'><strong>Papo?</strong></span> <span class='ocrx_word' id='word_1_353' title='bbox 866 3709 952 3789; x_wconf 86' lang='lat' dir='ltr'><strong>epist.</strong></span> <span class='ocrx_word' id='word_1_354' title='bbox 970 3709 988 3770; x_wconf 91' lang='grc'><strong>5</strong></span> <span class='ocrx_word' id='word_1_355' title='bbox 1003 3706 1029 3789; x_wconf 76' lang='lat' dir='ltr'><strong>S.</strong></span> <span class='ocrx_word' id='word_1_356' title='bbox 1055 3709 1092 3768; x_wconf 89' lang='grc'><strong>15</strong></span> <span class='ocrx_word' id='word_1_357' title='bbox 1107 3725 1179 3788; x_wconf 76' lang='lat' dir='ltr'><strong>pop.</strong></span> 
     </span>
     <span class='ocr_line' id='line_1_41' title="bbox 121 3793 285 3854; baseline 0.024 -5"><span class='ocrx_word' id='word_1_358' title='bbox 121 3793 252 3854; x_wconf 72' lang='lat' dir='ltr'><strong>teletae</strong></span> <span class='ocrx_word' id='word_1_359' title='bbox 276 3837 285 3853; x_wconf 90' lang='lat'><strong>.</strong></span> 
     </span>
    </p>

    <p class='ocr_par' dir='ltr' id='par_1_9' title="bbox 118 3813 1179 4035">
     <span class='ocr_line' id='line_1_42' title="bbox 151 3813 1178 3954; baseline -0.007 -20"><span class='ocrx_word' id='word_1_360' title='bbox 151 3874 191 3954; x_wconf 82' lang='lat' dir='ltr'><strong>(t)</strong></span> <span class='ocrx_word' id='word_1_361' title='bbox 211 3813 355 3936; x_wconf 59' lang='lat' dir='ltr'><strong>Sedeento</strong></span> <span class='ocrx_word' id='word_1_362' title='bbox 379 3874 468 3953; x_wconf 90' lang='lat' dir='ltr'><strong>hujus</strong></span> <span class='ocrx_word' id='word_1_363' title='bbox 490 3871 605 3954; x_wconf 74' lang='lat' dir='ltr'><strong>generis</strong></span> <span class='ocrx_word' id='word_1_364' title='bbox 624 3880 687 3934; x_wconf 90' lang='lat' dir='ltr'><strong>tum</strong></span> <span class='ocrx_word' id='word_1_365' title='bbox 710 3874 844 3952; x_wconf 87' lang='lat' dir='ltr'><strong>antiqua,</strong></span> <span class='ocrx_word' id='word_1_366' title='bbox 870 3879 935 3933; x_wconf 92' lang='lat' dir='ltr'><strong>tum</strong></span> <span class='ocrx_word' id='word_1_367' title='bbox 960 3871 1087 3932; x_wconf 77' lang='lat' dir='ltr'><strong>recentia</strong></span> <span class='ocrx_word' id='word_1_368' title='bbox 1113 3886 1178 3928; x_wconf 89' lang='lat' dir='ltr'><strong>mo-</strong></span> 
     </span>
     <span class='ocr_line' id='line_1_43' title="bbox 118 3951 1179 4035; baseline -0.002 -23"><span class='ocrx_word' id='word_1_369' title='bbox 118 3965 263 4017; x_wconf 87' lang='lat' dir='ltr'><strong>numenta</strong></span> <span class='ocrx_word' id='word_1_370' title='bbox 284 3955 390 4018; x_wconf 82' lang='lat' dir='ltr'><strong>aliene</strong></span> <span class='ocrx_word' id='word_1_371' title='bbox 411 3973 540 4035; x_wconf 82' lang='lat' dir='ltr'><strong>possem,</strong></span> <span class='ocrx_word' id='word_1_372' title='bbox 563 3955 615 4015; x_wconf 87' lang='lat' dir='ltr'><strong>sed</strong></span> <span class='ocrx_word' id='word_1_373' title='bbox 633 3955 729 4034; x_wconf 89' lang='lat' dir='ltr'><strong>operis</strong></span> <span class='ocrx_word' id='word_1_374' title='bbox 750 3954 876 4016; x_wconf 86' lang='lat' dir='ltr'><strong>brevitas</strong></span> <span class='ocrx_word' id='word_1_375' title='bbox 895 3951 1105 4030; x_wconf 84' lang='lat' dir='ltr'><strong>impedimento</strong></span> <span class='ocrx_word' id='word_1_376' title='bbox 1124 3959 1179 4010; x_wconf 88' lang='lat' dir='ltr'><strong>est.</strong></span> 
     </span>
    </p>

    <p class='ocr_par' dir='ltr' id='par_1_10' title="bbox 34 4031 1181 4114">
     <span class='ocr_line' id='line_1_44' title="bbox 34 4031 1181 4114; baseline -0.009 -12"><span class='ocrx_word' id='word_1_377' title='bbox 34 4051 35 4102; x_wconf 70' lang='grc' dir='ltr'>ξ</span> <span class='ocrx_word' id='word_1_378' title='bbox 121 4037 211 4100; x_wconf 75' lang='lat' dir='ltr'><strong>[uum</strong></span> <span class='ocrx_word' id='word_1_379' title='bbox 236 4036 357 4100; x_wconf 78' lang='lat' dir='ltr'><strong>alierum</strong></span> <span class='ocrx_word' id='word_1_380' title='bbox 382 4041 550 4102; x_wconf 73' lang='lat' dir='ltr'><strong>minando</strong></span> <span class='ocrx_word' id='word_1_381' title='bbox 573 4041 606 4098; x_wconf 92' lang='lat' dir='ltr'><strong>P.</strong></span> <span class='ocrx_word' id='word_1_382' title='bbox 635 4041 662 4114; x_wconf 91' lang='lat' dir='ltr'><strong>l,</strong></span> <span class='ocrx_word' id='word_1_383' title='bbox 688 4037 738 4114; x_wconf 85' lang='lat' dir='ltr'><strong>qui</strong></span> <span class='ocrx_word' id='word_1_384' title='bbox 762 4035 845 4096; x_wconf 85' lang='lat' dir='ltr'><strong>initio</strong></span> <span class='ocrx_word' id='word_1_385' title='bbox 869 4034 966 4096; x_wconf 77' lang='lat' dir='ltr'><strong>seculi</strong></span> <span class='ocrx_word' id='word_1_386' title='bbox 988 4036 1027 4095; x_wconf 89' lang='lat' dir='ltr'><strong>Vl</strong></span> <span class='ocrx_word' id='word_1_387' title='bbox 1049 4031 1098 4092; x_wconf 88' lang='lat' dir='ltr'><strong>die</strong></span> <span class='ocrx_word' id='word_1_388' title='bbox 1120 4035 1181 4094; x_wconf 86' lang='lat' dir='ltr'><strong>llo-</strong></span> 
     </span>
    </p>
   </div>
   <div class='ocr_carea' id='block_1_7' title="bbox 0 0 1557 5182">
    <p class='ocr_par' dir='ltr' id='par_1_11' title="bbox 0 0 1557 5182">
     <span class='ocr_line' id='line_1_45' title="bbox 0 0 1557 5182; baseline 0 0"><span class='ocrx_word' id='word_1_389' title='bbox 0 0 1557 5182; x_wconf 95' lang='lat' dir='ltr'><strong> </strong></span> 
     </span>
    </p>
   </div>
  </div>
 </body>
</html>
