3106 5170
769 475 818 489 -
843 431 916 506 450
941 473 990 488 —

343 533 423 654 tunc
437 557 526 680 'ipsis'
539 519 733 652 commodis
761 596 830 651 erat
867 580 941 678 (l);
975 593 1073 676 atque
1109 579 1155 650 ita
1184 575 1421 678 Hierosolymis

346 679 493 750 hebraice
531 677 608 776 (ῆς
641 677 823 752 Aneoohiae
873 701 970 769 vero,
1006 675 1209 748 Alexandriae
1240 691 1338 774 atque
1380 681 1421 748 in

345 777 413 848 aliis
436 791 618 876 graecoium
646 777 827 848 civitatibus
850 801 975 878 graece3
1009 775 1122 848 Romae
1153 791 1252 872 atque
1289 777 1324 844 in
1346 791 1420 848 toto

344 875 511 948 occidente
537 874 636 946 latine
661 896 731 947 rem
763 867 906 946 divinam
933 863 1144 946 coniecerunt
1179 873 1247 969 (ὅ).
1283 871 1419 944 Laben-

344 973 430 1044 tibus
458 976 551 1044 annis
581 973 657 1046 licet
685 971 738 1044 hae
763 974 886 1070 linguae
900 973 1046 1069 vulgum
1073 997 1141 1044 esse
1166 971 1353 1063 desiissent,
1378 997 1424 1068 ac

334 1087 471 1143 *tantum
508 1070 610 1143 doctis
646 1074 722 1143 viris
758 1075 1019 1160 innotescerent,
1048 1083 1164 1144 tamen
1200 1068 1329 1144 acoleia
1362 1095 1421 1140 eas

344 1171 378 1240 in
411 1168 527 1241 divinis
558 1167 758 1242 celebrandis
797 1167 912 1241 officiis
953 1171 1086 1240 retineri
1122 1167 1243 1258 voluit,
1270 1182 1342 1238 tum
1374 1193 1422 1240 ne

343 1267 496 1366 frequens
533 1269 707 1341 verborum
743 1270 880 1340 mutatio
907 1269 1027 1338 sensim
1063 1269 1164 1338 etiam
1199 1267 1421 1338 mutationem

343 1369 577 1438 sententiarum
604 1365 774 1438 induceret
808 1367 875 1534 (42.
908 1363 1078 1438 Interdum
1117 1381 1228 1436 tamen
1262 1362 1418 1462 populis,

345 1467 402 1561 qui
443 1467 614 1537 novissime
651 1462 773 1536 Christi
813 1490 848 1535 re
862 1465 1002 1559 igionem
1047 1477 1279 1560 susceperunt,
1325 1461 1421 1534 sedes

345 1561 536 1660 Apostolica·
569 1563 713 1658 liturgias
750 1565 929 1660 permittit,
972 1587 1047 1660 quae
1085 1559 1258 1635 vernaculo
1301 1583 1418 1632 eorum

345 1685 494 1733 sermone
510 1664 682 1760 consriptae
704 1662 770 1732 sint
792 1660 862 1760 (5).

384 1806 426 1890 (l)
437 1810 588 1888 Apostolos
601 1827 761 1888 corumque
772 1793 964 1886 successores,
980 1827 1073 1888 usque
1085 1807 1123 1869 ad
1135 1816 1250 1870 etatem
1275 1807 1420 1870 Hadriani

346 1891 418 1969 imp.
436 1890 606 1952 hebraicum
630 1909 795 1988 sermonem
813 1891 999 1968 adhibuisse,
1019 1900 1084 1951 turn
1108 1889 1245 1986 deinceps
1267 1890 1422 1984 eccloeiam

346 1989 484 2117 stet.
497 1970 1423 2139 ”bestiti-tthiltesheim

348 2137 629 2300 dalbinbcbraimm
657 2217 782 2290 idioma,
809 2237 868 2298 quo
893 2219 938 2280 usi
961 2227 1029 2279 sunt
1053 2217 1175 2298 apostoli
1195 2235 1260 2278 rem
1285 2217 1421 2279 divinam

346 2300 546 2377 conficientes,
562 2299 707 2362 nonillud
732 2309 794 2362 erat
814 2301 968 2380 antiquum
979 2300 1103 2376 idioma,
1118 2318 1178 2379 quo
1197 2300 1304 2360 veteris
1326 2307 1423 2360 testa-

346 2383 438 2444 menti
460 2381 634 2444 Patriarehoe
645 2381 691 2443 usi
715 2391 800 2462 sunt,
813 2391 843 2444 et
855 2382 936 2462 quod
951 2381 1146 2462 apostolorum
1161 2389 1246 2444 aetate
1259 2399 1296 2442 ne
1309 2388 1422 2443 notum
1546 2443 1547 2464 ξ

346 2465 466 2544 quidem
477 2465 564 2546 uulgo
576 2464 766 2528 liebraeorum
780 2473 854 2526 erat.
871 2467 943 2528 Nam
965 2483 1000 2526 eo
1010 2465 1150 2544 temporis
1163 2481 1264 2541 eursu,
1285 2463 1420 2557 quoipsi
1546 2477 1547 2490 ¹

347 2547 495 2629 Babylone
507 2547 612 2626 captivi
626 2547 760 2624 suamet,
781 2547 910 2608 hebraici
925 2547 1084 2624 sermonis,
1110 2563 1226 2625 quema
1245 2543 1423 2625 parentibus

346 2638 531 2710 acceperant,
542 2628 686 2704 oblivisci,
699 2637 727 2690 et
739 2628 917 2690 chaldaicam
931 2629 1061 2710 linguam
1073 2627 1224 2690 addiscere
1247 2633 1421 2706 caeperunt,

347 2731 404 2792 qua
412 2711 549 2792 deinceps
562 2711 607 2772 usi
618 2718 698 2786 sunt,
713 2711 825 2789 aliquid
838 2719 936 2772 brnen
944 2712 1104 2772 retinentes
1113 2729 1150 2771 cx
1162 2710 1258 2790 patrio
1268 2727 1422 2786 sermone,

346 2811 434 2873 quem
456 2793 572 2873 pridem
595 2791 784 2853 adhibebant.
815 2793 890 2856 lline
912 2800 977 2854 orta
999 2795 1085 2854 tertia
1103 2793 1204 2875 lingua
1223 2809 1260 2853 ex
1280 2791 1425 2854 hebraica

346 2875 464 2954 antiqua
487 2883 516 2936 et
539 2873 686 2936 chaldaica
709 2875 816 2952 mixta,
841 2893 908 2954 que
926 2893 943 2936 a
964 2875 1084 2956 regione
1107 2876 1225 2956 Syriaca
1253 2873 1331 2937 dieta
1353 2882 1422 2952 est,

346 2975 469 3037 queque
484 2956 621 3035 deinceps
638 2955 767 3018 llebraeis
785 2957 913 3038 vulgaris
929 2975 990 3018 esse
1006 2957 1107 3038 eoepit,
1123 2966 1153 3018 et
1178 2955 1315 3017 hebraica
1328 2955 1424 3038 vulgo

345 3039 501 3120 appellata,
528 3045 593 3099 turn
616 3037 695 3118 quod
717 3039 887 3100 commixtas
911 3038 1038 3101 babebat
1064 3059 1100 3102 cx
1122 3039 1260 3100 hebraico
1281 3056 1425 3100 serarum

346 3139 443 3196 voces,
466 3128 532 3182 tum
560 3119 639 3199 quod
659 3137 723 3181 eam
744 3120 839 3184 iudei
858 3121 1049 3202 usurpabant.
1074 3124 1135 3184 liae
1159 3122 1260 3202 lingua
1282 3120 1425 3182 Christus

347 3203 489 3266 Dominus
509 3219 580 3263 usus
603 3201 752 3280 ereditur,
774 3211 803 3264 et
820 3202 922 3265 eadem
944 3208 974 3266 S.
1001 3203 1130 3266 Matthei
1157 3202 1355 3283 evangelium,
1386 3223 1425 3265 ac

347 3289 377 3348 S.
394 3283 476 3346 Pauli
489 3283 611 3364 apostoli
624 3285 744 3364 epistola
754 3303 788 3346 ac
802 3285 939 3347 llebraeos
952 3287 1057 3365 scripta
1075 3286 1244 3347 traduntur.
1258 3285 1353 3364 Atque
1367 3283 1426 3349 bie

346 3375 391 3427 est
403 3383 499 3426 sermo
513 3365 687 3445 sehericus,
711 3367 756 3428 vel
771 3367 868 3447 potius
894 3368 1046 3448 Syriacus,
1071 3375 1122 3428 aut
1142 3365 1425 3448 Syro-Chaldaicam,
1543 3407 1544 3414 κ

346 3449 396 3530 qui
409 3447 534 3523 Christi,
549 3455 579 3508 et
595 3450 791 3528 apostolorum
808 3455 893 3510 etate
907 3451 1150 3512 remaeulnserat
1167 3467 1265 3511 sermo
1282 3450 1430 3513 Hebraeo·

345 3549 427 3606 rum,
447 3547 505 3608 quo
520 3531 641 3609 apostoli
658 3549 720 3593 rem
742 3531 872 3592 divinam
890 3533 1088 3594 confecerunt.
1115 3533 1223 3595 Conler
1242 3531 1429 3595 Petitdidier

348 3615 382 3674 is
408 3611 482 3674 cos.
496 3611 588 3673 critic.
604 3611 639 3674 iss
659 3614 691 3674 S.
719 3613 827 3694 script.
852 3610 924 3678 diss.
941 3617 960 3674 8
978 3633 1051 3697 pap.
1076 3617 1133 3692 85,-
1147 3623 1177 3675 et
1197 3615 1427 3678 Renaudotium
1542 3683 1543 3702 ,

347 3693 419 3757 diss.
447 3691 726 3776 delitescerent.
751 3696 828 3778 erip.
844 3703 872 3756 et
890 3697 1076 3781 aesmeap.
1088 3701 1124 3774 ὃς
1146 3697 1295 3776 inprimis
1317 3705 1427 3761 eutem

345 3775 490 3838 videndus
503 3784 546 3838 est
559 3779 596 3838 V.
613 3777 690 3838 Clar.
705 3779 790 3840 Joan.
808 3780 895 3842 Rern.
917 3779 957 3840 du
973 3779 1083 3840 Rubeis
1103 3797 1191 3858 opere
1210 3782 1323 3841 Parme
1335 3779 1427 3843 edito
1542 3817 1543 3854 2

348 3859 444 3937 1772,
460 3859 507 3920 cui
523 3857 626 3918 titulus
635 3853 724 3920 Delia
737 3857 856 3941 linquo
872 3860 999 3943 propria
1016 3857 1052 3924 dc
1071 3861 1181 3940 Crista,
1200 3880 1216 3922 e
1234 3859 1315 3944 cepta·
1327 3859 1429 3925 stret
1542 3861 1543 3928 i

347 3937 501 4002 nozbrrclt'
512 3935 591 4002 dello
601 3936 756 4002 Poleatinc
770 3939 811 4001 do
825 3941 915 4037 tempi
925 3941 1133 4036 delMcceahei.

387 4023 428 4105 (ὅ)
442 4021 654 4087 Consulemrd.
668 4027 777 4086 Bonam
791 4041 852 4086 rer.
867 4021 999 4108 ltturysc.
1011 4022 1062 4088 lib.
1079 4029 1094 4089 l
1112 4044 1179 4109 cap.
1200 4027 1218 4090 s
1237 4023 1264 4108 S.
1285 4029 1304 4086 l
1320 4045 1354 4108 p.
1377 4027 1423 4088 79
