3106 5170
868 444 1090 514 -444-

440 609 488 665 est
519 591 715 690 baptismus,
748 590 944 663 adhibentur
977 591 1202 678 caeremoniae,
1240 614 1316 686 quc
1346 592 1379 660 in
1420 588 1512 660 libris

439 690 609 762 ritualibus
635 707 734 788 atque
772 692 806 761 in
837 689 1031 762 catechismo
1062 689 1160 759 Rom.
1189 687 1245 785 (l)
1266 687 1508 760 describuntur.

438 789 477 859 ln
504 791 618 885 primis
654 804 764 859 autem
801 787 1014 886 baptizandus
1055 803 1106 858 ter
1146 803 1269 860 satanae
1302 787 1512 858 abrenuntiat

438 888 582 985 fideique
610 887 840 986 professionem
869 889 1010 972 emittit3
1038 901 1110 956 tum
1137 887 1174 955 in
1199 885 1361 983 baptismo
1388 912 1510 957 nomen

438 990 572 1082 accipit,
604 985 695 1084 quod
726 984 886 1082 parochus
917 1011 982 1056 una
1008 1010 1085 1055 cum
1118 989 1234 1054 ceteris
1273 985 1511 1082 baptizatorum

438 1084 625 1156 nominibus
671 1084 824 1181 peculiari
865 1081 949 1154 libro
984 1081 1138 1154 describit
1176 1082 1245 1178 (2).
1281 1083 1371 1152 Dum
1414 1083 1510 1153 datur

437 1182 633 1278 baptismus,
673 1181 792 1252 adsunt
832 1183 1002 1268 Patr-ini,
1039 1181 1104 1252 hoc
1143 1198 1193 1250 est
1220 1205 1416 1279 mmorca,
1455 1199 1510 1250 aut

431 1281 668 1378 fidejussores,
714 1283 772 1378 qui
806 1305 867 1377 pro
909 1279 1072 1377 baptizato
1110 1277 1274 1376 spondent
1313 1305 1351 1350 ac
1387 1277 1509 1378 fideju-

437 1377 536 1466 beut3
570 1377 659 1450 unde
681 1403 795 1450 eorum
823 1403 946 1450 nomen
973 1377 1110 1448 ductum
1141 1394 1190 1448 est
1211 1377 1277 1474 (5).
1301 1375 1340 1446 ln
1368 1381 1508 1474 antiquis

436 1479 656 1548 monumentis
695 1500 784 1572 saepe
822 1479 920 1548 etiam
952 1491 1113 1549 vocantur
1149 1488 1380 1574 susceptores,
1419 1475 1507 1572 quod

436 1601 583 1673 eraque
610 1574 809 1672 prodeuntes
838 1577 1052 1674 susciperent.
1078 1575 1201 1646 Eorum
1225 1590 1273 1644 est
1296 1573 1507 1670 baptizandos

436 1675 591 1744 ministris
638 1673 776 1762 offerre,
820 1698 941 1770 eosque
989 1701 1029 1744 ex
1066 1699 1156 1744 sacro
1199 1672 1290 1743 sonte
1326 1676 1504 1771 suscipere,

436 1797 496 1868 pro
522 1770 701 1842 infantibus
731 1774 880 1844 ministro
919 1774 1131 1866 interroganti
1167 1770 1382 1868 respondere,
1411 1771 1506 1842 adul-

436 1886 485 1940 tos
524 1867 659 1941 edocere
703 1869 784 1968 quid
826 1871 974 1942 ministro
1013 1869 1210 1966 respondere
1248 1871 1310 1967 ipsi
1345 1868 1504 1956 debeant,

436 1992 547 2080 curam
557 1993 697 2135 hgerere
738 1993 995 2164 eorpim,4puos
1026 1983 1239 2066 susceperunt
1277 1984 1376 2065 atque
1424 1973 1505 2066 ipsos

436 2082 785 2138 rnrecrrstrsnaeru
821 2093 856 2138 re
931 2123 940 2140 .

476 2239 519 2322 (4)
540 2243 628 2302 Part.
642 2242 661 2300 2
677 2259 744 2321 cop.
761 2243 779 2300 4
794 2239 820 2322 S.
835 2243 876 2302 60
886 2249 983 2326 etseq.

475 2323 517 2404 (2)
529 2325 642 2386 Nomen
648 2323 825 2384 sumendum
835 2331 879 2384 est
896 2324 966 2386 «ab
976 2323 1091 2405 aliquo,
1103 2326 1171 2405 qui,
1184 2331 1306 2406 propter
1315 2325 1501 2386 excellentem

434 2405 526 2468 animi
549 2405 687 2484 pietatem
710 2411 741 2464 et
760 2404 950 2486 religionem,
971 2405 1004 2466 in
1028 2416 1195 2469 sanctorum
1223 2425 1378 2468 numerum
1396 2407 1503 2468 relatus

436 2495 525 2566 eu,-
547 2487 644 2566 inquit
656 2483 855 2549 cateelriamus
866 2489 951 2549 Rom.
968 2483 1026 2550 loc.
1041 2490 1090 2551 cit.
1102 2487 1128 2571 S.
1143 2492 1194 2560 76,
1210 2489 1421 2568 rejiciendaque
1431 2497 1501 2548 sunt

435 2571 573 2632 salsarum
592 2569 769 2651 religionum
790 2567 994 2648 idolorumque
1017 2571 1147 2632 nomina.
1170 2573 1277 2634 Confer
1301 2570 1406 2634 Benad.
1433 2573 1502 2632 XIV
1547 2575 1548 2595 ¹

438 2656 537 2716 conat
555 2652 696 2714 Mum
708 2647 946 2714 sollicitudinum
958 2653 1016 2714 107
1028 2652 1056 2735 §.
1081 2656 1100 2714 5
1113 2663 1141 2715 et
1152 2655 1191 2714 44
1202 2653 1267 2736 ejus
1280 2650 1390 2714 ludar.
1402 2661 1471 2713 mm.
1485 2655 1497 2712 4
1546 2659 1547 2687 ³

435 2753 506 2817 pop.
520 2736 580 2796 445
591 2741 620 2795 at
631 2737 690 2796 446
701 2732 747 2795 ad.
763 2735 849 2795 Rom.
863 2752 915 2796 teu
931 2735 1005 2795 Vsu.
1018 2738 1110 2797 4764.
1123 2737 1308 2798 Describitur
1319 2736 1498 2808 baccones,
1545 2767 1546 2779 ,

436 2835 580 2878 unacum
598 2815 686 2878 natali
704 2815 767 2892 die,
787 2835 821 2877 se
838 2815 1007 2878 nominibus
1032 2825 1188 2898 parentum
1206 2827 1236 2879 et
1252 2819 1450 2897 patrinorum,
1471 2817 1498 2876 in
1544 2849 1545 2871 t

435 2899 538 3042 librod,
552 2917 641 3041 ἔξω
662 2898 862 2977 unusquisque
879 2897 1023 2978 parochus
1042 2901 1150 2962 habere
1168 2899 1266 2962 debet.
1283 2901 1400 2962 Rituale
1419 2903 1496 2962 num.
1543 2933 1544 2963 i

438 2982 486 3042 tit.
613 2981 691 3041 tum.
1542 3015 1543 3055 ,

476 3061 519 3146 (ὅ)
544 2999 745 3132 Paliinorum,
767 3079 818 3123 seu
840 3081 1012 3142 sponsorum
1036 3066 1119 3146 origo
1146 3065 1183 3125 ab
1202 3063 1272 3142 ipsis
1292 3064 1357 3125 iere
1381 3067 1496 3126 ecclesie
1541 3101 1542 3145 ,

436 3143 619 3207 incunabulis
641 3143 800 3224 repetenda
813 3155 873 3223 cst,
895 3146 938 3206 uti
957 3157 1058 3208 monet
1079 3147 1237 3210 ttarteuius
1258 3144 1295 3207 de
1310 3147 1409 3230 antiq.
1431 3145 1494 3210 eccl.
1540 3177 1541 3238 ,

435 3228 488 3288 rit.
504 3224 555 3290 tat.
580 3230 681 3308 lcap.
702 3231 793 3290 lort.
812 3229 849 3288 46
869 3245 955 3288 uum.
972 3231 1007 3290 44
1026 3239 1098 3292 um.
1117 3233 1214 3311 lpuq.
1229 3231 1268 3290 te
1282 3227 1330 3289 ed.
1345 3233 1436 3292 Aratu.
1449 3249 1494 3292 sau

440 3312 513 3371 Vera.
529 3313 638 3372 Eorum
654 3311 815 3370 meminere
829 3309 952 3372 Tertull.
978 3309 1014 3372 da
1029 3310 1169 3393 baptisari.
1194 3331 1260 3392 cop.
1283 3313 1321 3372 48
1344 3331 1418 3394 pap.
1444 3315 1492 3374 454

435 3389 480 3454 ed.
500 3393 573 3454 Vera.
596 3393 692 3467 tttt;
714 3399 815 3452 auctor
828 3409 962 3472 respons.
986 3389 1026 3453 ad
1044 3391 1178 3455 orlodoc.
1200 3413 1252 3476 qu.
1274 3395 1313 3454 to
1332 3393 1414 3455 irater
1432 3413 1494 3535 opp.

435 3477 468 3536 S.
482 3473 602 3535 destini
613 3475 658 3534 Μ.
673 3493 745 3557 pop.
761 3476 822 3535 too
835 3471 906 3535 edit.
921 3473 1022 3534 Puris.
1041 3478 1138 3552 ttta;
1151 3487 1252 3538 auctor
1261 3473 1331 3538 eccl.
1349 3475 1464 3538 ltierurr

436 3553 1491 3722 letitie?tt·‚lt“⁹etttflltte.⁸tt‘ettitt:

437 3719 575 3798 Amatal.;
591 3724 622 3782 S.
639 3723 715 3801 Aug.
731 3719 832 3782 multia
845 3720 876 3780 in
889 3719 975 3796 loeis,
989 3721 1097 3800 aliique
1110 3723 1284 3801 complures.

477 3803 518 3886 (4)
539 3803 640 3866 Officia
650 3821 822 3882 sponsomm
833 3801 972 3865 describit
982 3807 1072 3882 Aug„
1084 3822 1136 3864 seu
1148 3805 1242 3882 potius
1252 3810 1353 3864 auctor
1364 3805 1490 3865 Samon.

437 3887 499 3948 466
520 3903 604 3947 nom.
621 3887 639 3945 5
660 3885 692 3946 iu
706 3904 778 3968 app.
798 3893 868 3946 torn.
887 3881 974 3945 dael.
990 3887 1064 3962 293,
1081 3894 1111 3946 et
1126 3885 1341 3964 Hildephonsus
1364 3885 1491 3947 mame.

437 3966 584 4029 deordia
606 3963 688 4048 bapt.
703 3987 769 4050 cop.
794 3971 866 4042 444,
884 3964 962 4044 apud
980 3967 1129 4028 Balnrium
1154 3963 1276 4030 maaet.
1291 3986 1372 4028 suar.
1396 3967 1491 4029 una
1523 4011 1524 4024 2

436 4067 509 4130 paq.
525 4051 565 4112 54
578 4047 624 4112 cd.
639 4049 727 4114 lure
743 4051 834 4113 4764.
850 4047 935 4125 Quod
949 4049 1074 4112 infantes
1085 4067 1139 4130 per
1153 4068 1185 4111 sa
1206 4051 1283 4129 ipsos
1293 4067 1352 4111 non
1367 4054 1491 4130 possent,
