3122 5178
538 370 731 442 ..77-

114 521 230 606 tianus,
265 534 337 588 tum
373 519 450 614 quia
483 541 550 590 uon
589 517 737 590 ordinem
770 533 926 616 sequutus
956 533 1167 616 temporum,

114 633 145 685 ut
174 615 323 712 plerique
362 616 524 705 fecerant,
556 615 613 688 sed
642 617 702 688 sub
733 619 827 689 cenis
860 615 963 688 titulis
1003 615 1169 687 distribuit

114 716 274 784 materiam
302 716 506 800 universam,
541 730 612 784 tum
645 718 718 812 quia
751 715 855 786 multo
891 717 1004 786 ceteris
1035 714 1169 786 uberio-

114 838 174 882 rem
212 828 313 908 atque
345 811 534 908 ampliorem
571 811 662 883 dedit
696 813 940 902 collectionem,
978 837 1043 910 qua
1074 835 1167 884 corn·
1272 829 1275 838 ’

114 909 219 1004 plexus
251 927 300 980 est
329 909 491 1006 quidquid
523 910 590 981 lere
623 915 766 1008 pertinet
794 910 835 980 ad
868 937 939 982 rem
978 909 1170 982 ecclesiasti-

113 1033 196 1096 cam,
230 1023 301 1078 tum
329 1010 405 1104 quia
436 1033 553 1104 magno
581 1012 701 1104 ingenii
731 1010 880 1080 acumine
921 1024 955 1080 ct
985 1008 1169 1104 diligentia,
1284 1071 1289 1082 .

115 1121 247 1201 aptaque
279 1131 346 1176 non
382 1105 497 1176 subolis
525 1123 672 1196 tantum,
708 1107 765 1178 sed
793 1109 891 1178 etiam
920 1106 1038 1180 lorensi
1075 1132 1170 1177 crer-

113 1205 258 1273 citatione
284 1203 452 1293 methodo,
478 1207 584 1275 omnia
605 1203 644 1274 ad
668 1205 873 1277 concordiam
897 1231 1009 1278 vocare
1038 1221 1172 1276 conatus

114 1315 178 1388 est,
204 1305 288 1371 iuter
316 1327 391 1398 quae
415 1327 525 1399 pugna
551 1329 617 1374 esse
634 1303 816 1374 ridebatur.

157 1421 190 1522 ς.
231 1423 385 1496 Lxxvt.
429 1424 662 1496 Verumtamen
702 1425 783 1496 illud
824 1425 939 1497 accidit
985 1427 1174 1522 perincom-

115 1520 234 1609 mode,
266 1523 351 1619 quod
380 1539 472 1594 tanta
510 1527 556 1594 vir
585 1523 779 1614 sedulitate,
814 1541 947 1612 mmen,
983 1547 1057 1620 quae
1090 1519 1174 1590 illius

117 1622 272 1714 temporis
307 1621 445 1694 conditio
478 1637 564 1712 crat,
596 1649 704 1720 neque
737 1626 811 1694 satis
842 1622 903 1694 luit
940 1621 1172 1717 antiquitatum

116 1741 237 1810 gnarus
261 1734 293 1787 et
321 1722 400 1792 rivos
422 1735 577 1810 sectatus,
610 1719 766 1818 pleraque
793 1721 830 1792 in
862 1745 943 1816 opus
981 1743 1077 1790 suum
1110 1716 1173 1788 de·

117 1816 229 1884 rivarit
252 1841 316 1886 uon
343 1820 419 1914 ipsis
447 1843 485 1888 er
515 1817 683 1910 lontibus,
707 1817 764 1890 sed
792 1844 830 1889 ex
865 1815 1025 1888 mendosis
1057 1813 1177 1886 collec-

116 1911 253 1983 tionibus
286 1913 485 2006 Burchardi,
529 1916 652 2006 lvonis,
687 1931 881 1987 ceterorum.
927 1913 1060 1985 Factum
1097 1911 1176 1983 hinc

115 2025 181 2098 est,
214 2027 252 2079 ut
279 2037 366 2111 saepe
392 2013 468 2084 salsa
500 2039 561 2111 pro
595 2015 676 2083 veris
704 2029 858 2112 usurpet3
890 2009 992 2085 fidem
1019 2009 1177 2110 adjungat

116 2105 324 2180 decretalibus
370 2109 569 2184 Pontificum
604 2109 717 2184 Siricio
755 2111 996 2208 antiquiorum
1034 2108 1176 2180 conlun-

117 2203 172 2274 dat
204 2231 338 2278 canones
370 2211 583 2306 quini-sextoe
619 2211 654 2278 in
679 2209 793 2280 Trullo
826 2208 942 2308 synodi
972 2233 1048 2279 cum
1073 2229 1175 2276 cano·

117 2303 212 2374 nibus
248 2321 344 2377 sextae
381 2333 396 2376 s
444 2306 499 2378 odi
537 2309 764 2396 aecumenicae,
818 2309 993 2378 sententias
1038 2304 1175 2374 Patrum

118 2425 190 2472 cum
232 2401 366 2474 decretis
396 2333 601 2476 illontifieum
641 2403 882 2494 Romanorum,
915 2419 971 2476 aut
1019 2399 1177 2474 concilio-

118 2523 203 2590 rum,
237 2518 270 2570 et
306 2501 439 2574 Patrem
478 2529 596 2594 unum,
629 2518 684 2571 aut
723 2529 827 2574 unum
871 2501 1044 2574 concilium
1080 2515 1179 2596 atquc

117 2595 309 2670 Pontificem
341 2626 416 2672 cum
445 2599 506 2673 alio
537 2597 717 2690 Pontifice,
757 2599 913 2689 concilio,
946 2599 1065 2684 Patre,
1101 2621 1178 2668 cor-

119 2713 247 2793 rumpat
287 2713 455 2770 auctorum
499 2701 633 2770 nomina
673 2711 707 2770 et
752 2697 845 2787 loca,
894 2711 992 2792 atque
1033 2695 1071 2764 iis
1098 2719 1176 2766 sen-

118 2797 264 2990 tentiapp)
288 2795 463 2888 adscribat,
503 2821 602 2894 quam
644 2821 826 2894 numquam
869 2795 977 2864 animo
1017 2815 1177 2886 concepe-

121 2910 194 2963 ffllll
270 2947 278 2962 .

156 3039 198 3120 (l)
218 3041 410 3102 Verissimum
424 3040 480 3102 hoc
496 3041 588 3103 estde
607 3043 745 3106 Gratiano
765 3041 928 3120 judicium,
952 3037 1031 3119 quod
1053 3035 1178 3098 tradidit

122 3123 260 3182 Antonius
275 3124 453 3204 Augustinus
466 3120 516 3185 lib.
532 3120 643 3206 diolop.
667 3127 681 3186 l
702 3121 738 3186 da
759 3121 873 3209 mand.
891 3123 1045 3199 Granum,
1072 3119 1177 3181 tomo

121 3221 188 3286 pop.
202 3206 240 3266 il
253 3202 325 3265 edit.
338 3206 448 3268 Lucan.

166 3348 198 3449 ς.
238 3351 405 3424 Lxxvll.
444 3349 528 3424 Cum
567 3351 636 3424 lraec
674 3351 971 3424 animadvertissent
1016 3347 1176 3419 Antonius

124 3445 253 3520 Cautius
289 3467 327 3520 ct
369 3453 530 3523 Antonius
562 3451 777 3522 Demochares
817 3449 858 3521 de
892 3447 1036 3519 Gratiani
1065 3469 1180 3516 emen-

124 3543 248 3618 datione
301 3547 413 3622 sedulo
461 3551 600 3644 cogitare
645 3565 825 3646 coeperuut.
881 3547 1030 3618 Primum
1070 3545 1206 3638 itaque.

125 3669 257 3716 canones
286 3671 398 3717 omnes
436 3673 496 3744 per
536 3673 688 3718 numeros
727 3644 960 3735 distinxerunt,
993 3657 1029 3712 ut
1058 3639 1180 3710 facilius

123 3743 257 3814 inveniri
303 3743 492 3842 laudarique
536 3761 688 3842 possent,
736 3743 854 3816 deinde
895 3739 1003 3840 plures
1051 3738 1180 3807 decreto

122 3856 212 3910 notas
243 3858 342 3939 atque
373 3842 613 3914 emendationes
641 3841 848 3914 addiderunt.
875 3839 940 3911 Sed
966 3865 1042 3910 cum
1077 3831 1180 3902 multa

122 3935 227 4012 adbuc
248 3955 353 4012 essent
377 3939 593 4030 emendanda,
610 3940 687 4011 Pius
708 3939 753 4010 lv
776 3956 811 4011 et
843 3937 879 4009 S.
903 3937 982 4008 Pius
1002 3934 1053 4024 V,
1080 3928 1181 4001 selec-
