3106 5170
581 521 801 592 ..419-

202 667 233 769 §.
274 667 346 738 XL.
391 665 475 751 Quae
505 665 546 738 de
587 670 739 757 materie,
770 667 883 739 endem
915 668 956 742 de
989 670 1092 742 forme
1133 672 1229 773 hujus

153 769 347 838 sacrementi
391 765 566 862 disputatio
602 781 662 836 est.
704 765 788 838 Nem
829 766 881 836 elii
916 793 985 840 enm
1023 787 1153 868 ponunt
1195 777 1229 845 in

152 867 320 952 oratione,
364 889 429 962 qua
478 865 646 962 episeopus
691 862 858 963 neophyto
897 891 1013 938 manns
1057 869 1229 968 imponens

152 967 285 1035 invocet
307 961 468 1060 Spiritum
490 961 627 1050 Sanet.3
647 961 701 1032 elii
723 963 758 1032 in
779 963 914 1034 verbis:
947 967 1056 1062 St'ptto
1073 979 1105 1039 te
1130 973 1229 1066 eiquo

152 1067 293 1150 οηιοίε,
324 1073 357 1132 et
386 1057 552 1154 confimo
566 1072 618 1144 *te
646 1059 835 1133 chrismate
867 1063 995 1136 salutis
1021 1069 1063 1136 in
1089 1073 1231 1142 nomme

150 1161 301 1253 Patris..
330 1171 364 1230 et
390 1158 482 1230 Ftttt
506 1171 541 1230 et
564 1158 721 1255 Spiritus
743 1159 872 1230 Sancti
900 1159 955 1257 (1)
962 1191 979 1250 ,-
1003 1160 1055 1231 alii
1088 1163 1231 1262 denique

152 1275 228 1328 turn
255 1259 290 1326 in
316 1253 366 1326 his
396 1255 518 1344 verbis,
542 1272 614 1327 tum
639 1259 673 1326 in
703 1255 757 1326 ille
784 1259 932 1328 oratione
960 1258 1097 1334 formem
1127 1265 1230 1360 ipsam

151 1358 292 1452 positam
320 1380 386 1426 sese
426 1354 625 1426 arbitrentur
659 1353 726 1452 (2).
751 1352 945 1426 ordinarius
985 1359 1131 1430 minister
1164 1388 1230 1433 non

151 1456 215 1524 nisi
240 1455 409 1550 episeopus
436 1469 483 1524 eet
510 1452 587 1548 (5);
604 1467 693 1522 extre
725 1449 893 1542 ordinem.
920 1467 1020 1550 etque
1044 1481 1084 1527 ex
1110 1483 1230 1554 supre-

150 1575 217 1622 mae
241 1549 459 1624 ecclesiastices
490 1552 656 1648 potestatis
688 1549 890 1645 delegatione
922 1553 1019 1622 etiam
1047 1553 1229 1653 presbyteri

151 1648 217 1721 hoe
262 1665 501 1720 sacramentum
545 1663 632 1720 reete
677 1647 905 1720 administrent
938 1649 1004 1746 (4).
1038 1649 1230 1724 Graeeorom

150 1745 335 1819 saeerdotes
370 1771 483 1819 omnes
535 1749 712 1841 generatim
756 1743 879 1818 hebent
910 1747 998 1818 hene
1048 1747 1229 1846 delegatam

151 1861 369 1942 potestatem,
403 1871 462 1942 per
491 1871 589 1943 quem
617 1860 855 1917 sacramentnm
882 1845 1140 1919 confirmationis
1167 1851 1228 1920 rite

153 1960 191 2013 et
211 1960 298 2015 reete
324 1943 497 2014 conferunt
520 1943 588 2040 (5).

209 2165 222 2222 1
261 2163 435 2225 catechism.
448 2167 533 2226 Rom.
549 2173 631 2246 part.
647 2167 666 2226 2
680 2183 748 2246 cop.
764 2163 823 2246 eg.
840 2167 878 2226 ts
892 2173 920 2226 et
931 2167 983 2226 15.

207 2247 227 2303 2
256 2247 362 2309 Confer
385 2246 497 2306 Drouin
518 2243 573 2307 tec.
597 2245 647 2308 eit.
668 2265 720 2330 qu.
742 2248 833 2329 tper
853 2254 905 2308 tot.
927 2250 1110 2326 Quemquam
1130 2257 1228 2312 nutem

151 2344 188 2385 en
208 2345 257 2388 res
273 2328 404 2388 nondum
421 2327 459 2388 eb
478 2329 595 2389 eeetesio
617 2329 656 2390 sit
674 2327 810 2405 definite,
834 2336 931 2390 temen
950 2330 1145 2390 certissimum
1166 2341 1226 2407 est,

151 2427 220 2468 enm
238 2429 353 2488 semper
372 2411 458 2472 eertis
479 2411 654 2488 quibusdem
669 2411 766 2472 verbis
787 2411 844 2472 hoe
858 2419 1072 2472 sacramentum
1089 2411 1228 2474 adminis-

153 2499 237 2550 trare
255 2492 452 2559 consuevisse.
476 2501 510 2552 ut
530 2493 654 2571 proinde
675 2493 707 2554 in
728 2493 784 2554 hoe
805 2494 893 2554 etiem
916 2493 1013 2554 loeum
1030 2492 1136 2554 hebeat
1155 2495 1229 2556 sstnd

153 2575 233 2652 Aug.
255 2573 366 2634 accedit
389 2571 509 2635 verbum
532 2573 574 2636 at
597 2571 770 2636 elementum
791 2584 821 2636 et
838 2573 875 2658 fit
896 2583 1126 2638 recrementum.
1153 2579 1229 2638 Sene

153 2656 301 2732 apostotos
315 2656 411 2717 verbis
423 2674 490 2717 usos
502 2673 580 2733 esse,
596 2664 741 2718 testantur
751 2675 839 2717 sacre
848 2658 954 2718 littere
968 2659 1034 2718 Aet.
1049 2659 1117 2719 vm
1132 2675 1162 2718 v.
1177 2663 1226 2736 15,

154 2745 246 2816 atque
262 2737 341 2798 idem
354 2738 437 2799 annis
454 2739 700 2817 consequentibus
720 2738 758 2798 eb
771 2739 888 2800 eeclesia
908 2740 1018 2800 foetum
1034 2738 1140 2816 fuisse,
1156 2759 1229 2802 oon-

153 2825 214 2878 stat
237 2837 272 2880 ex
286 2821 480 2898 plurimorum
498 2823 619 2881 Petrum
639 2821 830 2897 testimoniis,
845 2839 879 2882 ee
896 2821 977 2882 inter
990 2820 1060 2882 elios
1081 2820 1114 2881 id
1132 2819 1229 2882 diser-

155 2900 269 2962 tissime
283 2902 374 2962 trndit
387 2906 486 2963 innoc.
504 2905 563 2963 tm
577 2921 624 2984 ep.
642 2905 682 2964 st
707 2901 747 2964 od
768 2905 886 2965 Decett.
902 2901 1020 2986 Euyub.
1048 2919 1114 2985 top.
1132 2905 1150 2964 5
1172 2903 1227 2966 eol.

155 2983 233 3060 859,
250 2983 328 3062 apud
343 2987 491 3046 constent.
507 3003 553 3064 ep.
577 2985 663 3045 Rern.
684 2985 792 3058 Perit..
810 3003 988 3064 quemquem
1001 2983 1039 3046 ob
1053 2985 1151 3046 eronni
1169 2988 1230 3048 dis·

156 3065 298 3143 eiplinem
320 3083 378 3128 non
396 3067 456 3145 ipse
475 3063 619 3127 describet
640 3066 744 3142 verba,
769 3067 877 3145 quibus
894 3067 1122 3128 confirmationis
1137 3069 1230 3130 forme
1274 3093 1281 3104 ·

156 3147 318 3208 wnstebnt.
341 3149 444 3209 Verius
466 3147 555 3227 hujus
579 3148 751 3208 sacrementi
770 3151 878 3210 formes
899 3149 988 3210 hebet
1011 3149 1170 3212 Mertenins
1195 3150 1230 3212 de

156 3237 223 3290 ent
249 3276 256 3289 .
272 3226 340 3290 eccl.
356 3229 407 3290 rit.
421 3227 472 3291 tt.
491 3233 503 3290 1
523 3248 588 3310 top.
603 3233 622 3292 2
636 3239 695 3290 ort.
711 3228 767 3311 5§.
785 3233 821 3290 11
832 3249 904 3314 pop.
924 3233 959 3294 91
977 3229 1040 3292 t'rtd.
1055 3229 1101 3293 ed.

201 3249 245 3394 (53
266 3315 386 3374 Petrum
400 3319 430 3373 et
443 3315 586 3374 toannon
607 3312 751 3391 apostolos
764 3313 867 3374 missos
881 3313 1004 3396 legimns
1020 3314 1052 3374 in
1072 3313 1137 3375 Aet.
1161 3318 1229 3378 vm

137 2957 152 2992 t

157 3413 190 3462 o,
216 3397 256 3456 tt
278 3401 307 3453 et
327 3413 401 3537 top..
424 3401 457 3454 nt
484 3413 500 3453 a
525 3393 661 3473 Philippo
689 3393 848 3473 baptizatos
873 3395 1090 3456 eonfirmorent.
1118 3398 1227 3459 concil.

158 3475 244 3538 Trid.
259 3493 332 3537 sese.
375 3473 411 3536 de
422 3475 562 3558 confir-m.
581 3495 649 3537 ean.
663 3477 681 3536 5
706 3503 719 3529 ιι
732 3476 763 3538 Si
777 3477 843 3554 quis
854 3475 978 3554 dixerit,
997 3478 1109 3558 inquit,
1125 3487 1229 3540 senetoe

157 3558 389 3619 eonfirmotionis
403 3559 586 3619 ordinarium
599 3559 768 3620 ministrum
783 3577 842 3619 non
859 3577 921 3620 esse
935 3561 1029 3621 solum
1043 3561 1227 3640 episcopum,

158 3640 212 3700 sed
225 3641 358 3718 quemvis
372 3640 532 3720 simplicem
547 3641 742 3710 sacerdotem,
758 3641 912 3704 anathema
926 3643 974 3702 sit.
991 3667 1004 3696 n
1023 3642 1229 3705 consentiam

159 3727 192 3784 S.
212 3723 380 3784 Cornelium
402 3721 540 3803 optati
559 3721 686 3785 Fabium
707 3721 843 3785 Antioeh.
866 3743 930 3808 cop.
947 3727 967 3786 t
986 3722 1040 3786 eol.
1061 3725 1134 3800 155,
1151 3725 1230 3802 apud

159 3807 311 3866 comunt.
328 3824 373 3885 ep.
389 3806 473 3865 Rom.
491 3805 594 3882 Pont.;
607 3809 638 3868 S.
653 3806 832 3885 cyprianum
846 3825 891 3889 ep.
908 3809 946 3869 75
968 3805 1008 3866 od
1029 3803 1132 3886 letboj.
1155 3825 1226 3888 paq.

159 3888 221 3947 124
235 3883 280 3946 ed.
298 3887 398 3947 Paris.
415 3887 510 3964 t6563
527 3891 627 3950 Innoe.
647 3891 719 3970 lep.
736 3887 776 3948 ot
788 3893 909 3951 Decent.
932 3885 1050 3970 Eupub.
1066 3905 1091 3946 e.
1116 3887 1134 3946 5
1157 3907 1190 3948 n.
1209 3891 1227 3949 5

158 3965 216 4029 eol.
233 3971 292 4030 858
307 3967 385 4047 apud
399 3969 535 4030 eumdem
550 3973 712 4046 Constmte
728 3973 759 4032 S.
777 3971 858 4032 Hier.
874 3978 967 4033 tonte
991 3965 1088 4050 Lucis.
1108 3987 1192 4030 nunt.
1209 3975 1228 4031 9

159 4047 217 4110 col.
238 4053 293 4112 181
317 4060 386 4111 tom.
407 4053 426 4110 2
448 4049 492 4111 ed.
519 4053 590 4111 Ven.
609 4053 702 4123 17553
723 4055 753 4113 S.
777 4056 865 4132 Greg.
885 4056 925 4114 M.
949 4048 998 4112 tit.
1022 4053 1104 4132 tep.
1131 4055 1148 4113 9
1172 4050 1227 4113 ool.

160 4134 223 4194 689
247 4140 319 4194 tom.
341 4133 360 4192 2
384 4132 430 4193 ed.
456 4130 534 4206 ind.,·
556 4137 654 4194 lnnoe.
680 4135 720 4194 111
742 4133 775 4193 io
796 4151 862 4214 cap.
887 4137 907 4194 t
930 4130 965 4193 de
991 4134 1127 4195 Conettet.
1152 4137 1225 4212 Quos
