3164 5174
533 435 752 507 —559-

113 614 127 656 a
157 586 391 675 vexationibus,
432 601 465 657 et
514 584 645 658 liberius
680 589 792 684 pietati
834 587 1167 688 considerationique,

112 701 140 755 et
171 684 436 782 contemplationi
474 709 583 766 rernm
603 684 794 768 ‚divinarum
827 685 905 757 dare
931 712 950 758 o
976 713 1063 758 eram
1091 715 1171 786 pos-

112 799 186 853 sent.
217 782 327 854 Genus
356 782 418 854 hoc
455 786 529 854 vitm
555 781 755 880 quibusdam·
788 807 902 868 eorurn¹
930 713 1011 857 adeo
1043 787 1170 884 jucun·

112 880 183 950 dum
217 881 279 952 fuit
318 897 376 971 ut,
414 884 512 952 etiam
554 907 634 978 pace
670 877 813 954 ecclesias
855 882 995 975 reddita,
1037 885 1173 956 mallent

113 981 143 1048 in
183 978 315 1050 desertis
357 982 483 1070 rivere,
522 991 623 1077 quarn
658 978 765 1051 redire
808 979 849 1050 ad
882 984 1044 1073 civitates,
1083 983 1172 1054 unde

115 1076 325 1148 discesserant.
357 1156 360 1164 Α
944 1101 948 1112 ·

149 1240 187 1322 (l)
208 1243 284 1304 Vide
298 1241 405 1305 Thum.
431 1250 488 1304 oet.
512 1251 542 1304 et
557 1261 626 1304 ooo.
643 1239 711 1304 eccl.
736 1241 810 1304 diac.
831 1261 903 1325 par.
926 1247 938 1303 1
959 1242 1009 1305 lib.
1037 1249 1095 1306 51.
1113 1249 1169 1322 ts,
1221 1261 1226 1278 ·

113 1325 217 1385 arride
238 1325 325 1386 etiam
343 1328 448 1387 Boron.
467 1323 518 1387 nd.
540 1345 591 1386 ua.
613 1327 673 1386 528
695 1333 765 1386 tom.
782 1329 887 1412 ipop.
905 1327 964 1387 209
978 1326 1048 1388 edit.
1068 1329 1171 1404 Lucre,

115 1408 455 1487 Paginm‚Papcb1-och.,
472 1405 675 1470 notarentur.
692 1408 745 1469 cit.
771 1415 774 1424 '

157 1551 184 1652 ς.
211 1555 268 1626 lll.
301 1556 348 1626 Ex
375 1579 488 1626 eorum
514 1579 653 1626 numero
668 1553 759 1626 luere
786 1553 906 1625 Paulus
933 1570 966 1625 et
991 1555 1172 1646 Antonius,

117 1678 243 1747 quorum
274 1653 356 1724 alter
399 1653 440 1723 ab
483 1655 573 1726 Hier.
619 1651 888 1724 anachoretarum
920 1654 995 1724 ritae
1032 1667 1175 1743 auctor,

119 1747 192 1820 alter
224 1754 422 1825 illustrator
463 1751 582 1824 dieitur
617 1750 683 1850 (l).
724 1749 831 1822 Nullae
859 1765 970 1822 tumen
992 1749 1178 1823 coaluerant

121 1851 269 1922 societates
302 1850 493 1940 hominnm,
524 1853 581 1948 qui
614 1875 705 1919 suam
728 1848 769 1919 ad
797 1863 898 1920 certas
924 1849 1049 1944 regulas
1079 1851 1176 1922 vitam

122 1945 365 2039 conformarent,
384 1966 418 2021 et
439 1948 569 2020 nullum
597 1947 767 2020 oonditnm
791 1962 861 2019 erat
885 1947 1080 2019 Coenobium
1100 1948 1174 2046 (2),

118 2043 167 2114 scd
191 2050 283 2144 pauci
319 2063 449 2118 tantum
476 2064 510 2118 et
536 2045 711 2142 singulares
737 2045 903 2134 homines,
935 2045 998 2116 huc
1028 2045 1106 2117 illuc
1142 2051 1178 2118 in

117 2141 238 2215 desertis
274 2145 410 2244 AEgypti
448 2145 602 2242 dispersi,
641 2147 742 2214 ritant
778 2143 1010 2234 traducebant,
1053 2143 1176 2234 donec,

116 2259 217 2338 pacata
254 2259 287 2316 et
322 2244 498 2341 tranquilla
537 2241 686 2333 ecclesia,
726 2240 919 2313 Pachomius
952 2241 1102 2340 quaedam
1142 2247 1177 2314 in

116 2339 242 2442 AEgypti
283 2341 450 2414 Thebaide
491 2343 685 2413 monasteria
721 2339 915 2413 aedificanda
942 2343 1065 2411 curarit
1103 2341 1173 2438 (5).

116 2437 160 2509 111
186 2439 337 2512 monachi
367 2439 421 2538 (1)
449 2466 487 2513 eo
510 2455 587 2510 sunt
621 2438 772 2528 adducti,
800 2455 838 2509 ut
864 2464 1074 2510 communem
1102 2465 1178 2510 cer-

115 2539 209 2636 tisqfle
244 2539 432 2610 obstrictam
470 2537 589 2634 regulis
628 2539 726 2608 ritem
764 2553 916 2632 agerent,
959 2537 1047 2634 quod
1082 2555 1177 2607 antea

115 2662 175 2708 non
188 2638 345 2710 fecerant.

160 2805 172 2862 1
208 2803 294 2864 Hier.
311 2821 357 2898 ep.
374 2799 468 2864 19.αά
482 2799 623 2863 Eustoclt.
640 2819 707 2882 cop.
721 2803 844 2862 561111.
859 2801 874 2861 1
888 2796 942 2860 col.
960 2799 1030 2859 119.

158 2886 175 2943 2
206 2881 377 2946 Goenobmm
412 2905 427 2944 1
453 2885 558 2944 Lauro
581 2882 691 2944 differt.
715 2887 789 2948 Nam
815 2880 985 2944 cenobium
1012 2887 1056 2941 est
1082 2899 1176 2941 unum

113 2963 306 3042 domicilium,
320 2965 400 3046 quod
413 2966 512 3044 plures
527 2965 750 3045 comprehendit
771 2966 801 3025 in
825 2965 961 3025 societate
980 2964 1128 3038 viventes,
1145 2971 1177 3024 et

113 3050 198 3110 omnin
213 3049 359 3110 habentes
380 3047 562 3124 communiam
587 3053 617 3107 at
637 3065 707 3108 vero
720 3049 831 3108 Loorae
845 3046 964 3108 nominc
985 3044 1176 3126 intelligimus

112 3131 311 3205 solitudinem,
333 3133 363 3190 in
377 3149 434 3208 qua
454 3129 553 3208 plures
572 3138 641 3190 sunt
661 3130 762 3190 divisse
784 3147 886 3190 omnes
903 3148 936 3189 ac
963 3127 1096 3188 discrete
1116 3128 1177 3188 ccl-

113 3210 156 3286 le,
170 3215 199 3273 in
213 3213 327 3292 quibus
339 3212 446 3292 singuli
467 3212 622 3290 seperatim
643 3213 757 3272 vivunt.
780 3215 903 3273 Lnuram
921 3219 1087 3271 memorant
1100 3212 1175 3270 Eva-

144 3295 184 3356 'os
197 3292 254 3357 lib.
271 3297 286 3354 1
304 3313 369 3377 cop.
396 3297 430 3356 91
461 3313 535 3376 pap.
563 3295 622 3353 276
643 3291 690 3354 ed.
718 3290 828 3356 Valerii
845 3291 997 3368 Cantaba,
1018 3299 1048 3351 et
1065 3292 1173 3370 Epiph.

165 3396 205 3440 ct.
221 3378 264 3438 69
276 3374 328 3438 to.
344 3380 408 3438 11.
423 3379 438 3437 1
453 3394 526 3458 pap.
540 3376 599 3437 727
615 3383 685 3436 tom.
703 3379 717 3437 1
732 3393 801 3456 opp.
816 3373 863 3436 cd.
880 3374 982 3436 Poris.
998 3375 1088 3434 torn.

148 3457 328 3540 (3111111111
348 3467 393 3520 est
415 3458 616 3519 testimonium
637 3458 763 3518 auctoris
779 3457 848 3517 vite
868 3461 899 3520 S.
922 3457 1071 3520 Pachomii
1095 3455 1173 3534 apud
1280 3446 1281 3449 '

115 3541 327 3604 flenschenium
350 3548 380 3602 et
404 3539 636 3619 Papebrochium
659 3538 707 3600 die
726 3541 764 3600 11
784 3539 861 3599 ntoit'
880 3548 950 3602 tom.
981 3543 1015 3613 ὅς
1041 3556 1109 3598 nam
1133 3539 1173 3597 ita

114 3624 139 3681 S.
152 3625 296 3685 Antonine
307 3622 475 3686 Saochoeum
490 3625 521 3684 S.
534 3621 682 3684 Pachomii
696 3622 873 3700 discipulum
883 3622 1062 3701 alloquitur:
1082 3621 1174 3694 «Quo

112 3720 159 3784 ego
178 3714 315 3786 tempore
339 3703 515 3766 monachum
538 3705 611 3786 coepi
639 3723 741 3784 agere,
769 3704 883 3764 nullum
907 3703 1021 3782 uspiam
1043 3700 1172 3762 exstabat

112 3789 294 3850 cenobium.
314 3831 321 3847 .
341 3829 349 3848 .
372 3796 471 3866 postea
485 3794 568 3865 peter
583 3795 680 3848 vester
700 3782 883 3848 Pocltomt'us
907 3795 1022 3848 tantum
1045 3783 1171 3856 bonum,

113 3870 167 3929 Deo
180 3871 356 3949 adjuvante,
371 3868 477 3930 effecit.
491 3895 502 3922 1

147 3949 187 4033 (l)
208 3950 346 4015 Monachi
360 3951 400 4012 itu
415 3959 483 4012 sunt
497 3951 649 4031 appellati,
671 3951 738 4030 quia
752 3951 909 4012 solitariam
928 3949 1018 4008 vitem
1032 3945 1172 4026 agebant3

113 4049 174 4094 nam
193 4034 370 4098 vocabulum
394 4041 520 4094 tractum
542 4042 636 4100 estex
655 4051 750 4114 greco
767 4033 857 4094 verbo
874 4057 962 4110 μονος,
984 4027 1065 4111 quod
1083 4029 1174 4090 latine
