3102 5184
840 481 1062 552 -556-

408 631 641 698 extraordinario
654 629 847 706 confessario,
862 631 915 710 qui
936 649 996 694 non
1011 631 1106 692 solum
1121 629 1269 690 unium-sis
1290 626 1475 704 monialibus,

406 717 467 776 sire
488 715 542 775 toti
556 714 733 774 monasterio
747 713 863 774 medus
886 722 944 791 cst,
961 713 1014 776 sed
1036 713 1126 774 etiam
1146 711 1287 793 singulis,
1313 729 1379 790 que
1400 711 1475 772 illum

407 816 443 857 ex
459 796 538 875 justa
555 815 640 856 eausa
664 803 784 878 petunt3
806 803 948 876 praterea
964 797 1131 875 superiores
1154 795 1306 876 regulares
1325 792 1474 872 jubentur,

407 879 508 938 saltem
523 879 612 939 semel
626 878 799 956 quotannis,
821 878 999 940 monialibus
1014 877 1070 940 sibi
1090 876 1230 956 subjectis
1251 873 1413 938 concedere
1433 894 1476 937 er-

407 961 636 1022 traordinarium
655 978 672 1021 e
687 959 819 1020 sandari
842 961 921 1022 clero
933 961 1160 1036 confessarium,
1175 959 1223 1020 vel
1237 977 1274 1020 ex
1288 957 1381 1020 alteru
1395 975 1474 1038 regu·

408 1042 462 1104 lari
487 1043 621 1104 instituto
648 1041 845 1114 sacerdotem,
871 1043 966 1122 iisque
1001 1041 1034 1102 id
1069 1040 1306 1124 negligentibus,
1333 1041 1475 1120 episcopus

407 1125 522 1186 efficere
533 1123 635 1201 debet,
651 1123 731 1204 quod
741 1124 886 1206 regularis
896 1126 1032 1205 superior
1044 1134 1186 1204 prestare
1197 1123 1359 1186 debuisset.

457 1329 488 1432 §.
528 1331 625 1404 XIX.
667 1331 859 1404 Monialium
882 1333 1049 1429 regimen,
1078 1331 1169 1430 quod
1196 1347 1394 1432 praesentem
1416 1357 1474 1402 eus·

407 1431 529 1502 todiam
562 1429 724 1528 postulat,
756 1445 863 1502 totum
902 1447 951 1502 est
987 1433 1184 1528 permissum
1223 1432 1400 1528 episcopis,
1431 1427 1474 1500 rel

407 1546 445 1600 ut
463 1527 654 1618 ordinariis,
676 1527 729 1600 vel
758 1545 795 1600 ut
822 1527 906 1601 sedis
931 1529 1126 1628 Apostolicae
1155 1529 1329 1624 delegatis,
1359 1530 1385 1598 si
1406 1551 1471 1598 mo-

408 1630 545 1699 nasteria
581 1643 732 1724 exempta
761 1643 857 1718 sunt,
888 1644 923 1698 et
963 1627 1032 1698 sedi
1063 1627 1259 1724 apostolice
1296 1623 1472 1697 immediate

406 1725 568 1823 subjecta,
602 1729 664 1796 nisi
695 1724 744 1796 vel
779 1751 797 1796 a
836 1729 931 1797 certis
968 1727 1137 1824 capitulis,
1178 1727 1229 1798 vel
1260 1723 1301 1794 ab
1334 1723 1400 1794 aliis
1423 1749 1471 1793 re·

407 1821 576 1919 gularibus
604 1824 830 1918 gubernentur
855 1825 921 1920 (l).
953 1822 1079 1898 Verum
1106 1829 1142 1896 in
1164 1824 1215 1896 bis
1246 1847 1379 1921 quoque
1404 1846 1470 1892 mo·

406 1924 571 2008 materiis,
600 1947 677 2018 quoe
701 1921 902 2016 regularibus
928 1922 1090 2004 subsunt,
1114 1925 1288 2020 episcopo,
1313 1947 1376 1992 una
1403 1943 1472 1991 cum

406 2019 546 2115 regulari
602 2021 789 2116 superiore,
836 2023 951 2118 quovis
987 2047 1074 2096 anno
1118 2020 1286 2094 reddenda
1307 2035 1353 2092 est
1379 2035 1472 2112 geste

408 2117 693 2190 administrationis
730 2121 831 2210 ratio,
886 2136 921 2192 et
954 2121 1126 2222 episcopus
1153 2123 1223 2217 ipso
1257 2115 1377 2192 melum
1414 2113 1472 2184 ad·

407 2219 659 2292 ministratorem
686 2215 728 2288 ab
751 2216 860 2289 officio
892 2217 1059 2310 dimovet,
1098 2221 1161 2292 nisi
1187 2219 1229 2288 ab
1265 2241 1303 2288 eo
1335 2215 1473 2286 monitus

406 2319 552 2412 superior
590 2314 624 2386 id
653 2315 783 2412 pridem
817 2314 950 2406 iecerit,
987 2329 1086 2416 atque
1121 2319 1220 2390 etiam
1253 2311 1472 2386 animadvertit

406 2439 441 2484 ¹¹¹
479 2412 663 2510 “duma
697 2439 756 2511 qm
793 2416 829 2486 in
852 2411 1018 2490 bonorum
1059 2416 1246 2490 monasterii
1273 2411 1471 2484 administra·

407 2512 497 2586 tione
518 2509 729 2611 deliquerunt
745 2511 813 2610 (ἢ).

447 2709 489 2872 gp
510 2713 599 2773 Cone.
615 2710 699 2773 Trid.
715 2713 836 2773 scaadb
850 2729 918 2794 cop.
934 2711 1003 2774 ude
1013 2712 1109 2796 repul.

510 2795 598 2876 Greg.
614 2795 669 2856 XV
685 2795 786 2858 Cenat.
802 2793 1085 2858 immorabitur.
1101 2801 1164 2882 dp.
1182 2799 1286 2880 δρας.
1302 2799 1314 2857 l
1331 2792 1404 2860 oott.
1514 2789 1515 2837 l

453 2969 485 3072 §.
525 2973 609 3047 XX.
653 2973 764 3072 Atque
790 2975 861 3050 haec
891 2979 999 3074 episco
1022 2982 1034 3048 i
1061 3005 1138 3051 cura
1172 2994 1207 3050 et
1233 2975 1414 3051 sollicitudo
1438 2975 1468 3044 in
1513 3027 1514 3062 Τ

405 3069 579 3161 moniales,
605 3098 674 3144 non
697 3087 827 3146 tantum
849 3101 917 3148 sese
937 3005 1076 3174 eproat
1106 3079 1142 3146 in
1166 3076 1241 3169 illa,
1264 3103 1365 3174 quam
1394 3074 1468 3145 diri·
1513 3069 1514 3089 ¹

405 3195 499 3260 mua,
527 3169 691 3242 bonorum
719 3169 1017 3266 administratione,
1048 3193 1147 3273 atque
1174 3178 1210 3246 in
1233 3173 1379 3248 clausura
1406 3171 1469 3242 dib·

405 3283 520 3364 genter
552 3267 784 3361 custodienda,
814 3297 889 3370 quae
915 3288 983 3344 tota
1018 3289 1067 3346 cst
1098 3275 1167 3372 ejus
1188 3275 1259 3372 juri
1291 3274 1467 3356 commissa,

404 3365 567 3438 ordinario
606 3369 643 3438 in
685 3373 888 3441 monasteriis
931 3371 990 3442 sibi
1032 3371 1205 3470 subjectis,
1253 3371 1399 3467 delegato
1438 3371 1468 3438 iu
1511 3421 1512 3464 ,

404 3467 561 3561 exemptis
590 3464 665 3562 (l),
696 3466 778 3542 adeo
805 3484 844 3540 ut
876 3484 963 3540 recte
989 3474 1106 3568 puniat
1137 3474 1225 3567 ipsos
1266 3498 1289 3570 q
1379 3493 1469 3539 ere·
1511 3469 1512 3548 ἦ

404 3563 553 3658 gulares,
575 3566 634 3662 qui
661 3582 798 3662 peceant
828 3569 864 3638 in
886 3567 1067 3640 clausuram
1101 3569 1293 3643 monialium
1319 3571 1345 3640 si
1369 3565 1469 3640 isub-
1511 3549 1512 3595 ¹

398 3665 563 3762 jectarum
605 3660 681 3758 (2),
723 3663 780 3736 sed
819 3667 919 3738 etiam
951 3668 987 3738 in
1022 3669 1179 3740 electione
1222 3667 1466 3752 abbatissarum,

405 3785 481 3858 quae
509 3762 705 3834 monasterio
743 3761 982 3860 praeliciuntur.
1025 3766 1110 3839 Nam
1132 3769 1283 3866 episcopo
1315 3769 1468 3838 nuncian-

402 3858 463 3930 dus
491 3877 540 3932 est
568 3859 686 3932 suturae
719 3861 884 3936 electionis
911 3862 1001 3956 dies,
1041 3866 1139 3935 etiam
1180 3891 1256 3936 oum
1284 3863 1467 3936 monasterie

405 3957 544 4030 subsunt
587 3957 788 4054 regularibus
819 3977 854 4032 et
892 3964 959 4058 ipse
999 3989 1064 4034 una
1095 3989 1170 4034 eum
1204 3961 1347 4060 regulari
1377 3986 1467 4059 aupe-

405 4057 489 4130 riore
500 4059 653 4132 interesse
668 4055 704 4131 ac
717 4084 853 4157 praeesse
869 4060 1016 4134 electioni
1034 4075 1141 4158 potest
1153 4060 1224 4159 (ὅ).
