3122 5178
777 469 977 542 ..26-

388 617 419 784 q.
438 613 564 688 XXIII.
585 615 694 712 Atque
714 613 797 686 illud
822 612 1070 686 eoncedendum
1096 611 1190 684 nullo
1218 613 1318 686 modo
1345 632 1412 706 est,

342 717 507 788 eccesiam
533 714 758 786 distributive
786 728 885 808 eaput
907 711 1046 801 habere,
1076 711 1243 783 collective
1267 737 1335 783 non
1360 714 1418 786 ha·

341 813 439 900 bere,
480 826 514 882 et
547 809 638 908 quod
674 835 710 880 ea
735 825 772 880 ut
807 811 974 906 desperem
1011 822 1103 896 erat,
1144 805 1232 879 idem
1271 811 1418 885 oolleetca

339 922 476 1005 repente
515 907 604 978 aliud
639 836 775 1004 quoivis
802 905 990 978 membrum
1024 903 1172 974 evadere.
1210 905 1283 976 Hue
1327 911 1417 979 enim

340 1006 501 1096 redeunt,
534 1009 592 1102 qui
623 1004 818 1076 Pontificem
846 1002 986 1074 eeclesiis
1011 1001 1164 1072 omnibus
1191 1003 1417 1079 destituetur

341 1119 565 1199 anteponunt,
595 1103 762 1175 eouaeteva
790 1116 902 1172 autem
931 1099 1110 1171 obnoxium
1143 1097 1278 1170 faciunt.
1311 1101 1413 1198 Atqui

341 1203 377 1270 in
400 1201 514 1296 primis
537 1199 749 1288 universitas,
773 1223 849 1296 quae
870 1197 911 1269 ab
934 1196 1086 1268 omnibus
1102 1197 1138 1265 in
1153 1222 1259 1266 unum
1275 1197 1417 1271 collectis

341 1296 536 1387 conficitur,
569 1319 652 1394 opus
685 1296 784 1368 habet
816 1297 941 1392 eapite,
969 1319 988 1364 a
1021 1318 1088 1390 quo
1120 1309 1273 1388 regatur3
1308 1322 1418 1394 neque

342 1397 450 1464 unitas
483 1393 624 1466 ecelesiae
650 1397 832 1484 universae,
856 1394 949 1492 cujus
971 1391 1105 1462 tuendae
1132 1406 1166 1460 et
1187 1393 1416 1466 conservandae

342 1517 436 1562 eausa
462 1489 611 1562 Christus
637 1507 672 1563 et
696 1490 829 1564 honoris
854 1505 888 1561 et
907 1487 1142 1589 jurisdictionis
1162 1491 1342 1584 primatum
1368 1495 1417 1561 in·

340 1590 467 1678 stituit,
498 1587 670 1680 conficitur
707 1614 726 1659 a
754 1587 888 1684 singulis
920 1602 1071 1675 tantum,
1106 1585 1164 1655 sed
1195 1586 1236 1655 ab
1265 1587 1416 1659 omnibus

342 1686 509 1758 collective
532 1686 692 1780 sumptis,
725 1701 823 1780 atque
850 1685 1017 1754 inunum
1044 1685 1174 1754 coactis.
1205 1683 1289 1755 Hinc
1318 1701 1416 1782 supra

369 1798 473 1852 etram
498 1804 567 1853 non
592 1779 710 1874 singuli
737 1779 880 1876 Iapides,
910 1780 967 1850 sed
999 1782 1147 1851 universa
1174 1781 1306 1850 eeclesia
1330 1782 1417 1853 aedi-

343 1808 440 1949 loeta
463 1893 531 1964 est3
566 1876 672 1948 claves
691 1877 791 1948 Petro
817 1893 894 1948 sunt
919 1875 1005 1949 datae
1027 1902 1097 1948 non
1125 1878 1221 1947 unius
1246 1877 1417 1950 alteriusve

343 1974 522 2064 conclavis,
554 1972 612 2046 sed
639 1976 732 2070 regni
760 1973 918 2046 coelorum
949 1975 1111 2060 universi3
1141 1976 1209 2070 ipse
1232 1976 1342 2072 jussus
1369 1993 1417 2046 est

344 2095 481 2168 praeesse
500 2073 561 2142 toti
578 2073 688 2166 gregi,
715 2095 783 2144 non
806 2071 940 2167 singulis
959 2087 1086 2141 tantum
1107 2074 1197 2166 agnis
1222 2089 1256 2142 et
1281 2072 1414 2157 oribus3

344 2169 488 2265 denique
516 2170 542 2240 si
569 2168 684 2240 fratres
708 2169 872 2266 singulos,
900 2171 998 2242 etiam
1031 2170 1195 2240 universos
1223 2167 1417 2240 confirmare

345 2266 444 2339 debet
464 2265 530 2362 (l).

386 2460 429 2543 (t)
440 2461 547 2524 Confer
563 2459 823 2524 Bellerinium'loc.
838 2459 907 2538 eit„
923 2479 990 2543 cup.
1008 2459 1067 2541 IS.
1086 2463 1189 2543 δρας.
1208 2465 1256 2522 56.
1274 2471 1302 2524 et
1314 2482 1374 2546 seq.

392 2637 423 2738 ᾗ.
444 2636 570 2710 XXIV.
606 2636 817 2734 Quamquam
846 2654 915 2710 tota
935 2637 1005 2709 haeo
1035 2637 1212 2734 disputatio
1241 2644 1416 2736 excogitata

346 2753 414 2826 est,
442 2751 480 2807 ut
500 2735 591 2806 sedes
606 2735 782 2833 apostolica
803 2739 836 2805 in
856 2735 1009 2806 invidiam
1029 2739 1193 2831 rapiatur,
1213 2762 1288 2807 oum
1308 2763 1416 2808 revera

345 2849 457 2905 contra
481 2857 648 2903 summum
674 2831 870 2904 Pontificem
899 2847 984 2904 stare
1004 2857 1072 2903 non
1098 2835 1199 2928 possit
1223 2834 1354 2904 eeclesia
1384 2852 1417 2904 et

346 2929 542 3019 concilium,
582 2927 674 3026 quod
709 2954 784 3000 vere
808 2932 1046 3001 oeeumenioum
1079 2933 1132 2999 sit.
1161 2929 1298 3027 quuod
1328 2934 1416 3002 enim

346 3030 408 3098 erit
425 3026 489 3099 hoe
506 3027 700 3115 oonoilium,
724 3041 780 3097 aut
796 3025 943 3098 collectio
961 3029 1061 3098 totius
1076 3026 1237 3117 eeclesiae,
1255 3053 1417 3124 cumpro

345 3124 399 3195 cul
418 3139 467 3196 est
488 3124 655 3194 Romanus
672 3123 844 3212 Pontifex,
866 3123 929 3193 hoe
950 3139 1018 3212 est,
1039 3140 1158 3221 eaput,
1182 3139 1215 3194 et
1235 3149 1309 3220 pars
1332 3149 1418 3220 prar-

345 3225 440 3317 cipua
484 3245 521 3291 ae
561 3219 760 3292 nobilissima
799 3219 966 3292 eooleeiaei
1005 3220 1120 3318 ltaque
1155 3223 1190 3290 in
1225 3219 1361 3292 coneilio
1392 3225 1418 3290 si

346 3319 495 3415 plerique
518 3331 628 3414 patres
654 3343 731 3388 eum
759 3314 921 3388 Pontifiee
942 3321 1166 3405 consentiant,
1188 3316 1261 3390 haee
1285 3321 1418 3414 conspi-

345 3417 428 3486 ratio
458 3427 492 3482 et
519 3412 691 3486 eoncordia
718 3416 954 3486 sententiarum
985 3414 1116 3484 nullum
1144 3411 1309 3510 relinquet
1335 3439 1442 3485 oon--

345 3512 510 3583 troversiae
547 3509 680 3601 locum,
720 3513 771 3580 sin
803 3535 880 3582 vero
910 3509 1102 3581 dissentiant
1135 3509 1303 3607 plerique,
1336 3510 1417 3581 nihil

345 3607 464 3680 horum
485 3605 605 3679 valebit
622 3607 813 3697 auotoritas,
833 3610 990 3703 quoniam
1015 3633 1033 3678 a
1055 3609 1159 3705 eapite
1182 3606 1298 3678 divulsi
1320 3625 1418 3702 atque

346 3707 485 3804 sejuncti
512 3703 679 3778 eeclesiam
701 3703 822 3778 referre
851 3730 888 3776 ao
913 3721 1147 3802 repraeaentare
1177 3729 1244 3776 non
1267 3719 1413 3802 possunt.
