3134 5144
531 441 678 513 -255
706 482 755 496 -

132 589 299 686 smcipiant,
331 587 514 662 sedetiam
542 589 776 663 Tridentinom
807 591 861 688 (ἃ)
890 593 1037 682 monuit,
1065 591 1107 662 ab
1141 619 1180 666 eo

131 685 199 776 solo,
225 691 361 785 exceptis
386 685 634 762 confirmatione
660 706 694 763 et
726 688 861 778 ordine,
887 691 1064 786 generatim
1093 689 1180 763 licite

130 787 222 882 suscipi
242 801 451 858 sacramenta.
478 787 545 859 Sed
571 813 661 860 nuuc
691 814 768 860 cum
790 788 954 886 privilegia
978 787 1176 884 regularium

131 883 344 980 etfrequentes
369 887 595 983 episcoporum
616 889 837 959 concessiones
860 884 1069 983 quamplures
1090 902 1180 959 extra

132 979 255 1054 ordinem
268 999 545 1055 sacramentorum
561 988 726 1058 ministros
741 983 943 1074 induxerint,
961 984 1001 1054 ab
1016 985 1053 1054 iis
1066 987 1177 1074 etium,

129 1077 206 1150 nodo
233 1107 264 1152 se
291 1083 481 1154 contineant
512 1085 598 1154 intra
630 1082 713 1156 fines
740 1085 972 1172 concessionis,
1002 1107 1039 1153 ea
1072 1083 1176 1180 probe

128 1179 338 1274 §osopiuntur3
369 1196 404 1250 et
431 1183 488 1279 jos
515 1180 735 1278 parochorum
760 1181 929 1253 redactum
955 1179 1071 1252 estad
1098 1181 1180 1252 Pas-

129 1272 232 1346 chalcm
252 1280 535 1372 communionem,
564 1279 800 1370 adriaticum,
828 1279 869 1350 ad
886 1295 1063 1352 extremum
1092 1305 1177 1350 une·

131 1384 245 1444 tionem.

162 1571 199 1650 ll]
209 1575 355 1636 cocullum
371 1577 579 1638 Tridentinum
594 1598 661 1660 cup.
680 1581 717 1640 ts
730 1577 765 1640 de
781 1575 938 1640 Poniteot.
955 1583 982 1636 et
997 1574 1113 1636 reniso.

163 1651 202 1734 (2)
215 1657 278 1737 Cap.
291 1659 327 1717 l5
340 1677 411 1720 scas.
430 1661 468 1720 24
480 1657 515 1720 de
529 1657 684 1746 repormot.

171 1829 205 1947 §.-
226 1833 339 1910 XClll.
369 1837 479 1910 Ceteri
507 1839 614 1912 clerici
644 1841 823 1936 generatim
853 1837 1033 1908 satisfacere
1056 1836 1177 1908 debent

126 1955 222 2022 oneri,
254 1935 337 2034 quod
376 1940 588 2036 conjunctum
617 1953 665 2009 est
696 1937 875 2027 beneficio,
907 1961 973 2034 quo
1006 1935 1173 2006 fruuntur.

124 2025 246 2111 Quidam
262 2061 375 2106 eornm
390 2039 556 2134 praepositi
571 2055 648 2107 suut
670 2035 810 2127 sacellis,
836 2033 1068 2133 hospitalibus,
1087 2033 1175 2104 aliis-

126 2127 269 2223 queloeis3
289 2133 374 2204 ethi
393 2161 504 2205 curum
520 2151 639 2230 gerunt
653 2135 874 2232 praelecturae,
892 2159 989 2232 quam
1007 2147 1175 2220 exercent,

123 2229 236 2324 suisque
260 2231 418 2303 fruuntur
424 2233 554 2330 juribus
572 2260 608 2304 ac
626 2232 743 2331 privile
767 2235 822 2318 is,
846 2249 880 2305 et
903 2231 1080 2329 capellani,
1110 2255 1176 2301 rec-

124 2339 213 2418 tores,
237 2329 469 2424 gubernatores
496 2329 715 2430 appellantur.
739 2259 882 2418 guidam
906 2346 1016 2401 autern
1047 2327 1175 2400 nullum

122 2419 225 2496 hahent
239 2453 338 2520 onus,
361 2445 481 2526 praeter
498 2429 721 2527 quotidianam
747 2431 969 2502 recitationem
991 2427 1174 2498 diuinarum

122 2544 253 2617 precum,
295 2554 354 2598 uas
371 2528 475 2624 officii
495 2531 628 2601 nomine
643 2527 971 2626 comprehendimus,
986 2543 1019 2600 et
1038 2525 1072 2594 hi
1091 2527 1173 2596 sim·

121 2619 181 2714 plex
193 2556 389 2698 benelcium
405 2625 525 2700 habere
539 2627 705 2700 dicuutur.
