3164 5174
834 515 1053 589 480-

414 669 481 730 dam
500 674 610 740 essent,
631 666 682 745 qui
699 666 848 746 antiquom
867 665 1041 726 electionum
1056 664 1199 724 rationem
1215 661 1410 746 redintegrari
1428 681 1475 726 cn-

413 751 542 829 piebant.
565 748 623 812 Sed
644 757 674 808 et
695 749 770 825 aliae,
797 766 896 826 euque
916 747 1085 827 justissimos
1108 747 1229 808 luerunt
1250 747 1475 808 reservationum

413 831 646 893 inducendamm
664 848 773 907 conso,
792 838 826 891 ut
840 830 949 890 scilicet
968 829 1092 892 liomoni
1106 828 1262 890 Pontifices
1276 829 1397 890 clericos
1410 827 1477 889 bene

414 913 451 974 tle
478 913 595 975 ecelesia
620 913 740 1008 meritos
763 911 988 1007 remunerandi,
1017 917 1081 972 tum
1104 909 1287 1006 principibus
1309 929 1362 1006 nro
1386 911 1476 988 aliqaio

413 993 816 1156 tttlllttslltll’,
831 991 1479 1154 tsuttttlllffltlntlfft‘tttlz

414 1159 528 1220 firmior
552 1167 627 1220 esset
651 1162 787 1220 llomcnoe
817 1157 942 1219 ecelesim
976 1155 1142 1218 communio
1169 1175 1237 1217 cum
1263 1158 1367 1217 ceteris
1394 1157 1479 1217 ecclc·

414 1244 481 1318 siis,
503 1249 591 1320 atque
614 1241 654 1300 itn
680 1241 775 1300 unitas
808 1239 976 1321 religionis,
1003 1246 1033 1298 et
1068 1246 1170 1298 mutue
1196 1238 1373 1317 conspiratio
1400 1247 1480 1316 etque

415 1323 568 1385 concordia
591 1322 789 1384 ecclesiastico
811 1321 972 1401 disciplinis
996 1328 1227 1380 conservaretur.
1257 1321 1383 1381 Consme
1406 1319 1480 1383 Tho-

415 1405 574 1466 massinum
597 1413 655 1466 cet.
684 1412 794 1466 etnoe.
809 1401 921 1471 coelee
955 1400 1032 1464 disci
1052 1399 1073 1463 l.
1100 1421 1172 1483 por.
1196 1405 1216 1463 2
1242 1398 1294 1462 tto.
1318 1407 1333 1464 l
1357 1421 1423 1486 cop.
1443 1403 1479 1462 43

415 1497 443 1549 et
469 1505 544 1571 seq.‚
577 1488 619 1548 cl.
647 1487 811 1548 Zaccarium
833 1488 867 1548 in
900 1421 1131 1546 Anti-Fcirooio
1160 1503 1230 1566 por.
1258 1486 1277 1544 ι
1299 1481 1350 1546 ἰῶ.
1380 1487 1397 1546 δ
1419 1485 1480 1545 oi

415 1588 501 1631 num.
520 1571 540 1630 8
562 1575 589 1630 et
613 1587 673 1710 sea.
695 1578 765 1630 tom.
790 1569 825 1645 l,
852 1567 903 1628 ubi
926 1567 963 1628 de
986 1565 1034 1628 his
1060 1565 1307 1629 reservationibus
1333 1565 1482 1648 diligenter

415 1660 503 1732 etque
516 1650 632 1712 erudite
668 1651 824 1730 inputatur.
841 1653 946 1712 Actum
959 1657 1004 1709 cst
1016 1649 1053 1710 de
1067 1647 1228 1710 Pontificiis
1241 1647 1481 1710 reservationibus

415 1736 446 1795 in
475 1733 596 1794 concilio
618 1732 847 1807 constantiensi,
870 1739 958 1810 atque
980 1731 1036 1792 hoc
1055 1731 1181 1792 alterum
1205 1739 1267 1791 erat
1286 1738 1389 1810 caput,
1408 1729 1481 1809 qnod

414 1835 431 1876 a
452 1815 552 1876 futuro
572 1812 712 1875 Pontifice
735 1813 886 1874 emendari
907 1811 1044 1890 debebat,
1067 1821 1101 1874 ut
1117 1821 1197 1892 putet
1217 1831 1254 1874 ex
1276 1829 1350 1875 oeta.
1374 1815 1414 1874 to
1429 1808 1480 1873 ool.

417 1898 477 1958 706
491 1905 560 1958 lom.
586 1896 624 1956 16
641 1892 744 1957 concil.
767 1891 877 1956 collect.
905 1893 1029 1972 Lebbei,
1056 1893 1182 1956 editione
1207 1897 1305 1958 Veoet.
1324 1895 1382 1956 Sed
1396 1894 1482 1956 electo

415 1979 541 2040 liertino
554 1980 592 2053 V,
606 1975 709 2038 nihilo
733 1976 855 2038 concilio
874 1983 974 2038 contra
996 1977 1059 2038 illas
1084 1986 1181 2038 ectum
1195 1985 1251 2055 est,
1262 1977 1320 2037 imo
1335 1997 1352 2037 a
1369 1993 1482 2037 summo

416 2059 557 2122 Pontifice
576 2059 607 2118 in
635 2059 698 2138 ipso
717 2059 839 2120 coneilio
853 2057 982 2138 probatae
999 2057 1235 2138 confirmatioque
1258 2066 1324 2119 mut
1346 2065 1410 2118 tum
1427 2067 1485 2136 lan-

415 2141 506 2221 tiquae
532 2142 758 2218 reservationcs,
788 2149 852 2202 tum
866 2141 976 2222 regule
1000 2141 1189 2216 concellarius,
1203 2161 1236 2202 ae
1254 2147 1393 2219 preterca
1409 2157 1483 2200 nova

416 2233 460 2285 est
475 2221 595 2284 inducta
610 2225 769 2284 reservatio
787 2224 950 2299 mensium,
968 2241 1034 2302 quae
1050 2223 1150 2306 regula
1164 2225 1206 2286 tx
1230 2222 1407 2284 cancellarie
1416 2239 1485 2282 oon-

417 2306 546 2384 tinetur,
559 2307 603 2368 uti
617 2315 729 2368 constat
742 2323 779 2366 ex
792 2323 864 2367 sess.
879 2307 918 2366 ts
934 2301 987 2366 col.
1005 2307 1078 2382 722,
1096 2309 1152 2368 751
1165 2313 1195 2366 et
1208 2307 1298 2368 leto.

464 2433 495 2536 §.
534 2434 667 2508 xxxi.
712 2435 807 2506 Tunc
831 2437 931 2530 igitur
957 2434 1106 2507 stabilita
1133 2450 1210 2506 sunt
1237 2435 1481 2522 reservationes,
1537 2453 1538 2506 ξ

417 2559 492 2632 quoe
519 2559 595 2606 sane
624 2549 700 2605 sunt
726 2533 894 2605 dissimiles
920 2533 960 2605 oh
984 2533 1226 2625 affectionibus,
1267 2549 1301 2604 et
1327 2533 1405 2604 hine
1429 2532 1484 2601 ulio
1537 2553 1538 2556 ’

417 2647 494 2703 sunt
533 2630 708 2723 beneficia,
740 2657 815 2729 quse
854 2648 1033 2722 reservata,
1066 2631 1146 2722 olio,
1186 2657 1261 2730 qum
1289 2630 1402 2703 effecta
1435 2631 1485 2700 di-

418 2747 549 2803 cuutur.
577 2731 702 2802 Affecti
727 2746 807 2802 sunt
827 2757 881 2821 eo,
915 2730 1033 2829 quibus
1052 2729 1255 2804 conferendis
1281 2757 1315 2801 se
1343 2729 1482 2814 miscuit,

417 2855 473 2900 seu
502 2855 618 2900 manus
645 2830 796 2927 opposuit
816 2855 961 2901 summus
988 2827 1160 2918 Pontifex,
1188 2843 1349 2902 reservata
1381 2844 1484 2900 eutem
1536 2849 1537 2907 ξ

417 2941 511 3016 sunt,
547 2952 687 3025 quorum
726 2926 853 3000 collatio
894 2925 1046 2999 Pontifici
1094 2953 1242 3025 expresse
1273 2941 1399 2998 serrata
1425 2941 1481 2998 est.

418 3023 606 3094 Reverentia
636 3024 789 3097 Pontifici
819 3025 927 3096 debita
953 3025 1049 3114 facit,
1074 3042 1113 3096 ut
1128 3050 1225 3097 nemo
1245 3024 1396 3097 conferre

417 3123 458 3191 sit
501 3120 698 3194 beneficium
736 3121 888 3195 affectum
921 3138 978 3194 aut
1016 3139 1232 3216 menatem,
1273 3123 1334 3194 sed
1379 3137 1486 3192 aecta
1535 3199 1536 3202 Ἴ

417 3217 573 3291 beneficia
589 3245 650 3316 pro
673 3245 709 3292 ea
736 3237 864 3294 tantum
895 3225 981 3312 rice,
1008 3239 1165 3294 reservata
1194 3239 1356 3322 perpetuo
1372 3248 1391 3291 a
1407 3221 1488 3292 Pon·
1535 3215 1536 3255 ¹

418 3315 506 3389 tilios
527 3319 739 3390 conseruntur
754 3319 820 3418 (l).

459 3487 501 3570 (l)
522 3491 632 3552 Praeter
648 3491 697 3571 jus
720 3493 940 3570 reservationis,
964 3495 1076 3556 confert
1098 3495 1185 3556 etiam
1207 3512 1337 3557 summus
1356 3493 1490 3556 Pontifex

418 3571 580 3632 alienorum
608 3573 768 3636 dioeceseon
795 3575 936 3637 benclicin
956 3576 1028 3671 juro
1054 3573 1264 3656 desolationis,
1290 3595 1359 3638 cum
1384 3577 1491 3639 scilicet
1534 3561 1535 3605 ¹

419 3653 456 3716 sd
481 3673 549 3716 curn
573 3655 686 3717 collatio
712 3657 888 3736 devolvitur,
905 3667 934 3719 et
947 3679 1019 3741 jure
1038 3658 1261 3744 provectionis,
1284 3678 1355 3720 cum
1379 3661 1489 3740 primus

418 3735 600 3798 collationem
614 3747 743 3818 occupat.

468 3893 498 3996 §.
537 3893 684 3966 XXXII.
719 3895 963 3970 Reservationes
1000 3898 1069 3972 oliae
1089 3904 1194 3996 juonis
1221 3925 1366 3998 corporo
1394 3903 1490 3974 clau-
1533 3889 1534 3955 l

419 4022 481 4082 soe,
499 4009 533 4064 et
547 3992 618 4066 cliae
646 4007 748 4068 estro
777 4023 903 4096 corpus
921 4003 1026 4094 jtert's
1062 4023 1127 4070 esse
1174 3997 1343 4070 dicuntur.
1388 4001 1492 4072 Jun's

420 4117 558 4189 corpore
587 4095 773 4166 continetur
812 4098 1003 4187 reservatio,
1046 4123 1144 4194 quom
1171 4099 1302 4168 sancivit
1339 4095 1490 4170 Clemens
