3140 5168
804 413 1026 484 ..576-

379 567 478 636 ritam
511 561 754 650 sustinendam,
795 561 942 659 qnotidie
986 563 1178 660 interruptis
1222 563 1340 634 officiis
1386 578 1456 634 sta·

378 666 482 830 n'scpre
507 660 596 734 boris
622 659 664 732 ad
690 659 856 732 ecelesiam
888 663 935 731 ire
963 659 1176 756 compelleret
1202 658 1271 754 (2).
1307 661 1454 734 Tantum

379 760 433 830 die
457 785 493 832 us
540 757 711 830 dominicis
751 773 785 829 et
825 760 996 856 praecipuis
1029 757 1120 830 lestis
1153 757 1232 853 legis
1270 762 1457 831 necessitate

378 857 542 930 debebant
581 855 653 928 laici
694 855 737 928 ad
792 856 941 928 divinum
983 857 1131 930 officium
1180 859 1378 946 convenire,
1419 875 1457 929 ut

380 972 491 1028 sancte
520 970 655 1051 agerent
681 953 749 1026 dies
788 955 885 1026 festos
911 953 988 1051 (5);
1014 959 1050 1026 in
1078 981 1143 1053 qus
1174 955 1314 1052 quidem
1336 959 1457 1028 saucti-

381 1054 533 1128 ficatione
560 1053 715 1126 festorum
747 1053 859 1126 eadem
891 1079 982 1124 nunc
1007 1071 1078 1144 ast,
1108 1079 1186 1152 quae
1215 1078 1348 1151 semper
1370 1055 1454 1141 fnit,

380 1152 523 1226 eoclesiae
547 1177 658 1243 mens,
690 1151 767 1223 licet
790 1179 859 1224 non
887 1151 1028 1250 amplius
1044 1152 1117 1224 laici
1144 1151 1187 1224 ad
1210 1151 1323 1224 diuina
1351 1154 1456 1226 officie

381 1254 554 1324 convenire
574 1265 743 1346 cogantur.

422 1439 449 1520 (l
484 1442 608 1504 Consule
622 1441 773 1503 Thomass.
794 1443 857 1503 Vct.
878 1449 906 1502 et
919 1459 987 1504 ooo.
1003 1439 1074 1503 cccl.
1095 1439 1171 1504 disc.
1183 1462 1221 1526 p.
1243 1445 1258 1504 l
1281 1439 1304 1504 l.
1321 1443 1342 1504 2
1360 1462 1387 1504 c.
1403 1445 1454 1504 ts.

425 1521 455 1602 (l
489 1523 565 1586 Vide
580 1527 610 1585 S.
627 1525 673 1585 Jo.
687 1523 792 1603 Chrys.
811 1523 860 1584 cit.
876 1526 965 1586 Hom.
983 1525 1001 1584 6
1017 1521 1052 1584 de
1067 1525 1167 1586 Anno.

424 1603 454 1686 (5
488 1601 1185 1688 ConlerVanEspendcbor.con.dias.por.l
1204 1605 1426 1690 c.5§.2et3.

453 1815 461 1831 .
505 1759 565 1831 lx.
605 1759 766 1857 Praeccpti
819 1761 989 1831 necessitas
1034 1761 1172 1857 cogebat
1231 1760 1366 1834 clericos
1417 1765 1460 1833 ad

449 1861 545 1930 esiam
583 1857 730 1954 quotidie
787 1860 983 1948 convenire,
1030 1876 1068 1930 ut
1116 1858 1267 1930 divinum
1313 1861 1458 1932 officium

382 1956 622 2055 persolverent,
659 1972 694 2027 et
731 1982 806 2029 uero
836 1955 966 2028 nullum
995 1983 1030 2028 ea
1062 1960 1098 2028 in
1138 1984 1176 2030 re
1206 1961 1295 2029 inter
1323 1961 1462 2058 majores

384 2057 591 2152 minoresque
615 2053 746 2126 clericos
786 2054 960 2126 discrimen
1005 2071 1086 2126 erat.
1130 2055 1257 2127 Omnes
1299 2059 1388 2129 enim
1425 2061 1460 2128 in

384 2153 586 2226 ordinatione
617 2169 715 2226 ccrtae
748 2150 892 2224 ecclesiae
935 2152 1223 2244 adscribebantur,
1254 2159 1348 2227 utei
1380 2181 1463 2253 per·

384 2267 484 2348 petuo
508 2253 685 2336 servirent3
725 2250 865 2348 ideoque
893 2253 928 2320 in
949 2278 985 2322 ea
1020 2251 1169 2324 divinum
1201 2251 1344 2325 officium
1368 2253 1464 2325 cele-

383 2349 541 2438 brabant,
580 2374 655 2445 quae
679 2373 754 2445 pars
783 2365 852 2420 crat
879 2353 1044 2446 praecipua
1078 2376 1115 2422 ac
1157 2349 1348 2424 nobilissima
1382 2375 1462 2422 ser-

383 2450 472 2538 vitii,
500 2445 590 2544 quod
628 2463 781 2543 praestare
813 2446 989 2519 debebant.
1028 2447 1094 2520 Sed
1129 2475 1207 2520 cum
1244 2449 1332 2520 desiit
1377 2446 1461 2520 haec

385 2545 573 2644 disciplina,
614 2561 647 2616 et
673 2545 779 2616 elerici
807 2547 843 2615 in
884 2545 1091 2618 ordinatione
1126 2573 1195 2619 non
1225 2545 1357 2646 amplius
1395 2548 1464 2618 ad-

383 2641 478 2716 scribi
515 2657 686 2739 coeperunt
729 2659 827 2713 certae
873 2643 1035 2737 ecelesias,
1080 2647 1133 2716 cui
1176 2671 1303 2742 semper
1335 2643 1464 2718 addicti

385 2759 514 2831 essent,
544 2743 663 2812 sensim
705 2743 847 2812 minores
889 2741 998 2814 clerici
1029 2743 1112 2814 illud
1138 2742 1281 2815 ecclesiae
1311 2743 1465 2816 officium

386 2841 476 2915 obire
505 2838 681 2910 desierunt.
711 2837 808 2912 Nunc
849 2841 950 2936 igitur
975 2840 1122 2914 divium
1154 2843 1301 2913 officium
1324 2845 1464 2914 recitare

386 2937 532 3038 quotidie
563 2937 686 3009 debent
711 2937 872 3034 regulares
906 2937 1007 3010 choro
1041 2939 1204 3030 adstricti,
1249 2939 1463 3030 beneficiati,

385 3053 421 3112 et
443 3039 550 3110 clerici
580 3039 615 3106 in
647 3040 740 3107 sacris
784 3035 953 3107 ordinibus
992 3041 1158 3110 constituti
1199 3038 1267 3136 (l).
1303 3036 1465 3110 Canonici

386 3151 420 3208 et
441 3137 540 3208 ceteri
577 3133 706 3224 elerici,
745 3137 803 3232 qui
838 3137 873 3206 in
905 3134 1043 3206 chorum
1075 3139 1295 3226 conueniunt,
1335 3135 1466 3209 debent

385 3233 530 3307 officium
568 3233 755 3304 solemniter
779 3235 810 3303 in
844 3233 943 3306 choro
980 3235 1183 3332 persoluere,
1205 3251 1262 3304 aut
1287 3235 1462 3331 quotidie,

386 3349 442 3406 aut
490 3331 621 3402 alternis
672 3329 807 3420 diebus,
859 3331 1137 3423 hebdomadibus,
1179 3331 1362 3422 mensibus,
1427 3353 1465 3406 ut

387 3432 497 3504 ferunt
522 3432 689 3520 instituta,
719 3454 890 3528 moresque
910 3430 1116 3503 ecclesiarum
1142 3431 1207 3529 (ἢ).

429 3603 470 3687 (tl
491 3603 567 3666 Vide
584 3603 684 3664 donst.
704 3603 748 3663 Eo
760 3601 899 3684 quemvis
913 3611 1043 3686 tempore
1059 3605 1134 3678 tto,
1149 3607 1223 3667 Bon.
1239 3607 1307 3668 xlv
1328 3603 1355 3686 S.
1372 3607 1418 3668 45
1437 3615 1464 3668 et

389 3691 430 3750 ll
446 3696 516 3749 tout.
533 3690 547 3748 t
566 3681 675 3747 bullar.
691 3684 740 3746 cit.
756 3683 803 3746 cd.
819 3703 853 3767 p.
873 3687 944 3747 5¹7.

429 3768 471 3851 (ἢ)
492 3768 607 3832 Debent
619 3775 716 3830 autem
740 3767 886 3847 canonici,
906 3769 956 3848 qui
971 3769 1002 3830 iu
1016 3767 1106 3830 chom
1127 3777 1296 3842 versantur,
1321 3769 1461 3832 divinum

389 3853 518 3915 officium
532 3851 672 3927 recitare,
687 3857 717 3910 et
738 3857 857 3912 cantum
878 3851 960 3930 sequi
974 3851 1204 3930 capellanorum,
1228 3859 1279 3912 aut
1290 3851 1463 3913 mansiona-

389 3936 519 4012 riorum,
543 3953 575 3995 ac
592 3951 644 3994 suo
666 3932 751 4012 plane
770 3932 903 3993 deessent
917 3935 1050 4010 muneri,
1074 3935 1125 4010 qui
1137 3933 1216 3994 taciti
1238 3941 1352 3995 mutum
1368 3933 1463 3996 choro

392 4021 577 4082 interessent.
591 4014 697 4080 Conler
710 4018 781 4078 Ben.
795 4019 864 4077 xlv
878 4017 954 4077 lost.
969 4012 1039 4077 eccl.
1057 4018 1114 4076 107
1125 4014 1153 4097 §.
1174 4017 1204 4076 5.
