3122 5170
364 503 369 514 .
449 433 452 441 ⁴
521 482 589 494 ·—
616 439 686 510 tat
712 481 761 496 -

155 585 197 668 (1)
217 545 373 668 Disputant
388 565 458 650 vero
470 589 556 666 pe'n'ti
571 541 651 650 turis
668 591 757 666 cam,
780 601 851 650 uum
873 590 1056 670 Eaatrouup.
1081 539 1186 650 Anubi-

115 669 196 733 tioaoe
211 670 320 749 ubique
335 671 446 752 vigeat,
466 679 495 730 et
510 690 583 731 num
597 672 686 732 etiam
708 671 740 731 in
759 672 895 733 omnibus
914 671 998 742 locis,
1022 671 1053 730 in
1079 670 1185 748 quibus
1302 647 1335 708 ''t'

113 753 207 832 viget,
236 753 388 814 obtineant
414 771 522 831 poenae,
560 772 627 830 quae
653 753 690 813 ab
717 770 751 812 eu
778 754 942 814 constituta
969 761 1049 813 sunt.
1079 753 1186 814 Confer

115 834 374 915 Schmalzgrueher
388 831 409 894 l.
427 835 502 895 tat.
519 836 555 896 15
566 831 594 916 §.
618 836 684 896 lau.
709 836 768 896 tta
779 844 807 897 at
820 853 894 919 seq,
911 841 939 894 et
956 835 1067 898 Girald.
1082 837 1182 918 pomi
1391 863 1395 872 ·

116 912 169 976 tit.
185 917 203 977 5
217 923 287 978 sect.
304 919 364 978 ttt
375 934 446 998 pap.
462 917 533 978 288.

156 999 198 1079 (5)
221 999 292 1080 Cap.
311 1002 325 1059 1
341 997 376 1059 de
389 999 497 1082 intepr.
510 997 606 1062 restit.

162 1127 193 1227 (Ζ
221 1125 264 1198 V.
292 1125 378 1199 Sunt
405 1145 517 1202 mmen
545 1127 717 1201 nonnullae
748 1154 799 1200 res
833 1127 1075 1218 ecclesiasticae,
1106 1155 1184 1226 qua·

115 1251 209 1314 rum,
256 1229 352 1296 etiam
397 1231 467 1299 sine
508 1231 600 1300 venia
642 1227 727 1299 sedis
772 1227 987 1325 Apostolioae,
1032 1229 1187 1323 permissa

115 1322 264 1395 alienatio
296 1341 356 1395 est.
386 1326 459 1398 Huc
494 1342 642 1422 spectant
674 1352 731 1416 ea,
768 1350 842 1422 quae
878 1323 1035 1396 servando
1068 1327 1187 1396 serrari

115 1447 152 1492 ac
186 1425 315 1493 retineri
350 1451 418 1496 uon
459 1441 615 1520 possunt,
660 1427 710 1494 uti
750 1440 828 1495 sunt
853 1423 978 1495 fructus
1004 1421 1185 1512 arborum,

116 1519 320 1590 frumentum
354 1539 387 1592 et
427 1521 561 1608 similia,
599 1547 673 1618 quae
717 1538 842 1593 vetusto
880 1548 940 1593 usu
976 1519 1100 1610 locari,
1131 1536 1188 1590 aut

115 1620 151 1686 in
197 1617 460 1718 emphytheusim
498 1620 568 1691 dari
615 1636 876 1710 consueverunt,
920 1623 1077 1718 quoniam
1116 1615 1190 1688 haeo

114 1716 209 1786 finita
239 1715 418 1808 locatione,
457 1734 514 1790 aut
547 1717 777 1817 emphytheusi
805 1721 926 1790 iterum
962 1715 1188 1790 conceduntur

114 1813 249 1904 iisdem,
285 1815 403 1912 quibus
429 1832 542 1906 antea,
578 1819 678 1913 pactis
710 1831 744 1888 et
770 1817 916 1911 legibus3
950 1817 1082 1886 terrulae
1106 1814 1183 1910 (l),

115 1911 251 1984 vincolae
280 1938 348 1985 non
384 1914 531 2005 fertiles,
560 1939 678 2012 resque
711 1931 827 1986 ceterae
851 1917 956 2009 exigui
985 1916 1105 2012 pretii3
1133 1911 1188 1982 de-

114 2011 215 2106 nique
250 2011 365 2083 collata
405 2015 441 2084 in
480 2016 736 2104 monasterium,
772 2027 829 2084 aut
868 2012 979 2084 locum
1025 2010 1140 2108 pium,
1168 2033 1190 2078 a

116 2132 182 2204 quo
211 2133 248 2179 ea
274 2112 407 2182 retineri
440 2127 623 2209 nequeunt.
656 2110 705 2182 lta
735 2110 880 2210 legatum
913 2109 1087 2208 Capueinis
1109 2107 1191 2180 aliis·

117 2231 182 2302 que
209 2207 366 2280 similibus
403 2225 492 2280 recte
519 2209 729 2300 distrahitur,
764 2209 863 2282 modo
889 2210 1037 2305 pretium
1067 2210 1102 2278 in
1135 2230 1191 2278 ee·

117 2303 239 2395 elesiae,
265 2323 322 2376 aut
355 2309 542 2379 monasterii
567 2307 742 2379 utilitatem
774 2321 982 2382 contentatur
997 2305 1065 2404 (9).

171 2450 199 2530 1)
222 2455 295 2515 Can.
317 2453 449 2517 Tcrrulae
462 2474 490 2517 c.
507 2457 546 2517 tt
562 2475 614 2539 qu.
631 2457 661 2516 2.

118 2615 157 2675 49
169 2533 478 2677 tpcansulellagnan.
493 2537 528 2599 in
546 2555 571 2598 e.
588 2541 607 2600 11
625 2536 660 2598 de
676 2535 737 2600 roh.
749 2535 820 2600 eccl.
836 2535 929 2600 aliam
944 2533 991 2598 oel
1008 2553 1084 2614 aaa,
1102 2553 1189 2632 uum,

172 2633 188 2678 e
213 2635 276 2702 aeq.

170 2743 201 2845 l.
232 2745 289 2819 Vl.
318 2749 467 2821 Pertinet
486 2752 582 2822 etiam
614 2749 656 2821 ad
689 2749 919 2824 alienationem
950 2774 1059 2821 rerum
1085 2745 1190 2820 eccle-

116 2846 312 2922 siasticarum
351 2847 496 2920 venditio
527 2849 696 2919 fructuum
730 2849 988 2935 beneficiorum,
1018 2871 1102 2942 quos
1132 2843 1190 2914 ali-

141 2952 189 3019 uis
210 2947 245 3016 in
270 2945 371 3018 alium
394 2946 522 3017 confert
536 2943 590 3017 rel
604 2945 645 3016 ad
661 2945 798 3043 longum
819 2961 972 3042 tempus,
1000 2943 1051 3014 rel
1077 2967 1191 3039 quam-

116 2976 175 3118 dtu
201 3045 302 3134 vivit,
330 3059 461 3143 accepta
494 3046 653 3140 pecunia,
684 3069 760 3141 quae
794 3045 918 3115 fruetus
948 3056 1077 3140 aequet,
1106 3064 1189 3136 quos

115 3139 285 3242 probabile
311 3157 360 3214 est
394 3139 637 3213 beneficiarium
673 3157 954 3239 consequuturum
984 3165 1063 3211 esse.
1093 3137 1189 3208 lrrita

117 3243 188 3314 haec
210 3240 353 3313 venditio
380 3257 451 3332 est,
485 3255 519 3311 et
544 3265 652 3310 secum
683 3239 745 3310 sert
772 3263 905 3337 posnam
934 3238 1191 3310 excommunica·

117 3343 215 3411 tionis
248 3343 459 3411 constitutam
493 3337 646 3409 adversus
684 3363 822 3427 omnes,
864 3339 922 3434 qui
957 3361 1008 3407 res
1046 3331 1191 3406 ecclesia)

118 3438 301 3509 alienarunt
315 3438 382 3535 (1).
411 3437 480 3509 Nec
511 3435 739 3534 praetereunda
765 3435 880 3510 locatio
902 3437 1064 3506 honorum
1091 3429 1191 3502 eccle·

118 3538 341 3625 masticatum,
370 3561 408 3606 ex
432 3561 497 3631 qua
530 3537 566 3604 in
591 3536 769 3632 perniciem
800 3535 989 3606 successoris
1015 3531 1191 3626 rapiuntur

117 3635 263 3722 fructus,
285 3651 462 3730 antequam
486 3634 595 3704 veniat
622 3655 736 3704 eorum
763 3631 993 3705 solvendorum
1023 3627 1104 3699 dies.
1119 3627 1189 3698 Lo·

118 3735 201 3803 catio
225 3731 296 3802 haec
323 3757 391 3804 non
419 3730 591 3826 obstringit
616 3755 852 3822 successorem,
887 3731 940 3801 cui
964 3725 1190 3799 beneficiarius

118 3857 176 3900 sua
196 3829 250 3900 illa
276 3829 480 3902 festinatione
500 3829 624 3900 fructus
645 3832 819 3928 praeripere
849 3853 917 3900 non
941 3841 1050 3926 potest
1071 3823 1140 3922 (ἢ).

159 3953 201 4033 (1(
223 3959 293 4015 Ban.
308 3957 377 4016 xlv
391 3960 483 4014 conat.
501 3951 686 4016 domantia
700 3949 823 4014 sotutt.
840 3959 862 4013 t.
880 3954 895 4014 1
910 3969 984 4035 pop.
999 3952 1053 4013 tt.

149 4037 200 4117 Ι(1)
220 4040 308 4100 Cant.
324 4036 409 4100 Trid.
423 4053 494 4098 sess.
512 4037 552 4098 25
566 4055 633 4118 cup.
650 4039 685 4098 11
703 4033 739 4097 de
756 4032 880 4116 reform.
