3106 5170
588 415 820 520 -em'-

158 599 231 660 Nat.
255 595 338 657 Alex.
363 593 436 656 dim.
459 595 495 657 de
513 615 601 659 semu
623 597 745 660 cononis
759 597 915 682 utrimque
937 615 1027 661 amus
1048 595 1082 658 io
1103 593 1237 694 tieapur.

156 675 1241 824 :otitortomotomtatmttrtuttto

159 843 383 921 accipiendum,
407 843 439 902 id
462 841 500 902 de
522 841 705 904 hebdomada
727 849 824 906 sancta
853 851 883 904 et
907 852 1005 904 octavu
1027 843 1175 905 Pambotis
1199 863 1243 906 ao

159 923 333 1003 eipiendum
348 931 409 998 est,
426 928 538 1004 Eugen.
560 928 600 987 tv
619 925 653 986 ia
670 922 765 988 uultu
777 923 851 988 Fide
870 923 964 1008 dipoo
977 928 1017 988 tt
1028 944 1102 1009 pop.
1125 927 1164 988 55
1179 933 1202 988 t.
1221 929 1235 988 1

158 1024 235 1088 pur.
253 1007 271 1067 5
285 1003 423 1067 Builurii
435 1005 482 1068 ed.
498 1008 585 1068 Rom.
600 1004 660 1069 ult.

213 1159 245 1260 ς.
272 1159 326 1232 tl.
355 1159 459 1232 Certis
483 1178 594 1232 autem
617 1161 742 1252 verbis,
766 1161 807 1232 ab
832 1163 907 1258 ipsis
931 1159 1071 1233 ecclesie
1093 1163 1237 1258 primor-

159 1257 246 1349 diis,
280 1257 477 1330 Eucharistia
515 1259 584 1331 dari
622 1261 807 1351 consuerit,
835 1261 884 1330 uti
925 1285 1015 1330 nunc
1048 1261 1144 1330 etiam
1177 1259 1240 1330 da-

161 1374 222 1428 tur
259 1356 325 1452 (1).
363 1356 512 1429 Primum
546 1361 708 1455 episcopi,
744 1373 815 1430 tum
843 1357 1045 1458 presbyteri,
1090 1357 1243 1456 deinceps

160 1455 311 1545 diaconi,
348 1458 513 1554 ceterique
557 1457 722 1528 inferiores
751 1455 877 1546 clerici,
922 1453 1095 1546 monachi,
1129 1455 1241 1528 diaco·

161 1555 278 1639 niasae,
302 1555 459 1648 virginee,
487 1581 524 1626 ao
558 1553 693 1626 tandem
722 1553 813 1643 laici,
843 1557 988 1652 primum
1016 1555 1096 1645 viri,
1129 1569 1241 1652 postea

162 1651 318 1723 mulieres
348 1651 415 1748 (2),
447 1667 480 1724 et
502 1652 608 1724 clerici
633 1651 769 1750 quidem
793 1655 899 1743 intra,
928 1653 1000 1725 laici
1029 1669 1119 1724 extra
1144 1675 1241 1722 sanc·

161 1752 307 1820 tuat-ium
354 1749 430 1848 (5),
465 1765 564 1848 atque
606 1776 718 1822 omnes
757 1776 825 1822 non
872 1750 964 1822 flexis
997 1749 1151 1846 genibus,
1194 1751 1243 1819 uti

161 1874 274 1938 nunc,
302 1847 359 1918 sed
382 1863 520 1935 stantes,
565 1873 670 1946 prono
713 1865 821 1920 tamen
856 1851 981 1946 capite,
1025 1875 1061 1920 ac
1099 1847 1242 1920 demissis

163 1945 266 2018 oculis
312 1947 386 2042 (1),
441 1947 674 2018 Eucharistiam
724 1949 788 2018 acci
815 1945 936 2019 iebant.
992 1945 1115 2020 Cuncti
1166 1943 1242 2016 lotis

164 2043 316 2116 manibus
356 2060 390 2116 et
427 2044 507 2118 facie
533 2045 729 2118 accedebant
756 1973 831 2142 (bi,
878 2071 1044 2142 manuque
1098 2045 1242 2140 excipie-

163 2141 248 2212 bant
272 2141 391 2214 Christi
425 2168 543 2240 eorpus
568 2143 642 2240 (6),
673 2146 862 2239 sanguinem
899 2159 956 2214 aut
988 2143 1111 2216 calamo
1143 2167 1243 2237 suge·

161 2239 248 2310 bant
274 2257 330 2312 aut
365 2265 408 2314 ex
439 2241 536 2312 calice
561 2244 610 2312 ori
638 2240 770 2314 admoto
808 2240 1002 2329 ebibebant3
1056 2244 1113 2312 uin
1144 2243 1242 2312 etiam

161 2337 334 2411 interdum
367 2365 486 2438 corpus
515 2343 671 2435 sanguine
703 2341 883 2411 intinctum
913 2269 1139 2438 porrigebatur
1174 2337 1241 2434 (⁷).

210 2483 252 2568 (t)
273 2489 383 2550 Auctor
404 2489 504 2549 comat.
526 2489 630 2570 Apoot.
647 2485 701 2550 bb.
724 2490 835 2570 θυαμ.
862 2491 901 2550 15
919 2488 998 2568 apud
1022 2487 1146 2550 coteler.
1175 2487 1244 2548 ΡΡ.

162 2576 264 2652 opoata
287 2587 361 2652 pop.
378 2571 438 2630 109
463 2578 485 2631 t.
512 2573 528 2631 1
554 2567 600 2631 ed.
625 2571 720 2632 Amat.
737 2569 805 2646 eit,
829 2577 858 2630 et
872 2574 902 2634 S.
930 2569 1035 2632 Amhr.
1049 2567 1085 2630 de
1104 2569 1242 2630 Sacram.

163 2649 188 2712 i.
216 2653 318 2733 deep.
335 2654 353 2712 5
372 2671 457 2713 aum.
485 2653 525 2714 et
550 2649 678 2713 101167
703 2661 773 2714 tom.
794 2653 813 2712 5
831 2649 878 2714 ed.
906 2655 980 2716 Vm.
1000 2650 1051 2712 cit.
1073 2647 1244 2711 describunt

160 2733 339 2811 formulam,
363 2753 430 2814 quie
447 2753 481 2796 ea
499 2742 672 2814 tempestate
688 2733 900 2810 adhibebatur,
917 2752 1009 2814 eaque
1027 2740 1106 2794 erata
1129 2734 1244 2814 Corpus

163 2810 299 2876 Christi:
322 2817 448 2900 conpetit
470 2813 592 2878 Christi.
619 2821 713 2879 AEtata
737 2820 768 2880 S.
797 2816 946 2898 Gregorii,
975 2815 1019 2876 uti
1045 2821 1169 2876 testatur
1194 2815 1241 2875 Jo.

163 2898 315 2959 Diuooous
338 2898 370 2959 in
388 2898 453 2983 ejus
475 2899 528 2960 uit.
552 2896 604 2960 to.
627 2900 646 2960 2
669 2917 735 2982 eop.
759 2900 796 2960 11
823 2916 893 2982 opp.
915 2901 947 2961 S.
973 2899 1095 2979 δωρον.
1124 2905 1199 2956 tom.
1223 2898 1243 2956 1

161 2975 222 3040 ool.
250 2981 288 3042 to
307 2978 377 3042 edit.
402 2980 505 3043 Paria.
534 2982 628 3058 1705,
652 2980 777 3042 formula
804 2979 851 3042 his
872 2987 934 3041 erat
958 2987 1097 3058 concepta
1121 2975 1241 3040 verbio:

165 3063 284 3142 Corpus
308 3063 434 3124 Domini
449 3063 556 3125 Nostri
578 3063 653 3124 Jcau
676 3060 787 3124 Christi
810 3068 959 3125 coacervet
987 3061 1122 3122 unimam
1144 3067 1241 3122 tuom.

163 3143 303 3222 Denique
325 3163 387 3206 aevo
410 3145 542 3221 Aleuioi,
562 3145 605 3205 uti
629 3143 692 3223 ipse
709 3145 801 3205 tradit
821 3142 858 3206 de
881 3141 1007 3206 Sobbuto
1029 3145 1139 3204 Soocto
1164 3143 1244 3202 Pos-

162 3221 246 3301 cboe,
266 3223 321 3288 coi.
344 3229 403 3288 159
428 3223 506 3289 Bibi.
533 3229 601 3288 ΡΡ.
626 3233 698 3288 tom.
722 3228 761 3288 10
783 3221 829 3286 cd.
855 3227 956 3288 Parae.
985 3227 1082 3302 toto,
1109 3225 1183 3284 facta
1200 3229 1244 3284 est

161 3308 292 3370 formula
317 3309 448 3371 adhunc
469 3309 610 3370 modum:
629 3312 744 3390 Corpus
761 3306 888 3370 Domini
906 3308 1011 3371 Nostri
1027 3309 1103 3368 Iesu
1130 3303 1243 3368 ebriati

163 3389 320 3452 cutodiant
339 3391 417 3454 teia
437 3391 533 3453 vitum
550 3399 705 3452 catomum.
729 3393 767 3454 m
787 3407 846 3450 oon
870 3391 972 3452 eadem
991 3391 1112 3452 omnino
1133 3387 1244 3464 ubique

163 3472 237 3534 fuit.
259 3473 388 3535 Rectam
405 3493 421 3534 a
445 3475 579 3536 ministro
597 3473 739 3550 formula,
763 3471 974 3535 Eucharistiam
995 3473 1168 3552 accipientes
1182 3487 1244 3530 ree·

165 3554 356 3634 pendebant:
376 3557 481 3618 Amen.
505 3558 613 3617 Auctor
631 3563 725 3617 corut.
748 3556 849 3638 Apoat.
871 3552 926 3618 loe.
949 3555 1013 3631 m't.,·
1034 3553 1185 3618 Coroebus
1208 3553 1242 3611 Ρ.

164 3635 249 3716 apud
274 3637 379 3700 Eueeb.
403 3635 455 3700 tit.
476 3643 494 3702 6
514 3657 581 3720 cup.
606 3639 646 3700 15
661 3656 733 3720 pop.
760 3635 904 3699 ott-md.
932 3637 1021 3714 edim
1040 3638 1116 3716 Aug.
1146 3639 1240 3694 cumr.

166 3719 275 3780 fame.
295 3717 316 3780 i.
337 3723 455 3802 timp.
487 3716 680 3782 10101151
711 3729 781 3782 tom·
805 3721 825 3779 8
849 3717 894 3781 ed.
915 3722 1015 3784 Vmet.
1042 3719 1105 3794 eit,-
1126 3718 1182 3776 Leo
1200 3716 1241 3774 11.

166 3801 267 3862 Serm.
291 3803 329 3862 95
351 3821 386 3864 cu
410 3847 417 3863 .
439 3805 546 3885 δρας,
568 3803 717 3864 1651111.
741 3805 754 3863 1
777 3800 849 3863 edit.
872 3801 1090 3877 Romu-17553
1116 3795 1242 3878 Cyrillus

165 3884 282 3944 Hieros.
302 3821 411 3946 notati).
438 3885 477 3946 m
496 3903 581 3945 aum.
608 3887 643 3946 21
664 3903 737 3968 pop.
758 3886 814 3946 551
843 3884 892 3945 cit.
919 3881 1079 3945 ed.Poris.
1106 3877 1163 3940 Sed
1180 3876 1243 3957 jum

164 3965 284 4046 pridem
308 3967 386 4046 apud
415 3983 468 4028 noe
491 3975 641 4048 receptum
665 3975 725 4046 est,
749 3973 782 4028 ut
802 3963 903 4028 fideles
925 3963 1136 4027 Eucharistiam
1160 3961 1240 4024 taciti

162 4047 323 4128 accipiant.
