3122 5178
552 379 752 450 „29-

124 538 185 578 raaia
204 528 270 581 orto
285 530 344 597 ost,·
362 529 430 584 orto
449 531 549 582 autem
572 523 664 588 simul
686 533 730 588 ert
751 545 820 587 oum
843 533 940 588 meato
959 525 1080 590 diuino.
1099 531 1193 594 Nemo

126 601 198 672 hino,
224 604 275 680 qui
303 611 402 681 peoeat
425 603 565 666 adversus
583 607 659 684 iuris
680 615 793 668 nature
816 618 960 688 praesepta
988 615 1185 674 communiter

121 685 413 828 poppotpiapxelulsapp
426 695 584 828 pplpptest
601 689 678 768 juris
703 689 903 770 ignoratione,
920 697 954 752 ut
971 691 1014 752 ait
1032 693 1188 772 Apostolus

164 962 192 1064 §-
219 967 346 1038 XXlX.
375 967 547 1068 Quidquid
577 971 638 1042 boe
659 975 737 1070 jure
764 973 958 1070 prohibetur
985 973 1110 1046 malum
1138 993 1187 1049 est

125 1085 176 1154 per
197 1089 243 1152 se,
273 1065 434 1164 quidquid
461 1069 600 1164 jubetur
631 1069 775 1160 bonum,
805 1071 944 1170 proinde
971 1073 1028 1170 jus
1057 1089 1186 1148 naturae

126 1164 232 1230 mutari
249 1189 317 1232 non
335 1179 452 1260 potest.
478 1166 554 1262 Ejus
575 1166 827 1240 fundamentum
846 1186 896 1242 est
910 1169 1078 1244 ordinatus
1096 1197 1189 1244 amor

126 1280 192 1348 erga
219 1259 346 1349 Deum,
380 1287 439 1332 nos
470 1263 555 1358 ipsos
593 1263 735 1362 aliosque
765 1266 924 1338 homines.
957 1266 1041 1340 Inde
1078 1267 1190 1340 fluunt

127 1353 221 1424 officia
238 1361 345 1428 omnia
362 1360 515 1429 naturalis
536 1359 679 1451 ordinis,
704 1363 823 1458 quibus
848 1381 978 1436 tenetur
1005 1365 1188 1436 humanum

128 1474 236 1542 genus,
262 1471 295 1523 et
320 1481 395 1551 quae
423 1457 475 1526 rel
498 1459 637 1554 justitiae
664 1475 760 1550 sunt,
788 1463 854 1531 sive
875 1463 1034 1532 absoluto
1050 1477 1084 1532 et
1104 1487 1190 1560 per-

125 1546 210 1637 feeto
218 1579 232 1636 ,-
250 1550 297 1620 ael
320 1551 528 1624 humanitatis
554 1571 587 1624 et
604 1555 853 1646 beneficentiae,
876 1557 944 1628 sive
963 1561 1190 1654 imperfecto3

131 1639 180 1710 vel
195 1647 350 1719 interdum
361 1652 517 1746 justitiae,
537 1651 704 1724 interdum
721 1652 968 1746 beneficentiae,
986 1657 1037 1724 uti
1058 1680 1108 1726 res
1123 1657 1190 1752 ipsa

132 1765 193 1810 sese
206 1745 313 1836 offert,
328 1773 404 1846 quae
416 1747 634 1846 hypothetica
647 1749 867 1850 appellantur.

169 1962 197 2063 ς.
223 1964 334 2038 XXX.
375 1965 423 2036 Ex
445 1970 521 2066 jure
554 1984 680 2040 naturae
717 1968 859 2042 efficitur
891 1969 963 2044 Jus
995 1975 1187 2069 parotium,

128 2060 209 2156 quod
235 2063 303 2134 iere
329 2067 437 2159 ipsum
464 2081 514 2136 est
538 2067 594 2163 jus
622 2079 770 2156 naturae,
800 2092 867 2163 quo
893 2083 1053 2163 reguntur
1080 2091 1194 2140 omnes

127 2157 262 2232 mnne
276 2164 431 2232 societate
442 2163 611 2260 conjuncti
628 2163 697 2259 (l).
720 2165 828 2260 Atque
846 2163 1037 2262 aliquandiu
1056 2163 1192 2262 quidem

127 2273 192 2352 post
215 2259 331 2329 orbem
356 2258 526 2332 eonditum
550 2259 642 2330 suere
671 2259 868 2332 familiarum
896 2265 1083 2350 societates,
1113 2287 1193 2358 quos

128 2355 286 2452 Deusipse
319 2355 546 2446 inchoaverat,
569 2355 626 2428 sed
652 2357 752 2430 nullae
775 2374 888 2430 umen
911 2375 1006 2432 erant
1027 2360 1194 2430 societates

125 2453 303 2544 duratum,
326 2468 360 2524 et
383 2451 722 2552 rerumpublicarum,
740 2481 820 2552 quas
842 2455 995 2555 deinceps
1020 2455 1190 2543 homines,

126 2551 239 2624 ratione
266 2552 374 2640 duee,
397 2555 585 2624 necessitate
612 2551 768 2626 suadente
799 2555 978 2626 iniverunt.
1001 2551 1078 2640 Quo
1107 2567 1196 2624 teur-

126 2651 202 2740 poris
217 2675 318 2721 eursu
345 2673 413 2718 non
440 2648 565 2743 exleges
589 2667 682 2720 erant
695 2651 861 2740 homines,
879 2677 955 2722 uum
976 2653 1052 2749 jure
1067 2663 1196 2724 naturoe

125 2760 284 2818 uterentur
325 2743 549 2843 haberentque
580 2749 681 2818 etiam
702 2750 758 2846 jus
796 2748 993 2836 revelatum,
1022 2747 1112 2843 quud
1147 2761 1196 2818 est

124 2839 160 2909 ad
184 2859 346 2918 eternam
376 2842 514 2916 salutem
547 2843 692 2918 humano
725 2845 836 2940 generi
874 2845 1110 2931 neeessariam,
1140 2843 1197 2916 sed

124 2939 197 3022 atilli
211 2959 312 3014 erant
339 2944 440 3030 servi,
469 2957 503 3014 et
534 2942 616 3014 nulli
649 2945 728 3014 item
759 2969 777 3012 a
803 2941 887 3014 uirili
918 2939 1084 3038 republica
1113 2965 1197 3014 ron·

123 3039 216 3110 stituti
244 3042 475 3134 magistratus,
515 3065 716 3137 quamquam
744 3065 811 3112 non
846 3039 1015 3130 deessent,
1048 3041 1107 3136 qui
1134 3039 1197 3110 illis

124 3134 313 3208 familiarum
351 3137 556 3208 societatibus
591 3163 668 3210 eum
701 3153 862 3234 potestate
894 3153 1078 3234 praeerunt,
1108 3162 1197 3233 quo-

123 3233 201 3304 niam
216 3237 287 3306 sine
307 3249 432 3306 restore
450 3234 540 3306 nulla
557 3235 731 3310 hominum
747 3237 882 3308 societas
897 3249 981 3308 stare
1001 3249 1109 3332 potest
1126 3233 1193 3330 (ᾖ).

157 3451 196 3533 (t)
219 3453 353 3531 Quidam
375 3453 425 3532 jus
450 3455 583 3535 gentium
615 3455 809 3516 dividentia
834 3454 1019 3537 privatorium
1041 3462 1071 3516 st
1094 3471 1198 3518 secun

124 3532 251 3610 durium,-
280 3535 360 3596 illud
387 3544 491 3596 vocant
511 3537 559 3615 jus
584 3546 715 3612 naturas,
740 3536 797 3598 boe
821 3555 892 3598 voro
914 3537 1071 3616 peculiaria
1096 3543 1194 3616 poeta,

123 3633 180 3692 qnae
204 3619 284 3678 inter
312 3616 465 3696 plerasque
486 3627 591 3698 gentes
615 3625 757 3682 conventa
778 3625 863 3696 sunt,
888 3636 948 3695 quo
972 3617 1109 3680 referunt
1129 3616 1197 3696 jura

64 3747 73 3778 ,
125 3695 200 3773 belii,
222 3699 410 3779 legaturum,
430 3707 459 3758 et
478 3699 596 3760 similia.
619 3699 676 3762 Sed
702 3717 761 3758 nou
778 3699 846 3760 inde
870 3699 956 3760 aliana
973 3698 1049 3778 juris
1072 3697 1199 3778 speeiem

126 3777 213 3839 induci
237 3797 328 3858 posse
353 3779 482 3840 ostendit
504 3779 676 3842 Poiendorf.
701 3777 737 3841 de
762 3780 834 3843 lor.
852 3785 925 3842 'not
951 3786 1081 3862 etpost.
1103 3773 1154 3838 tt.
1179 3779 1198 3839 2

126 3875 197 4022 mii)
211 3861 508 4021 invidiosumque
533 3953 578 4005 est
603 3951 802 4006 commentum
827 3943 966 4023 illorum,
998 3940 1049 4022 qui
1081 3946 1196 4019 tompus
1272 4014 1276 4021 ¹
