3100 5182
794 477 1016 547 -144-

368 653 461 702 causa
489 624 684 696 necessitatis
706 621 773 720 (5).
800 623 951 720 Denique
977 649 1098 693 munus
1122 625 1220 694 etiam
1244 623 1445 720 praedicandi

367 725 537 822 proprium
560 737 609 792 est
632 719 863 822 diaconorum,
893 738 992 818 atque
1017 721 1051 790 id
1081 745 1150 792 non
1179 721 1286 792 solum
1313 723 1445 818 respicit

368 819 602 917 Evangeh'urn,
621 816 711 914 quod
726 816 842 911 legunt
857 819 892 888 in
911 821 1013 890 missis
1027 818 1245 909 solemnibus,
1257 817 1319 890 sed
1334 845 1446 890 veram

368 923 466 992 etiam
490 918 591 987 divini
611 915 701 986 verbi
728 914 1173 1012 praedicationemque&
1203 919 1445 987 institutionem

367 1029 516 1114 spectant
536 1012 737 1111 populorum
763 1013 830 1108 (4).
855 1011 981 1084 Verum
1001 1039 1123 1084 munus
1149 1014 1212 1085 hoc
1237 1012 1447 1110 praedicatio·

368 1117 437 1206 nis,
462 1130 501 1184 nt
517 1111 719 1210 presbyteri,
745 1112 790 1178 ita
812 1111 911 1180 etiam
929 1109 1076 1202 diaconi,
1100 1113 1170 1182 sine
1193 1113 1334 1208 episcopi
1352 1111 1447 1182 venia

368 1227 402 1282 ct
416 1213 607 1282 auctoritate
622 1233 771 1280 exercere
789 1233 858 1278 non
874 1223 1023 1304 possunt.

424 1447 451 1528 1)
472 1445 643 1522 Diaconos,
660 1443 690 1504 in
712 1441 771 1520 uit,
787 1443 890 1504 concil.
908 1441 1138 1524 Carthaginense
1152 1445 1271 1505 IVcon.
1289 1443 1344 1519 57,
1360 1442 1448 1524 opud

368 1531 392 1590 L
485 1547 517 1588 m
538 1534 609 1585 tom.
634 1461 723 1586 iud.
745 1526 839 1600 1440,
862 1521 934 1585 edit.
955 1525 1074 1600 Verane,
1096 1524 1142 1584 ito
1157 1542 1188 1586 sc
1208 1521 1386 1606 presbyteri,
1409 1533 1445 1585 ut

365 1608 495 1692 eiscopi
519 1606 694 1667 ministrum
713 1605 838 1666 nouerit.
862 1604 978 1668 alieubi
999 1607 1114 1666 diaconi
1140 1624 1193 1683 per
1217 1623 1363 1666 summam
1386 1623 1444 1665 aa·

390 1694 481 1751 seiam
506 1687 681 1749 sacrificium
696 1685 884 1763 obtulerunt3
910 1687 1041 1748 sedeam
1055 1686 1225 1765 compressit
1243 1687 1346 1747 concil.
1369 1687 1446 1748 Are-

368 1773 479 1832 latense
497 1771 510 1830 1
527 1788 596 1829 can.
614 1767 725 1846 ttapud
739 1767 877 1828 cumdem
891 1767 1040 1828 Labheum
1057 1777 1127 1829 tom.
1145 1771 1158 1830 1
1181 1763 1235 1828 col.
1258 1769 1348 1830 1454.
1369 1769 1445 1829 Nam

369 1853 425 1932 ipsi
440 1852 478 1912 ad
497 1849 713 1924 ministerium,
732 1867 792 1908 non
807 1847 845 1908 ad
863 1849 1057 1912 sacerdotium
1075 1855 1297 1926 consecrantur,
1313 1858 1346 1909 ut
1364 1857 1445 1908 recte

370 1933 468 2012 inquit
481 1930 585 1990 concil.
611 1929 840 2010 carthaginense
865 1933 905 1992 tv
927 1950 997 1992 con.
1019 1935 1038 1992 4
1060 1929 1144 2012 opud
1157 1929 1272 1991 dietum
1294 1926 1445 1990 Labicum

369 2024 441 2076 tom.
459 2015 478 2074 4
501 2009 557 2073 eol.
577 2013 668 2072 1457.
690 2015 728 2072 at
749 2012 829 2072 enim
850 2012 986 2072 diaconos
1005 2013 1191 2074 Dominicum
1216 2012 1304 2071 etiam
1325 2012 1445 2090 sangui-

370 2115 439 2156 nem
452 2096 483 2154 in
498 2093 587 2153 latina
602 2092 720 2152 ecclesia
734 2109 914 2154 consecrasse
929 2093 1049 2154 videtur
1068 2093 1186 2154 tradere
1204 2097 1234 2154 S.
1255 2091 1442 2166 Ambrosius,

369 2176 405 2237 dc
430 2173 515 2320 Ope.
539 2171 621 2235 tmt
652 2191 719 2255 cop.
745 2175 783 2234 41
804 2193 889 2234 num.
914 2175 975 2236 414
989 2171 1044 2235 col.
1066 2177 1105 2235 64
1127 2183 1196 2235 tom.
1222 2172 1325 2234 seete.
1349 2175 1443 2232 Mou-

369 2259 429 2320 rin.
479 2265 555 2317 enct.
574 2257 673 2330 1751,
689 2273 757 2316 nam
779 2255 858 2334 apud
876 2273 944 2316 curn
964 2257 1138 2318 Laurentius
1159 2255 1297 2316 diaconus
1317 2256 1357 2314 ita
1376 2254 1444 2316 Six-

367 2349 433 2400 tum
458 2337 554 2416 episoo
576 2355 626 2396 usn
653 2354 739 2396 suum
764 2337 801 2396 ad
825 2337 1002 2416 martyrium
1027 2345 1234 2416 properantem
1258 2335 1439 2413 alloquitur:

372 2424 438 2497 Quo
463 2435 550 2479 socer
588 2436 603 2478 s
628 2417 750 2492 Sancte,
778 2417 842 2479 sine
865 2415 990 2479 diacono
1009 2436 1154 2500 properos
1171 2423 1242 2478 tuo?
1265 2418 1443 2499 Numquam

368 2497 555 2640 saem‘lict'um
567 2498 631 2559 sine
651 2497 791 2560 ministro
811 2497 918 2640 operm
932 2517 1136 2560 oortsueneros.
1158 2497 1239 2574 Quid
1256 2498 1288 2559 in
1305 2516 1352 2557 mc
1373 2515 1444 2580 erpo

369 2579 437 2662 disp
451 2579 538 2654 ituit,
575 2581 712 2640 Poteri.
731 2621 738 2638 .
755 2621 786 2638 ..
848 2579 884 2640 ui
909 2579 1086 2642 commisisti
1111 2577 1255 2640 dominici
1282 2578 1444 2660 sanguinis

368 2660 628 2738 concremationem,
654 2659 705 2720 eui
722 2659 1030 2722 consummandorum
1046 2661 1229 2722 consortium
1243 2668 1444 2722 sacramento·

366 2763 451 2820 rum,
480 2739 549 2803 huic
571 2741 728 2825 sonpuinr's
752 2741 800 2802 tui
819 2742 1001 2804 consortium
1025 2749 1136 2823 nepos?
1160 2745 1272 2804 Verum
1295 2741 1352 2801 hoc
1376 2742 1441 2800 loco

366 2823 525 2966 surrpuinis
538 2822 718 2884 consecratio
731 2831 775 2882 est
795 2841 852 2884 son
873 2823 921 2884 uis
940 2833 1147 2900 consecratus,
1166 2833 1199 2884 ut
1218 2843 1233 2885 a
1255 2822 1445 2900 jurisconsul-

365 2907 424 2966 tist
447 2902 828 2985 csaurusdiciturpecnnim
860 2904 998 2984 aperitio,
1013 2903 1070 2964 hoe
1080 2913 1139 2979 cst,
1152 2905 1281 2984 pseustin
1291 2903 1438 2985 deposito,
1548 2929 1549 2942 ¹

367 2997 396 3048 ct
420 2985 593 3048 Ambrosius
629 2987 785 3046 Laurentio
822 2986 979 3045 committit
1018 2987 1190 3066 sanguinem
1224 2993 1442 3054 consecratum,

367 3077 401 3128 ut
425 3085 493 3126 eum
516 3064 690 3134 distribuat,
718 3065 797 3143 quod
822 3065 936 3126 diaconi
959 3065 1087 3126 officium
1108 3075 1186 3143 erat,
1209 3085 1268 3126 non
1292 3075 1326 3126 ut
1348 3067 1443 3144 ipsam

367 3146 517 3227 sanguinis
532 3147 777 3205 consecrationem
792 3147 893 3222 iaciat,
908 3147 988 3224 quod
1004 3147 1157 3226 proprium
1175 3157 1289 3206 tantum
1307 3155 1350 3206 est
1369 3148 1446 3224 cpis-

368 3231 431 3307 copi
447 3235 476 3288 et
489 3227 657 3286 sacerdotis.
678 3226 754 3288 Vide
768 3227 855 3288 Card.
873 3231 962 3288 Bona.
980 3233 1049 3290 lter.
1067 3229 1206 3308 Litargic.
1223 3225 1274 3288 tit.
1293 3231 1392 3310 deep.
1424 3231 1443 3288 5
1547 3303 1548 3306 Ἴ

367 3309 394 3391 S.
409 3312 428 3368 4
443 3325 485 3389 pc
510 3351 517 3365 .
540 3309 600 3368 501
616 3315 685 3368 torn.
703 3309 736 3382 4,
755 3305 826 3369 edit.
849 3309 975 3370 Taurin.
995 3327 1046 3369 cn.
1065 3311 1161 3384 4749,
1177 3319 1206 3370 et
1227 3309 1291 3370 Sala
1315 3309 1347 3370 t'n
1361 3308 1445 3371 notis

364 3408 437 3472 pop.
463 3325 537 3463 539,
565 3395 595 3447 et
622 3387 754 3449 eruditos
784 3388 942 3450 monachos
966 3391 1198 3470 congregationis
1223 3394 1253 3453 S.
1280 3389 1374 3451 Mauri
1409 3390 1444 3450 in

368 3473 465 3548 ipsum
476 3467 622 3528 Ambrosii
638 3469 733 3530 locum
748 3470 799 3530 cit.
815 3466 871 3530 coi.
888 3473 939 3530 04.

410 3547 452 3630 (4)
474 3549 530 3610 Cit.
555 3549 664 3612 concil.
690 3551 920 3630 carthaginense
938 3553 979 3613 tv
992 3569 1060 3612 oon.
1082 3553 1122 3611 58
1138 3560 1208 3611 tom.
1229 3547 1320 3611 4004.
1344 3551 1441 3624 1440,

368 3639 398 3692 ct
420 3629 530 3692 Concii.
551 3629 712 3692 Arelatens.
730 3633 757 3692 11
776 3649 844 3692 con.
869 3635 908 3692 15
931 3641 1001 3693 torn.
1026 3635 1044 3692 s
1068 3629 1122 3694 col.
1150 3633 1181 3692 4.
1205 3633 1347 3694 Diaconos
1369 3631 1446 3708 ipsis

366 3711 547 3792 presbyteris
567 3711 638 3770 darc
660 3729 745 3772 ausos
771 3712 983 3775 Eucharistiam
1007 3715 1136 3775 coercuit
1162 3713 1280 3774 Nicaeae
1303 3711 1446 3792 Synodus

367 3814 435 3856 ron.
453 3795 492 3854 48
507 3801 577 3856 ton.
593 3789 677 3854 4001.
693 3793 734 3854 44
745 3791 856 3854 collect.
868 3791 985 3856 labbei.
1002 3793 1072 3856 edit.
1093 3797 1192 3856 Venct.

408 3873 450 3956 (5)
472 3877 594 3936 Sanctus
608 3873 735 3953 Cyrillus
749 3875 1030 3969 Hierosolymitanus
1049 3873 1159 3936 catech.
1183 3875 1218 3935 X
1219 3875 1281 3935 VII
1295 3892 1380 3934 num.
1401 3875 1446 3936 55

374 3975 446 4038 pop.
464 3957 540 4034 481,
561 3953 630 4015 edit.
649 3956 788 4016 Macrin.
813 3959 916 4018 Parra.
936 3959 1026 4016 4740.
1045 3961 1143 4018 Exstat
1165 3975 1197 4015 ea
1220 3953 1257 4014 dc
1271 3973 1304 4013 re
1329 3955 1362 4013 in
1377 3964 1442 4014 oet.

367 4035 534 4117 apostolor.
565 4038 645 4101 t⁷111
671 4039 711 4098 58
737 4038 903 4116 exemplam
937 4037 1067 4118 Philippi
1095 4037 1227 4114 diaconi3
1255 4035 1306 4094 scd
1341 4043 1446 4096 tamen
