<?xml version="1.0" encoding="UTF-8"?>
<!DOCTYPE html PUBLIC "-//W3C//DTD XHTML 1.0 Transitional//EN"
    "http://www.w3.org/TR/xhtml1/DTD/xhtml1-transitional.dtd">
<html xmlns="http://www.w3.org/1999/xhtml" xml:lang="en" lang="en">
 <head>
  <title>
</title>
<meta http-equiv="Content-Type" content="text/html;charset=utf-8" />
  <meta name='ocr-system' content='tesseract 3.04.00' />
  <meta name='ocr-capabilities' content='ocr_page ocr_carea ocr_par ocr_line ocrx_word'/>
</head>
<body>
  <div class='ocr_page' id='page_1' title='image "./institutionumca00devogoog_0594.png"; bbox 0 0 3142 5188; ppageno 0'>
   <div class='ocr_carea' id='block_1_1' title="bbox 548 427 770 497">
    <p class='ocr_par' dir='ltr' id='par_1_1' title="bbox 548 427 770 497">
     <span class='ocr_line' id='line_1_1' title="bbox 548 427 770 497; baseline 0 0"><span class='ocrx_word' id='word_1_1' title='bbox 548 427 770 497; x_wconf 79' lang='lat'>-595-</span> 
     </span>
    </p>
   </div>
   <div class='ocr_carea' id='block_1_2' title="bbox 110 573 1192 1395">
    <p class='ocr_par' dir='ltr' id='par_1_2' title="bbox 110 573 1192 1395">
     <span class='ocr_line' id='line_1_2' title="bbox 112 573 1185 716; baseline 0 -80"><span class='ocrx_word' id='word_1_2' title='bbox 112 573 234 636; x_wconf 88' lang='lat' dir='ltr'><strong>Sabbati</strong></span> <span class='ocrx_word' id='word_1_3' title='bbox 248 575 310 635; x_wconf 87' lang='lat' dir='ltr'><strong>lere</strong></span> <span class='ocrx_word' id='word_1_4' title='bbox 324 574 434 654; x_wconf 87' lang='lat' dir='ltr'><strong>ubique</strong></span> <span class='ocrx_word' id='word_1_5' title='bbox 456 575 601 716; x_wconf 51' lang='lat' dir='ltr'><strong>antilpuari</strong></span> <span class='ocrx_word' id='word_1_6' title='bbox 624 577 727 656; x_wconf 71' lang='lat' dir='ltr'><strong>erepit,</strong></span> <span class='ocrx_word' id='word_1_7' title='bbox 756 583 786 635; x_wconf 86' lang='lat' dir='ltr'><strong>et</strong></span> <span class='ocrx_word' id='word_1_8' title='bbox 808 575 874 637; x_wconf 87' lang='lat' dir='ltr'><strong>ideo</strong></span> <span class='ocrx_word' id='word_1_9' title='bbox 898 579 930 638; x_wconf 89' lang='lat' dir='ltr'><strong>S.</strong></span> <span class='ocrx_word' id='word_1_10' title='bbox 957 579 1046 658; x_wconf 77' lang='lat' dir='ltr'><strong>drag.</strong></span> <span class='ocrx_word' id='word_1_11' title='bbox 1074 579 1127 638; x_wconf 89' lang='lat' dir='ltr'><strong>Vll</strong></span> <span class='ocrx_word' id='word_1_12' title='bbox 1154 576 1185 636; x_wconf 92' lang='lat' dir='ltr'><strong>in</strong></span> 
     </span>
     <span class='ocr_line' id='line_1_3' title="bbox 113 656 1188 737; baseline -0.001 -19"><span class='ocrx_word' id='word_1_13' title='bbox 113 675 198 718; x_wconf 86' lang='lat' dir='ltr'><strong>oone.</strong></span> <span class='ocrx_word' id='word_1_14' title='bbox 216 659 348 720; x_wconf 84' lang='lat' dir='ltr'><strong>Romano</strong></span> <span class='ocrx_word' id='word_1_15' title='bbox 364 675 433 718; x_wconf 84' lang='lat' dir='ltr'><strong>con.</strong></span> <span class='ocrx_word' id='word_1_16' title='bbox 457 659 492 718; x_wconf 77' lang='grc'><strong>51</strong></span> <span class='ocrx_word' id='word_1_17' title='bbox 532 657 581 718; x_wconf 84' lang='lat' dir='ltr'><strong>iat.</strong></span> <span class='ocrx_word' id='word_1_18' title='bbox 600 659 613 718; x_wconf 98' lang='grc'>1</span> <span class='ocrx_word' id='word_1_19' title='bbox 636 656 672 718; x_wconf 83' lang='lat' dir='ltr'><strong>de</strong></span> <span class='ocrx_word' id='word_1_20' title='bbox 690 661 838 734; x_wconf 65' lang='lat' dir='ltr'><strong>Cmueer„</strong></span> <span class='ocrx_word' id='word_1_21' title='bbox 861 675 919 718; x_wconf 91' lang='lat' dir='ltr'><strong>non</strong></span> <span class='ocrx_word' id='word_1_22' title='bbox 938 677 1025 724; x_wconf 88' lang='lat' dir='ltr'><strong>ausus</strong></span> <span class='ocrx_word' id='word_1_23' title='bbox 1038 659 1188 737; x_wconf 90' lang='lat' dir='ltr'><strong>antiquam</strong></span> 
     </span>
     <span class='ocr_line' id='line_1_4' title="bbox 113 739 1191 818; baseline 0.002 -20"><span class='ocrx_word' id='word_1_24' title='bbox 113 739 300 818; x_wconf 80' lang='lat' dir='ltr'><strong>disciplinam</strong></span> <span class='ocrx_word' id='word_1_25' title='bbox 324 739 468 818; x_wconf 81' lang='lat' dir='ltr'><strong>integram</strong></span> <span class='ocrx_word' id='word_1_26' title='bbox 491 741 662 818; x_wconf 72' lang='lat' dir='ltr'><strong>restituere,</strong></span> <span class='ocrx_word' id='word_1_27' title='bbox 684 740 774 800; x_wconf 87' lang='lat' dir='ltr'><strong>satius</strong></span> <span class='ocrx_word' id='word_1_28' title='bbox 798 740 912 816; x_wconf 87' lang='lat' dir='ltr'><strong>putavit</strong></span> <span class='ocrx_word' id='word_1_29' title='bbox 935 739 1036 802; x_wconf 78' lang='lat' dir='ltr'><strong>fideles</strong></span> <span class='ocrx_word' id='word_1_30' title='bbox 1060 757 1191 801; x_wconf 87' lang='lat' dir='ltr'><strong>eommo-</strong></span> 
     </span>
     <span class='ocr_line' id='line_1_5' title="bbox 113 821 1191 896; baseline 0.001 -16"><span class='ocrx_word' id='word_1_31' title='bbox 113 839 203 896; x_wconf 90' lang='lat' dir='ltr'><strong>nere,</strong></span> <span class='ocrx_word' id='word_1_32' title='bbox 225 829 258 880; x_wconf 87' lang='lat' dir='ltr'><strong>ut</strong></span> <span class='ocrx_word' id='word_1_33' title='bbox 276 839 309 882; x_wconf 88' lang='lat' dir='ltr'><strong>ea</strong></span> <span class='ocrx_word' id='word_1_34' title='bbox 333 821 381 880; x_wconf 90' lang='lat' dir='ltr'><strong>die</strong></span> <span class='ocrx_word' id='word_1_35' title='bbox 406 839 468 882; x_wconf 88' lang='lat' dir='ltr'><strong>sese</strong></span> <span class='ocrx_word' id='word_1_36' title='bbox 482 821 519 882; x_wconf 93' lang='lat' dir='ltr'><strong>ab</strong></span> <span class='ocrx_word' id='word_1_37' title='bbox 545 841 596 882; x_wconf 89' lang='lat' dir='ltr'><strong>esu</strong></span> <span class='ocrx_word' id='word_1_38' title='bbox 622 821 754 882; x_wconf 84' lang='lat' dir='ltr'><strong>earnium</strong></span> <span class='ocrx_word' id='word_1_39' title='bbox 775 821 950 894; x_wconf 79' lang='lat' dir='ltr'><strong>abstineant.</strong></span> <span class='ocrx_word' id='word_1_40' title='bbox 978 825 1077 882; x_wconf 90' lang='lat' dir='ltr'><strong>lnuoo.</strong></span> <span class='ocrx_word' id='word_1_41' title='bbox 1099 825 1139 884; x_wconf 96' lang='lat' dir='ltr'><strong>lll</strong></span> <span class='ocrx_word' id='word_1_42' title='bbox 1158 821 1191 882; x_wconf 86' lang='lat' dir='ltr'><strong>in</strong></span> 
     </span>
     <span class='ocr_line' id='line_1_6' title="bbox 113 899 1192 986; baseline 0.001 -24"><span class='ocrx_word' id='word_1_43' title='bbox 113 921 181 986; x_wconf 88' lang='lat' dir='ltr'><strong>cup.</strong></span> <span class='ocrx_word' id='word_1_44' title='bbox 200 900 270 964; x_wconf 80' lang='lat' dir='ltr'><strong>ilde</strong></span> <span class='ocrx_word' id='word_1_45' title='bbox 289 899 408 964; x_wconf 77' lang='lat' dir='ltr'><strong>Obseru</strong></span> <span class='ocrx_word' id='word_1_46' title='bbox 423 902 524 986; x_wconf 83' lang='lat' dir='ltr'><strong>jejun.</strong></span> <span class='ocrx_word' id='word_1_47' title='bbox 546 923 642 964; x_wconf 83' lang='lat' dir='ltr'><strong>eume</strong></span> <span class='ocrx_word' id='word_1_48' title='bbox 665 903 832 966; x_wconf 86' lang='lat' dir='ltr'><strong>Braoarensi</strong></span> <span class='ocrx_word' id='word_1_49' title='bbox 851 903 939 982; x_wconf 91' lang='lat' dir='ltr'><strong>epise.</strong></span> <span class='ocrx_word' id='word_1_50' title='bbox 961 903 999 964; x_wconf 91' lang='lat' dir='ltr'><strong>de</strong></span> <span class='ocrx_word' id='word_1_51' title='bbox 1019 904 1136 966; x_wconf 85' lang='lat' dir='ltr'><strong>sabbati</strong></span> <span class='ocrx_word' id='word_1_52' title='bbox 1150 903 1192 982; x_wconf 90' lang='lat' dir='ltr'><strong>je·</strong></span> 
     </span>
     <span class='ocr_line' id='line_1_7' title="bbox 110 981 1190 1068; baseline 0.001 -24"><span class='ocrx_word' id='word_1_53' title='bbox 110 985 198 1062; x_wconf 89' lang='lat' dir='ltr'><strong>junio</strong></span> <span class='ocrx_word' id='word_1_54' title='bbox 212 987 407 1065; x_wconf 74' lang='lat' dir='ltr'><strong>iuterrogatus</strong></span> <span class='ocrx_word' id='word_1_55' title='bbox 422 985 539 1061; x_wconf 86' lang='lat' dir='ltr'><strong>luisset,</strong></span> <span class='ocrx_word' id='word_1_56' title='bbox 558 985 724 1063; x_wconf 86' lang='lat' dir='ltr'><strong>respondit,</strong></span> <span class='ocrx_word' id='word_1_57' title='bbox 750 981 831 1068; x_wconf 84' lang='lat' dir='ltr'><strong>quod</strong></span> <span class='ocrx_word' id='word_1_58' title='bbox 847 1003 938 1067; x_wconf 83' lang='lat' dir='ltr'><strong>super</strong></span> <span class='ocrx_word' id='word_1_59' title='bbox 964 983 1016 1047; x_wconf 81' lang='lat' dir='ltr'><strong>ltoc</strong></span> <span class='ocrx_word' id='word_1_60' title='bbox 1033 993 1190 1048; x_wconf 79' lang='lat' dir='ltr'><strong>eonsuetu-</strong></span> 
     </span>
     <span class='ocr_line' id='line_1_8' title="bbox 113 1065 1189 1149; baseline 0.001 -23"><span class='ocrx_word' id='word_1_61' title='bbox 113 1066 215 1128; x_wconf 82' lang='lat' dir='ltr'><strong>dinem</strong></span> <span class='ocrx_word' id='word_1_62' title='bbox 233 1075 290 1129; x_wconf 82' lang='lat' dir='ltr'><strong>tuae</strong></span> <span class='ocrx_word' id='word_1_63' title='bbox 310 1067 438 1149; x_wconf 77' lang='lat' dir='ltr'><strong>repiom&#39;s</strong></span> <span class='ocrx_word' id='word_1_64' title='bbox 451 1065 551 1149; x_wconf 79' lang='lat' dir='ltr'><strong>fusius</strong></span> <span class='ocrx_word' id='word_1_65' title='bbox 573 1065 733 1129; x_wconf 55' lang='lat' dir='ltr'><strong>werneri.</strong></span> <span class='ocrx_word' id='word_1_66' title='bbox 758 1068 833 1128; x_wconf 86' lang='lat' dir='ltr'><strong>ltine</strong></span> <span class='ocrx_word' id='word_1_67' title='bbox 852 1070 1016 1130; x_wconf 87' lang='lat' dir='ltr'><strong>eommunis</strong></span> <span class='ocrx_word' id='word_1_68' title='bbox 1036 1069 1189 1129; x_wconf 83' lang='lat' dir='ltr'><strong>doctorum</strong></span> 
     </span>
     <span class='ocr_line' id='line_1_9' title="bbox 113 1149 1189 1228; baseline 0 -18"><span class='ocrx_word' id='word_1_69' title='bbox 113 1149 215 1228; x_wconf 93' lang='lat' dir='ltr'><strong>opinio</strong></span> <span class='ocrx_word' id='word_1_70' title='bbox 235 1157 293 1220; x_wconf 81' lang='lat' dir='ltr'><strong>ast,</strong></span> <span class='ocrx_word' id='word_1_71' title='bbox 313 1149 401 1210; x_wconf 87' lang='lat' dir='ltr'><strong>liuere</strong></span> <span class='ocrx_word' id='word_1_72' title='bbox 415 1149 464 1210; x_wconf 93' lang='lat' dir='ltr'><strong>die</strong></span> <span class='ocrx_word' id='word_1_73' title='bbox 478 1149 595 1212; x_wconf 87' lang='lat' dir='ltr'><strong>Sabbati</strong></span> <span class='ocrx_word' id='word_1_74' title='bbox 622 1169 723 1212; x_wconf 85' lang='lat' dir='ltr'><strong>earnes</strong></span> <span class='ocrx_word' id='word_1_75' title='bbox 739 1149 905 1226; x_wconf 87' lang='lat' dir='ltr'><strong>eomedere‚</strong></span> <span class='ocrx_word' id='word_1_76' title='bbox 930 1149 981 1210; x_wconf 91' lang='lat' dir='ltr'><strong>ubi</strong></span> <span class='ocrx_word' id='word_1_77' title='bbox 1000 1169 1101 1210; x_wconf 88' lang='lat' dir='ltr'><strong>earum</strong></span> <span class='ocrx_word' id='word_1_78' title='bbox 1123 1167 1189 1210; x_wconf 90' lang='lat' dir='ltr'><strong>esus</strong></span> 
     </span>
     <span class='ocr_line' id='line_1_10' title="bbox 113 1231 1191 1309; baseline 0.002 -19"><span class='ocrx_word' id='word_1_79' title='bbox 113 1251 129 1290; x_wconf 91' lang='lat' dir='ltr'><strong>a</strong></span> <span class='ocrx_word' id='word_1_80' title='bbox 150 1239 268 1309; x_wconf 76' lang='lat' dir='ltr'><strong>resepta</strong></span> <span class='ocrx_word' id='word_1_81' title='bbox 287 1231 498 1292; x_wconf 82' lang='lat' dir='ltr'><strong>consuetudine</strong></span> <span class='ocrx_word' id='word_1_82' title='bbox 515 1250 573 1292; x_wconf 92' lang='lat' dir='ltr'><strong>nun</strong></span> <span class='ocrx_word' id='word_1_83' title='bbox 589 1241 634 1292; x_wconf 87' lang='lat' dir='ltr'><strong>est</strong></span> <span class='ocrx_word' id='word_1_84' title='bbox 647 1232 831 1294; x_wconf 77' lang='lat' dir='ltr'><strong>interdictus.</strong></span> <span class='ocrx_word' id='word_1_85' title='bbox 853 1233 977 1294; x_wconf 87' lang='lat' dir='ltr'><strong>Consule</strong></span> <span class='ocrx_word' id='word_1_86' title='bbox 1000 1233 1130 1295; x_wconf 87' lang='lat' dir='ltr'><strong>Glossam</strong></span> <span class='ocrx_word' id='word_1_87' title='bbox 1157 1231 1191 1292; x_wconf 84' lang='lat' dir='ltr'><strong>iu</strong></span> 
     </span>
     <span class='ocr_line' id='line_1_11' title="bbox 112 1311 1187 1395; baseline -0.002 -21"><span class='ocrx_word' id='word_1_88' title='bbox 112 1313 164 1374; x_wconf 84' lang='lat' dir='ltr'><strong>cil.</strong></span> <span class='ocrx_word' id='word_1_89' title='bbox 193 1331 259 1374; x_wconf 85' lang='lat' dir='ltr'><strong>eurr.</strong></span> <span class='ocrx_word' id='word_1_90' title='bbox 281 1315 316 1374; x_wconf 80' lang='grc'><strong>51</strong></span> <span class='ocrx_word' id='word_1_91' title='bbox 324 1337 337 1390; x_wconf 87' lang='grc'><strong>,·</strong></span> <span class='ocrx_word' id='word_1_92' title='bbox 360 1317 391 1375; x_wconf 89' lang='lat' dir='ltr'><strong>S.</strong></span> <span class='ocrx_word' id='word_1_93' title='bbox 407 1313 547 1374; x_wconf 79' lang='lat' dir='ltr'><strong>Antonin.</strong></span> <span class='ocrx_word' id='word_1_94' title='bbox 569 1313 603 1374; x_wconf 82' lang='lat' dir='ltr'><strong>iu</strong></span> <span class='ocrx_word' id='word_1_95' title='bbox 619 1333 729 1376; x_wconf 82' lang='lat' dir='ltr'><strong>summ.</strong></span> <span class='ocrx_word' id='word_1_96' title='bbox 748 1311 834 1374; x_wconf 78' lang='lat' dir='ltr'><strong>tlteol.</strong></span> <span class='ocrx_word' id='word_1_97' title='bbox 860 1333 930 1395; x_wconf 88' lang='lat' dir='ltr'><strong>pur.</strong></span> <span class='ocrx_word' id='word_1_98' title='bbox 952 1316 966 1374; x_wconf 88' lang='lat' dir='ltr'><strong>l</strong></span> <span class='ocrx_word' id='word_1_99' title='bbox 988 1313 1033 1374; x_wconf 87' lang='lat' dir='ltr'><strong>tit.</strong></span> <span class='ocrx_word' id='word_1_100' title='bbox 1061 1315 1098 1375; x_wconf 83' lang='grc'><strong>16</strong></span> <span class='ocrx_word' id='word_1_101' title='bbox 1119 1331 1187 1395; x_wconf 85' lang='lat' dir='ltr'><strong>cup.</strong></span> 
     </span>
    </p>
   </div>
   <div class='ocr_carea' id='block_1_3' title="bbox 112 1393 1188 1559">
    <p class='ocr_par' dir='ltr' id='par_1_3' title="bbox 112 1393 1188 1559">
     <span class='ocr_line' id='line_1_12' title="bbox 112 1393 1188 1540; baseline 0.001 -86"><span class='ocrx_word' id='word_1_102' title='bbox 112 1395 216 1472; x_wconf 85' lang='lat' dir='ltr'><strong>unie.,·</strong></span> <span class='ocrx_word' id='word_1_103' title='bbox 235 1399 363 1476; x_wconf 76' lang='lat' dir='ltr'><strong>Fagnau.</strong></span> <span class='ocrx_word' id='word_1_104' title='bbox 380 1395 412 1456; x_wconf 83' lang='lat' dir='ltr'><strong>iu</strong></span> <span class='ocrx_word' id='word_1_105' title='bbox 430 1395 480 1456; x_wconf 85' lang='lat' dir='ltr'><strong>cit.</strong></span> <span class='ocrx_word' id='word_1_106' title='bbox 502 1413 570 1540; x_wconf 75' lang='lat' dir='ltr'><strong>cup.</strong></span> <span class='ocrx_word' id='word_1_107' title='bbox 592 1398 611 1456; x_wconf 69' lang='lat'><strong>2</strong></span> <span class='ocrx_word' id='word_1_108' title='bbox 630 1415 715 1458; x_wconf 86' lang='lat' dir='ltr'><strong>num.</strong></span> <span class='ocrx_word' id='word_1_109' title='bbox 740 1397 904 1480; x_wconf 74' lang='lat' dir='ltr'><strong>testrep.</strong></span> <span class='ocrx_word' id='word_1_110' title='bbox 930 1393 965 1457; x_wconf 85' lang='lat' dir='ltr'><strong>de</strong></span> <span class='ocrx_word' id='word_1_111' title='bbox 987 1394 1048 1458; x_wconf 82' lang='lat' dir='ltr'><strong>obs.</strong></span> <span class='ocrx_word' id='word_1_112' title='bbox 1068 1393 1188 1478; x_wconf 73' lang='lat' dir='ltr'><strong>jejun,-</strong></span> 
     </span>
     <span class='ocr_line' id='line_1_13' title="bbox 113 1475 760 1559; baseline 0 -21"><span class='ocrx_word' id='word_1_113' title='bbox 113 1477 240 1559; x_wconf 76' lang='lat' dir='ltr'><strong>Pirhing</strong></span> <span class='ocrx_word' id='word_1_114' title='bbox 253 1480 312 1548; x_wconf 69' lang='lat' dir='ltr'><strong>lua</strong></span> <span class='ocrx_word' id='word_1_115' title='bbox 326 1475 392 1540; x_wconf 81' lang='lat' dir='ltr'><strong>eorl.</strong></span> <span class='ocrx_word' id='word_1_116' title='bbox 410 1477 456 1540; x_wconf 87' lang='lat' dir='ltr'><strong>tit.</strong></span> <span class='ocrx_word' id='word_1_117' title='bbox 473 1481 513 1540; x_wconf 83' lang='grc'><strong>16</strong></span> <span class='ocrx_word' id='word_1_118' title='bbox 542 1476 580 1540; x_wconf 77' lang='lat' dir='ltr'><strong>ab.</strong></span> <span class='ocrx_word' id='word_1_119' title='bbox 597 1481 712 1540; x_wconf 69' lang='lat' dir='ltr'><strong>dnum.</strong></span> <span class='ocrx_word' id='word_1_120' title='bbox 730 1479 760 1539; x_wconf 75' lang='lat'><strong>2.</strong></span> 
     </span>
    </p>
   </div>
   <div class='ocr_carea' id='block_1_4' title="bbox 110 1657 1190 2642">
    <p class='ocr_par' dir='ltr' id='par_1_4' title="bbox 110 1657 1190 2642">
     <span class='ocr_line' id='line_1_14' title="bbox 161 1657 1187 1759; baseline -0.001 -31"><span class='ocrx_word' id='word_1_121' title='bbox 161 1657 193 1758; x_wconf 81' lang='lat'><strong>§.</strong></span> <span class='ocrx_word' id='word_1_122' title='bbox 235 1658 293 1730; x_wconf 81' lang='lat' dir='ltr'><strong>lv.</strong></span> <span class='ocrx_word' id='word_1_123' title='bbox 332 1658 482 1744; x_wconf 89' lang='lat' dir='ltr'><strong>Quatuor</strong></span> <span class='ocrx_word' id='word_1_124' title='bbox 508 1677 695 1758; x_wconf 87' lang='lat' dir='ltr'><strong>temporum</strong></span> <span class='ocrx_word' id='word_1_125' title='bbox 721 1661 846 1759; x_wconf 88' lang='lat' dir='ltr'><strong>jejunia</strong></span> <span class='ocrx_word' id='word_1_126' title='bbox 877 1661 970 1730; x_wconf 92' lang='lat' dir='ltr'><strong>initio</strong></span> <span class='ocrx_word' id='word_1_127' title='bbox 992 1657 1187 1754; x_wconf 79' lang='lat' dir='ltr'><strong>Quadrage-</strong></span> 
     </span>
     <span class='ocr_line' id='line_1_15' title="bbox 110 1755 1187 1856; baseline -0.002 -28"><span class='ocrx_word' id='word_1_128' title='bbox 110 1759 220 1846; x_wconf 86' lang='lat' dir='ltr'><strong>sirnae,</strong></span> <span class='ocrx_word' id='word_1_129' title='bbox 261 1773 334 1854; x_wconf 91' lang='lat' dir='ltr'><strong>post</strong></span> <span class='ocrx_word' id='word_1_130' title='bbox 372 1757 606 1848; x_wconf 75' lang='lat' dir='ltr'>Pentecosten,</span> <span class='ocrx_word' id='word_1_131' title='bbox 649 1785 687 1830; x_wconf 87' lang='lat' dir='ltr'><strong>ao</strong></span> <span class='ocrx_word' id='word_1_132' title='bbox 730 1757 894 1829; x_wconf 89' lang='lat' dir='ltr'><strong>mensibus</strong></span> <span class='ocrx_word' id='word_1_133' title='bbox 934 1755 1109 1856; x_wconf 82' lang='lat' dir='ltr'><strong>septembri</strong></span> <span class='ocrx_word' id='word_1_134' title='bbox 1153 1771 1187 1828; x_wconf 90' lang='lat' dir='ltr'><strong>et</strong></span> 
     </span>
     <span class='ocr_line' id='line_1_16' title="bbox 111 1854 1187 1954; baseline -0.002 -28"><span class='ocrx_word' id='word_1_135' title='bbox 111 1854 292 1946; x_wconf 77' lang='lat' dir='ltr'><strong>decembri,</strong></span> <span class='ocrx_word' id='word_1_136' title='bbox 320 1873 434 1954; x_wconf 87' lang='lat' dir='ltr'><strong>quarta</strong></span> <span class='ocrx_word' id='word_1_137' title='bbox 467 1883 504 1928; x_wconf 90' lang='lat' dir='ltr'><strong>ao</strong></span> <span class='ocrx_word' id='word_1_138' title='bbox 532 1874 618 1928; x_wconf 84' lang='lat' dir='ltr'><strong>serta</strong></span> <span class='ocrx_word' id='word_1_139' title='bbox 654 1857 755 1944; x_wconf 80' lang='lat' dir='ltr'><strong>feria,</strong></span> <span class='ocrx_word' id='word_1_140' title='bbox 788 1872 821 1926; x_wconf 85' lang='lat' dir='ltr'><strong>et</strong></span> <span class='ocrx_word' id='word_1_141' title='bbox 856 1855 1006 1928; x_wconf 86' lang='lat' dir='ltr'><strong>Sabbato</strong></span> <span class='ocrx_word' id='word_1_142' title='bbox 1043 1870 1187 1954; x_wconf 88' lang='lat' dir='ltr'><strong>quotan-</strong></span> 
     </span>
     <span class='ocr_line' id='line_1_17' title="bbox 111 1953 1187 2054; baseline -0.002 -30"><span class='ocrx_word' id='word_1_143' title='bbox 111 1956 163 2024; x_wconf 91' lang='lat' dir='ltr'><strong>nis</strong></span> <span class='ocrx_word' id='word_1_144' title='bbox 196 1953 401 2026; x_wconf 82' lang='lat' dir='ltr'><strong>celebrantur</strong></span> <span class='ocrx_word' id='word_1_145' title='bbox 427 1953 493 2052; x_wconf 88' lang='lat' dir='ltr'><strong>(l).</strong></span> <span class='ocrx_word' id='word_1_146' title='bbox 534 1953 692 2054; x_wconf 80' lang='lat' dir='ltr'><strong>Exemplo</strong></span> <span class='ocrx_word' id='word_1_147' title='bbox 735 1953 946 2042; x_wconf 87' lang='lat' dir='ltr'><strong>Judaeorum,</strong></span> <span class='ocrx_word' id='word_1_148' title='bbox 976 1955 1033 2050; x_wconf 92' lang='lat' dir='ltr'><strong>qui</strong></span> <span class='ocrx_word' id='word_1_149' title='bbox 1070 1969 1187 2050; x_wconf 81' lang='lat' dir='ltr'><strong>quater</strong></span> 
     </span>
     <span class='ocr_line' id='line_1_18' title="bbox 111 2052 1188 2218; baseline 0.001 -97"><span class='ocrx_word' id='word_1_150' title='bbox 111 2054 149 2122; x_wconf 93' lang='lat' dir='ltr'><strong>in</strong></span> <span class='ocrx_word' id='word_1_151' title='bbox 178 2078 264 2124; x_wconf 87' lang='lat' dir='ltr'><strong>anno</strong></span> <span class='ocrx_word' id='word_1_152' title='bbox 295 2053 511 2151; x_wconf 69' lang='lat' dir='ltr'><strong>jejunabant,</strong></span> <span class='ocrx_word' id='word_1_153' title='bbox 544 2070 684 2152; x_wconf 89' lang='lat' dir='ltr'><strong>quatuor</strong></span> <span class='ocrx_word' id='word_1_154' title='bbox 724 2069 913 2150; x_wconf 89' lang='lat' dir='ltr'><strong>temporum</strong></span> <span class='ocrx_word' id='word_1_155' title='bbox 944 2052 1070 2218; x_wconf 50' lang='lat' dir='ltr'><strong>iillum</strong></span> <span class='ocrx_word' id='word_1_156' title='bbox 1102 2077 1188 2122; x_wconf 89' lang='lat' dir='ltr'><strong>reoe-</strong></span> 
     </span>
     <span class='ocr_line' id='line_1_19' title="bbox 113 2149 1188 2249; baseline -0.002 -29"><span class='ocrx_word' id='word_1_157' title='bbox 113 2151 163 2246; x_wconf 89' lang='lat' dir='ltr'><strong>pit</strong></span> <span class='ocrx_word' id='word_1_158' title='bbox 192 2149 341 2239; x_wconf 89' lang='lat' dir='ltr'><strong>eoolesia,</strong></span> <span class='ocrx_word' id='word_1_159' title='bbox 373 2175 447 2248; x_wconf 85' lang='lat' dir='ltr'><strong>quae</strong></span> <span class='ocrx_word' id='word_1_160' title='bbox 470 2154 541 2249; x_wconf 89' lang='lat' dir='ltr'><strong>jam</strong></span> <span class='ocrx_word' id='word_1_161' title='bbox 573 2176 645 2224; x_wconf 80' lang='lat' dir='ltr'><strong>saec.</strong></span> <span class='ocrx_word' id='word_1_162' title='bbox 679 2151 708 2222; x_wconf 90' lang='lat' dir='ltr'>V</span> <span class='ocrx_word' id='word_1_163' title='bbox 745 2149 938 2223; x_wconf 85' lang='lat' dir='ltr'><strong>obtinebant</strong></span> <span class='ocrx_word' id='word_1_164' title='bbox 965 2153 980 2246; x_wconf 89' lang='lat'>(</span> <span class='ocrx_word' id='word_1_165' title='bbox 1010 2152 1041 2243; x_wconf 80' lang='lat'><strong>);</strong></span> <span class='ocrx_word' id='word_1_166' title='bbox 1075 2175 1188 2246; x_wconf 82' lang='lat' dir='ltr'><strong>quana·</strong></span> 
     </span>
     <span class='ocr_line' id='line_1_20' title="bbox 112 2245 1189 2348; baseline -0.002 -28"><span class='ocrx_word' id='word_1_167' title='bbox 112 2275 211 2346; x_wconf 89' lang='lat' dir='ltr'><strong>quam</strong></span> <span class='ocrx_word' id='word_1_168' title='bbox 244 2276 313 2321; x_wconf 93' lang='lat' dir='ltr'><strong>non</strong></span> <span class='ocrx_word' id='word_1_169' title='bbox 339 2249 472 2348; x_wconf 87' lang='lat' dir='ltr'><strong>judaico</strong></span> <span class='ocrx_word' id='word_1_170' title='bbox 510 2251 596 2340; x_wconf 91' lang='lat' dir='ltr'><strong>ritu,</strong></span> <span class='ocrx_word' id='word_1_171' title='bbox 628 2248 685 2321; x_wconf 87' lang='lat' dir='ltr'><strong>sed</strong></span> <span class='ocrx_word' id='word_1_172' title='bbox 722 2248 897 2320; x_wconf 85' lang='lat' dir='ltr'><strong>christiano</strong></span> <span class='ocrx_word' id='word_1_173' title='bbox 925 2251 1034 2319; x_wconf 81' lang='lat' dir='ltr'><strong>animo</strong></span> <span class='ocrx_word' id='word_1_174' title='bbox 1075 2245 1189 2319; x_wconf 87' lang='lat' dir='ltr'><strong>obser·</strong></span> 
     </span>
     <span class='ocr_line' id='line_1_21' title="bbox 113 2345 1189 2448; baseline -0.002 -32"><span class='ocrx_word' id='word_1_175' title='bbox 113 2363 267 2418; x_wconf 80' lang='lat' dir='ltr'><strong>narentur</strong></span> <span class='ocrx_word' id='word_1_176' title='bbox 290 2347 360 2446; x_wconf 82' lang='lat'>(5).</span> <span class='ocrx_word' id='word_1_177' title='bbox 396 2347 523 2434; x_wconf 84' lang='lat' dir='ltr'><strong>Quibus</strong></span> <span class='ocrx_word' id='word_1_178' title='bbox 542 2349 677 2448; x_wconf 88' lang='lat' dir='ltr'><strong>jejuniis</strong></span> <span class='ocrx_word' id='word_1_179' title='bbox 703 2345 737 2418; x_wconf 90' lang='lat' dir='ltr'><strong>id</strong></span> <span class='ocrx_word' id='word_1_180' title='bbox 777 2347 837 2418; x_wconf 89' lang='lat' dir='ltr'><strong>sibi</strong></span> <span class='ocrx_word' id='word_1_181' title='bbox 863 2345 934 2417; x_wconf 88' lang='lat' dir='ltr'><strong>rult</strong></span> <span class='ocrx_word' id='word_1_182' title='bbox 960 2345 1117 2434; x_wconf 84' lang='lat' dir='ltr'><strong>ecclesis,</strong></span> <span class='ocrx_word' id='word_1_183' title='bbox 1151 2360 1189 2414; x_wconf 92' lang='lat' dir='ltr'><strong>ut</strong></span> 
     </span>
     <span class='ocr_line' id='line_1_22' title="bbox 112 2442 1190 2544; baseline -0.004 -28"><span class='ocrx_word' id='word_1_184' title='bbox 112 2469 175 2541; x_wconf 90' lang='lat' dir='ltr'><strong>pro</strong></span> <span class='ocrx_word' id='word_1_185' title='bbox 208 2449 344 2544; x_wconf 88' lang='lat' dir='ltr'><strong>auoeptis</strong></span> <span class='ocrx_word' id='word_1_186' title='bbox 379 2445 545 2518; x_wconf 89' lang='lat' dir='ltr'><strong>benefieiis</strong></span> <span class='ocrx_word' id='word_1_187' title='bbox 586 2448 653 2518; x_wconf 88' lang='lat' dir='ltr'><strong>Deo</strong></span> <span class='ocrx_word' id='word_1_188' title='bbox 678 2447 795 2544; x_wconf 79' lang='lat' dir='ltr'><strong>gratias</strong></span> <span class='ocrx_word' id='word_1_189' title='bbox 833 2470 983 2541; x_wconf 75' lang='lat' dir='ltr'><strong>agamus,</strong></span> <span class='ocrx_word' id='word_1_190' title='bbox 1031 2461 1068 2515; x_wconf 91' lang='lat' dir='ltr'><strong>ut</strong></span> <span class='ocrx_word' id='word_1_191' title='bbox 1111 2442 1190 2513; x_wconf 89' lang='lat' dir='ltr'><strong>diri·</strong></span> 
     </span>
     <span class='ocr_line' id='line_1_23' title="bbox 113 2539 1188 2642; baseline -0.001 -29"><span class='ocrx_word' id='word_1_192' title='bbox 113 2569 191 2616; x_wconf 88' lang='lat' dir='ltr'><strong>nam</strong></span> <span class='ocrx_word' id='word_1_193' title='bbox 230 2570 328 2642; x_wconf 89' lang='lat' dir='ltr'><strong>opem</strong></span> <span class='ocrx_word' id='word_1_194' title='bbox 365 2569 534 2616; x_wconf 86' lang='lat' dir='ltr'><strong>exoremus</strong></span> <span class='ocrx_word' id='word_1_195' title='bbox 578 2560 676 2642; x_wconf 90' lang='lat' dir='ltr'><strong>atque</strong></span> <span class='ocrx_word' id='word_1_196' title='bbox 708 2544 758 2614; x_wconf 90' lang='lat' dir='ltr'><strong>his</strong></span> <span class='ocrx_word' id='word_1_197' title='bbox 794 2545 997 2640; x_wconf 84' lang='lat' dir='ltr'><strong>poenitentiae</strong></span> <span class='ocrx_word' id='word_1_198' title='bbox 1036 2539 1188 2639; x_wconf 89' lang='lat' dir='ltr'><strong>operibns</strong></span> 
     </span>
    </p>
   </div>
   <div class='ocr_carea' id='block_1_5' title="bbox 112 2637 1188 3034">
    <p class='ocr_par' dir='ltr' id='par_1_5' title="bbox 112 2637 1188 3034">
     <span class='ocr_line' id='line_1_24' title="bbox 113 2637 1188 2742; baseline -0.002 -30"><span class='ocrx_word' id='word_1_199' title='bbox 113 2657 224 2714; x_wconf 86' lang='lat' dir='ltr'><strong>nostra</strong></span> <span class='ocrx_word' id='word_1_200' title='bbox 262 2644 398 2714; x_wconf 87' lang='lat' dir='ltr'><strong>crimina</strong></span> <span class='ocrx_word' id='word_1_201' title='bbox 441 2645 633 2742; x_wconf 76' lang='lat' dir='ltr'><strong>expientur,</strong></span> <span class='ocrx_word' id='word_1_202' title='bbox 672 2657 710 2714; x_wconf 88' lang='lat' dir='ltr'><strong>ut</strong></span> <span class='ocrx_word' id='word_1_203' title='bbox 758 2641 902 2740; x_wconf 90' lang='lat' dir='ltr'><strong>denique</strong></span> <span class='ocrx_word' id='word_1_204' title='bbox 940 2641 1042 2714; x_wconf 92' lang='lat' dir='ltr'><strong>bonos</strong></span> <span class='ocrx_word' id='word_1_205' title='bbox 1081 2637 1188 2710; x_wconf 87' lang='lat' dir='ltr'><strong>altaris</strong></span> 
     </span>
     <span class='ocr_line' id='line_1_25' title="bbox 113 2737 1186 2839; baseline -0.002 -29"><span class='ocrx_word' id='word_1_206' title='bbox 113 2742 277 2810; x_wconf 86' lang='lat' dir='ltr'><strong>ministros</strong></span> <span class='ocrx_word' id='word_1_207' title='bbox 309 2739 463 2811; x_wconf 87' lang='lat' dir='ltr'><strong>divinitus</strong></span> <span class='ocrx_word' id='word_1_208' title='bbox 493 2743 718 2839; x_wconf 84' lang='lat' dir='ltr'><strong>impetremus.</strong></span> <span class='ocrx_word' id='word_1_209' title='bbox 766 2739 853 2814; x_wconf 89' lang='lat' dir='ltr'><strong>Nam</strong></span> <span class='ocrx_word' id='word_1_210' title='bbox 879 2741 932 2812; x_wconf 90' lang='lat' dir='ltr'><strong>hia</strong></span> <span class='ocrx_word' id='word_1_211' title='bbox 960 2737 1186 2836; x_wconf 87' lang='lat' dir='ltr'><strong>temporibus,</strong></span> 
     </span>
     <span class='ocr_line' id='line_1_26' title="bbox 112 2834 1188 2934; baseline -0.002 -27"><span class='ocrx_word' id='word_1_212' title='bbox 112 2841 161 2908; x_wconf 89' lang='lat' dir='ltr'><strong>uti</strong></span> <span class='ocrx_word' id='word_1_213' title='bbox 190 2839 347 2934; x_wconf 87' lang='lat' dir='ltr'><strong>superiori</strong></span> <span class='ocrx_word' id='word_1_214' title='bbox 371 2837 456 2910; x_wconf 91' lang='lat' dir='ltr'><strong>libro</strong></span> <span class='ocrx_word' id='word_1_215' title='bbox 495 2838 755 2912; x_wconf 87' lang='lat' dir='ltr'><strong>demonstratum</strong></span> <span class='ocrx_word' id='word_1_216' title='bbox 783 2855 853 2932; x_wconf 87' lang='lat' dir='ltr'><strong>est,</strong></span> <span class='ocrx_word' id='word_1_217' title='bbox 892 2835 1053 2912; x_wconf 86' lang='lat' dir='ltr'><strong>solemnes</strong></span> <span class='ocrx_word' id='word_1_218' title='bbox 1090 2834 1188 2910; x_wconf 82' lang='lat' dir='ltr'><strong>cleri·</strong></span> 
     </span>
     <span class='ocr_line' id='line_1_27' title="bbox 115 2935 719 3034; baseline 0 -26"><span class='ocrx_word' id='word_1_219' title='bbox 115 2961 229 3009; x_wconf 79' lang='lat' dir='ltr'><strong>corum</strong></span> <span class='ocrx_word' id='word_1_220' title='bbox 255 2935 474 3009; x_wconf 86' lang='lat' dir='ltr'><strong>ordinationes</strong></span> <span class='ocrx_word' id='word_1_221' title='bbox 502 2953 719 3034; x_wconf 81' lang='lat' dir='ltr'><strong>peraguntur.</strong></span> 
     </span>
    </p>
   </div>
   <div class='ocr_carea' id='block_1_6' title="bbox 112 3123 1190 4110">
    <p class='ocr_par' dir='ltr' id='par_1_6' title="bbox 112 3123 1190 4110">
     <span class='ocr_line' id='line_1_28' title="bbox 153 3123 1189 3206; baseline 0 -20"><span class='ocrx_word' id='word_1_222' title='bbox 153 3123 196 3206; x_wconf 90' lang='grc'><strong>(1)</strong></span> <span class='ocrx_word' id='word_1_223' title='bbox 217 3125 321 3188; x_wconf 83' lang='lat' dir='ltr'><strong>Trium</strong></span> <span class='ocrx_word' id='word_1_224' title='bbox 338 3133 504 3205; x_wconf 84' lang='lat' dir='ltr'><strong>temporum</strong></span> <span class='ocrx_word' id='word_1_225' title='bbox 518 3125 629 3204; x_wconf 86' lang='lat' dir='ltr'><strong>jejunia</strong></span> <span class='ocrx_word' id='word_1_226' title='bbox 646 3125 684 3186; x_wconf 89' lang='lat' dir='ltr'><strong>ab</strong></span> <span class='ocrx_word' id='word_1_227' title='bbox 701 3125 838 3204; x_wconf 87' lang='lat' dir='ltr'><strong>apostolis</strong></span> <span class='ocrx_word' id='word_1_228' title='bbox 855 3124 989 3186; x_wconf 88' lang='lat' dir='ltr'><strong>instituta</strong></span> <span class='ocrx_word' id='word_1_229' title='bbox 1004 3125 1106 3200; x_wconf 81' lang='lat' dir='ltr'><strong>luisse,</strong></span> <span class='ocrx_word' id='word_1_230' title='bbox 1121 3124 1189 3186; x_wconf 84' lang='lat' dir='ltr'><strong>cat-</strong></span> 
     </span>
     <span class='ocr_line' id='line_1_29' title="bbox 112 3206 1188 3286; baseline -0.002 -18"><span class='ocrx_word' id='word_1_231' title='bbox 112 3207 215 3268; x_wconf 89' lang='lat' dir='ltr'><strong>listum</strong></span> <span class='ocrx_word' id='word_1_232' title='bbox 227 3214 324 3268; x_wconf 85' lang='lat' dir='ltr'><strong>autern</strong></span> <span class='ocrx_word' id='word_1_233' title='bbox 339 3226 415 3268; x_wconf 88' lang='lat' dir='ltr'><strong>sum.</strong></span> <span class='ocrx_word' id='word_1_234' title='bbox 430 3211 515 3269; x_wconf 86' lang='lat' dir='ltr'><strong>Pont.</strong></span> <span class='ocrx_word' id='word_1_235' title='bbox 531 3207 679 3268; x_wconf 89' lang='lat' dir='ltr'><strong>addidisse</strong></span> <span class='ocrx_word' id='word_1_236' title='bbox 691 3207 836 3286; x_wconf 87' lang='lat' dir='ltr'><strong>jejunium</strong></span> <span class='ocrx_word' id='word_1_237' title='bbox 854 3206 1033 3284; x_wconf 86' lang='lat' dir='ltr'><strong>deoembris,</strong></span> <span class='ocrx_word' id='word_1_238' title='bbox 1047 3207 1188 3286; x_wconf 83' lang='lat' dir='ltr'><strong>seriptum</strong></span> 
     </span>
     <span class='ocr_line' id='line_1_30' title="bbox 113 3287 1189 3371; baseline -0.004 -19"><span class='ocrx_word' id='word_1_239' title='bbox 113 3297 158 3352; x_wconf 84' lang='lat' dir='ltr'><strong>est</strong></span> <span class='ocrx_word' id='word_1_240' title='bbox 175 3288 207 3350; x_wconf 83' lang='lat' dir='ltr'><strong>in</strong></span> <span class='ocrx_word' id='word_1_241' title='bbox 221 3307 267 3371; x_wconf 85' lang='lat' dir='ltr'><strong>ep.</strong></span> <span class='ocrx_word' id='word_1_242' title='bbox 287 3291 300 3351; x_wconf 94' lang='grc'>1</span> <span class='ocrx_word' id='word_1_243' title='bbox 315 3290 405 3368; x_wconf 85' lang='lat' dir='ltr'><strong>ipsius</strong></span> <span class='ocrx_word' id='word_1_244' title='bbox 418 3289 546 3366; x_wconf 77' lang='lat' dir='ltr'><strong>Callisti3</strong></span> <span class='ocrx_word' id='word_1_245' title='bbox 564 3307 668 3350; x_wconf 85' lang='lat' dir='ltr'><strong>verum</strong></span> <span class='ocrx_word' id='word_1_246' title='bbox 682 3287 745 3350; x_wconf 82' lang='lat' dir='ltr'><strong>hare</strong></span> <span class='ocrx_word' id='word_1_247' title='bbox 766 3290 886 3368; x_wconf 85' lang='lat' dir='ltr'><strong>epistola</strong></span> <span class='ocrx_word' id='word_1_248' title='bbox 901 3289 1005 3351; x_wconf 88' lang='lat' dir='ltr'><strong>lsidori</strong></span> <span class='ocrx_word' id='word_1_249' title='bbox 1020 3290 1189 3352; x_wconf 68' lang='lat' dir='ltr'><strong>mereatoris</strong></span> 
     </span>
     <span class='ocr_line' id='line_1_31' title="bbox 112 3369 1190 3452; baseline -0.002 -20"><span class='ocrx_word' id='word_1_250' title='bbox 112 3370 288 3452; x_wconf 76' lang='lat' dir='ltr'><strong>figmentum</strong></span> <span class='ocrx_word' id='word_1_251' title='bbox 299 3379 353 3432; x_wconf 80' lang='lat' dir='ltr'><strong>est.</strong></span> <span class='ocrx_word' id='word_1_252' title='bbox 367 3371 412 3434; x_wconf 79' lang='lat' dir='ltr'><strong>Ab</strong></span> <span class='ocrx_word' id='word_1_253' title='bbox 426 3379 519 3450; x_wconf 89' lang='lat' dir='ltr'><strong>apost.</strong></span> <span class='ocrx_word' id='word_1_254' title='bbox 534 3371 694 3432; x_wconf 87' lang='lat' dir='ltr'><strong>traditione</strong></span> <span class='ocrx_word' id='word_1_255' title='bbox 711 3369 829 3432; x_wconf 85' lang='lat' dir='ltr'><strong>initium</strong></span> <span class='ocrx_word' id='word_1_256' title='bbox 843 3389 960 3433; x_wconf 87' lang='lat' dir='ltr'><strong>sumere</strong></span> <span class='ocrx_word' id='word_1_257' title='bbox 976 3371 1032 3432; x_wconf 87' lang='lat' dir='ltr'><strong>hoe</strong></span> <span class='ocrx_word' id='word_1_258' title='bbox 1044 3371 1190 3452; x_wconf 85' lang='lat' dir='ltr'><strong>jejunium</strong></span> 
     </span>
     <span class='ocr_line' id='line_1_32' title="bbox 113 3451 1187 3538; baseline 0.001 -26"><span class='ocrx_word' id='word_1_259' title='bbox 113 3453 236 3514; x_wconf 89' lang='lat' dir='ltr'><strong>tradunt</strong></span> <span class='ocrx_word' id='word_1_260' title='bbox 253 3457 358 3516; x_wconf 84' lang='lat' dir='ltr'><strong>Boron.</strong></span> <span class='ocrx_word' id='word_1_261' title='bbox 376 3451 417 3514; x_wconf 86' lang='lat' dir='ltr'><strong>od</strong></span> <span class='ocrx_word' id='word_1_262' title='bbox 435 3473 487 3514; x_wconf 85' lang='lat' dir='ltr'><strong>un.</strong></span> <span class='ocrx_word' id='word_1_263' title='bbox 510 3455 547 3515; x_wconf 80' lang='lat' dir='ltr'><strong>tt</strong></span> <span class='ocrx_word' id='word_1_264' title='bbox 562 3473 647 3516; x_wconf 84' lang='lat' dir='ltr'><strong>num.</strong></span> <span class='ocrx_word' id='word_1_265' title='bbox 664 3455 723 3516; x_wconf 73' lang='grc'><strong>109</strong></span> <span class='ocrx_word' id='word_1_266' title='bbox 739 3461 810 3515; x_wconf 85' lang='lat' dir='ltr'><strong>tom.</strong></span> <span class='ocrx_word' id='word_1_267' title='bbox 828 3457 842 3514; x_wconf 96' lang='grc'>1</span> <span class='ocrx_word' id='word_1_268' title='bbox 858 3471 932 3538; x_wconf 83' lang='lat' dir='ltr'><strong>pop.</strong></span> <span class='ocrx_word' id='word_1_269' title='bbox 947 3455 1008 3514; x_wconf 82' lang='grc'><strong>188</strong></span> <span class='ocrx_word' id='word_1_270' title='bbox 1023 3451 1070 3514; x_wconf 83' lang='lat' dir='ltr'><strong>ed.</strong></span> <span class='ocrx_word' id='word_1_271' title='bbox 1085 3453 1187 3527; x_wconf 79' lang='lat' dir='ltr'><strong>Luce,</strong></span> 
     </span>
     <span class='ocr_line' id='line_1_33' title="bbox 113 3533 1188 3618; baseline -0.002 -23"><span class='ocrx_word' id='word_1_272' title='bbox 113 3545 144 3595; x_wconf 89' lang='lat' dir='ltr'><strong>et</strong></span> <span class='ocrx_word' id='word_1_273' title='bbox 157 3533 363 3598; x_wconf 72' lang='lat' dir='ltr'><strong>Thomass.‘de</strong></span> <span class='ocrx_word' id='word_1_274' title='bbox 377 3535 481 3618; x_wconf 80' lang='lat' dir='ltr'><strong>lejun.</strong></span> <span class='ocrx_word' id='word_1_275' title='bbox 500 3555 570 3618; x_wconf 87' lang='lat' dir='ltr'><strong>pur.</strong></span> <span class='ocrx_word' id='word_1_276' title='bbox 589 3539 603 3597; x_wconf 95' lang='grc'>1</span> <span class='ocrx_word' id='word_1_277' title='bbox 627 3555 694 3618; x_wconf 84' lang='lat' dir='ltr'><strong>cup.</strong></span> <span class='ocrx_word' id='word_1_278' title='bbox 714 3539 750 3598; x_wconf 63' lang='lat' dir='ltr'><strong>ll</strong></span> <span class='ocrx_word' id='word_1_279' title='bbox 774 3554 807 3595; x_wconf 83' lang='lat' dir='ltr'><strong>n.</strong></span> <span class='ocrx_word' id='word_1_280' title='bbox 824 3538 854 3598; x_wconf 87' lang='lat'><strong>7.</strong></span> <span class='ocrx_word' id='word_1_281' title='bbox 878 3539 952 3598; x_wconf 86' lang='lat' dir='ltr'><strong>Cum</strong></span> <span class='ocrx_word' id='word_1_282' title='bbox 972 3535 1079 3596; x_wconf 89' lang='lat' dir='ltr'><strong>deinde</strong></span> <span class='ocrx_word' id='word_1_283' title='bbox 1093 3533 1188 3611; x_wconf 90' lang='lat' dir='ltr'><strong>aliqua</strong></span> 
     </span>
     <span class='ocr_line' id='line_1_34' title="bbox 113 3615 1188 3696; baseline -0.001 -19"><span class='ocrx_word' id='word_1_284' title='bbox 113 3635 150 3677; x_wconf 84' lang='lat' dir='ltr'><strong>ex</strong></span> <span class='ocrx_word' id='word_1_285' title='bbox 171 3625 254 3696; x_wconf 88' lang='lat' dir='ltr'><strong>parte</strong></span> <span class='ocrx_word' id='word_1_286' title='bbox 267 3626 350 3677; x_wconf 86' lang='lat' dir='ltr'><strong>retus</strong></span> <span class='ocrx_word' id='word_1_287' title='bbox 368 3617 520 3696; x_wconf 82' lang='lat' dir='ltr'><strong>disciplina</strong></span> <span class='ocrx_word' id='word_1_288' title='bbox 542 3619 695 3680; x_wconf 86' lang='lat' dir='ltr'><strong>immutata</strong></span> <span class='ocrx_word' id='word_1_289' title='bbox 723 3626 815 3692; x_wconf 88' lang='lat' dir='ltr'><strong>esset,</strong></span> <span class='ocrx_word' id='word_1_290' title='bbox 839 3625 869 3678; x_wconf 85' lang='lat' dir='ltr'><strong>et</strong></span> <span class='ocrx_word' id='word_1_291' title='bbox 893 3618 1042 3679; x_wconf 74' lang='lat' dir='ltr'><strong>nonnulle</strong></span> <span class='ocrx_word' id='word_1_292' title='bbox 1061 3615 1188 3676; x_wconf 81' lang='lat' dir='ltr'><strong>eeolesioe</strong></span> 
     </span>
     <span class='ocr_line' id='line_1_35' title="bbox 116 3696 1188 3778; baseline -0.004 -18"><span class='ocrx_word' id='word_1_293' title='bbox 116 3717 243 3760; x_wconf 78' lang='lat' dir='ltr'><strong>vernum</strong></span> <span class='ocrx_word' id='word_1_294' title='bbox 260 3699 406 3778; x_wconf 86' lang='lat' dir='ltr'><strong>jejunium</strong></span> <span class='ocrx_word' id='word_1_295' title='bbox 429 3718 530 3762; x_wconf 88' lang='lat' dir='ltr'><strong>mense</strong></span> <span class='ocrx_word' id='word_1_296' title='bbox 551 3701 671 3776; x_wconf 85' lang='lat' dir='ltr'><strong>llnrtio,</strong></span> <span class='ocrx_word' id='word_1_297' title='bbox 696 3699 830 3763; x_wconf 67' lang='lat' dir='ltr'><strong>mtivum</strong></span> <span class='ocrx_word' id='word_1_298' title='bbox 848 3717 918 3762; x_wconf 87' lang='lat' dir='ltr'><strong>reru</strong></span> <span class='ocrx_word' id='word_1_299' title='bbox 936 3701 968 3760; x_wconf 93' lang='lat' dir='ltr'><strong>in</strong></span> <span class='ocrx_word' id='word_1_300' title='bbox 989 3696 1188 3774; x_wconf 87' lang='lat' dir='ltr'><strong>hebdomade,</strong></span> 
     </span>
     <span class='ocr_line' id='line_1_36' title="bbox 113 3779 1188 3862; baseline -0.004 -20"><span class='ocrx_word' id='word_1_301' title='bbox 113 3801 180 3860; x_wconf 81' lang='lat' dir='ltr'><strong>quoe</strong></span> <span class='ocrx_word' id='word_1_302' title='bbox 192 3789 257 3860; x_wconf 87' lang='lat' dir='ltr'><strong>post</strong></span> <span class='ocrx_word' id='word_1_303' title='bbox 272 3781 377 3842; x_wconf 77' lang='lat' dir='ltr'><strong>festum</strong></span> <span class='ocrx_word' id='word_1_304' title='bbox 394 3785 577 3844; x_wconf 86' lang='lat' dir='ltr'><strong>Pentooostes</strong></span> <span class='ocrx_word' id='word_1_305' title='bbox 589 3784 739 3862; x_wconf 84' lang='lat' dir='ltr'><strong>sequitur,</strong></span> <span class='ocrx_word' id='word_1_306' title='bbox 753 3783 880 3861; x_wconf 85' lang='lat' dir='ltr'><strong>quodam</strong></span> <span class='ocrx_word' id='word_1_307' title='bbox 897 3799 981 3844; x_wconf 89' lang='lat' dir='ltr'><strong>more</strong></span> <span class='ocrx_word' id='word_1_308' title='bbox 992 3779 1188 3855; x_wconf 82' lang='lat' dir='ltr'><strong>celebrarent,</strong></span> 
     </span>
     <span class='ocr_line' id='line_1_37' title="bbox 113 3861 1190 3944; baseline -0.004 -20"><span class='ocrx_word' id='word_1_309' title='bbox 113 3867 144 3924; x_wconf 92' lang='lat' dir='ltr'><strong>S.</strong></span> <span class='ocrx_word' id='word_1_310' title='bbox 161 3865 250 3944; x_wconf 76' lang='lat' dir='ltr'><strong>Greg.</strong></span> <span class='ocrx_word' id='word_1_311' title='bbox 272 3867 326 3926; x_wconf 93' lang='lat' dir='ltr'><strong>Vll</strong></span> <span class='ocrx_word' id='word_1_312' title='bbox 343 3863 578 3944; x_wconf 71' lang='lat' dir='ltr'><strong>Quadrupesimre</strong></span> <span class='ocrx_word' id='word_1_313' title='bbox 592 3865 677 3926; x_wconf 92' lang='lat' dir='ltr'><strong>initio</strong></span> <span class='ocrx_word' id='word_1_314' title='bbox 695 3865 823 3943; x_wconf 90' lang='lat' dir='ltr'><strong>primum</strong></span> <span class='ocrx_word' id='word_1_315' title='bbox 841 3864 987 3944; x_wconf 86' lang='lat' dir='ltr'><strong>jejunium</strong></span> <span class='ocrx_word' id='word_1_316' title='bbox 1011 3861 1091 3938; x_wconf 89' lang='lat' dir='ltr'><strong>lieri,</strong></span> <span class='ocrx_word' id='word_1_317' title='bbox 1116 3861 1190 3922; x_wconf 81' lang='lat' dir='ltr'><strong>alte-</strong></span> 
     </span>
     <span class='ocr_line' id='line_1_38' title="bbox 113 3941 1189 4026; baseline -0.002 -22"><span class='ocrx_word' id='word_1_318' title='bbox 113 3964 183 4005; x_wconf 90' lang='lat' dir='ltr'><strong>rum</strong></span> <span class='ocrx_word' id='word_1_319' title='bbox 208 3946 238 4005; x_wconf 94' lang='lat' dir='ltr'><strong>in</strong></span> <span class='ocrx_word' id='word_1_320' title='bbox 259 3943 443 4006; x_wconf 81' lang='lat' dir='ltr'><strong>hebdomade</strong></span> <span class='ocrx_word' id='word_1_321' title='bbox 462 3950 657 4022; x_wconf 80' lang='lat' dir='ltr'><strong>Pentecostes,</strong></span> <span class='ocrx_word' id='word_1_322' title='bbox 683 3953 822 4026; x_wconf 85' lang='lat' dir='ltr'><strong>perpetua</strong></span> <span class='ocrx_word' id='word_1_323' title='bbox 839 3946 903 4026; x_wconf 76' lang='lat' dir='ltr'><strong>lege</strong></span> <span class='ocrx_word' id='word_1_324' title='bbox 924 3945 1083 4005; x_wconf 83' lang='lat' dir='ltr'><strong>constituit.</strong></span> <span class='ocrx_word' id='word_1_325' title='bbox 1104 3941 1189 4020; x_wconf 82' lang='lat' dir='ltr'><strong>Quod</strong></span> 
     </span>
     <span class='ocr_line' id='line_1_39' title="bbox 113 4021 1187 4110; baseline -0.002 -22"><span class='ocrx_word' id='word_1_326' title='bbox 113 4035 258 4090; x_wconf 89' lang='lat' dir='ltr'><strong>memorat</strong></span> <span class='ocrx_word' id='word_1_327' title='bbox 275 4027 448 4109; x_wconf 77' lang='lat' dir='ltr'><strong>llierologus</strong></span> <span class='ocrx_word' id='word_1_328' title='bbox 468 4029 592 4108; x_wconf 80' lang='lat' dir='ltr'><strong>scriptor</strong></span> <span class='ocrx_word' id='word_1_329' title='bbox 610 4029 751 4110; x_wconf 78' lang='lat' dir='ltr'><strong>Gregorio</strong></span> <span class='ocrx_word' id='word_1_330' title='bbox 768 4045 890 4108; x_wconf 88' lang='lat' dir='ltr'><strong>suppar,</strong></span> <span class='ocrx_word' id='word_1_331' title='bbox 907 4025 943 4087; x_wconf 87' lang='lat' dir='ltr'><strong>de</strong></span> <span class='ocrx_word' id='word_1_332' title='bbox 961 4021 1060 4088; x_wconf 71' lang='lat' dir='ltr'><strong>eules.</strong></span> <span class='ocrx_word' id='word_1_333' title='bbox 1075 4023 1187 4090; x_wconf 69' lang='lat' dir='ltr'><strong>obtem</strong></span> 
     </span>
    </p>
   </div>
   <div class='ocr_carea' id='block_1_7' title="bbox 0 0 1579 5188">
    <p class='ocr_par' dir='ltr' id='par_1_7' title="bbox 0 0 1579 5188">
     <span class='ocr_line' id='line_1_40' title="bbox 0 0 1579 5188; baseline 0 0"><span class='ocrx_word' id='word_1_334' title='bbox 0 0 1579 5188; x_wconf 95' lang='lat' dir='ltr'><strong> </strong></span> 
     </span>
    </p>
   </div>
  </div>
 </body>
</html>
