3100 5182
595 407 813 478 ’-187-

211 551 244 654 ς.
271 551 365 623 XLI.
394 551 534 646 iilajorcs
544 567 655 624 tamen
675 579 779 627 causae
794 553 1230 653 criminalesepiscoporum,

161 655 196 722 in
228 649 348 750 quibus
388 649 431 721 de
465 675 579 722 eorum
611 641 810 750 depositione
847 649 1041 747 agitur,·ad
1064 650 1233 750 ¹judicium
1364 693 1399 718 .-

159 751 330 846 pertinent
353 749 492 820 Romani
518 747 684 841 Pontificis
713 749 787 846 (i),
813 753 952 822 minores
981 747 1020 820 ad
1058 749 1232 822 concilium

161 845 361 944 provinciale
392 845 458 944 (ἢ).
490 844 580 916 Olim
613 847 830 945 metropolite
858 847 994 918 lustrare
1016 849 1113 918 etiarn
1142 863 1233 944 pote·

161 962 238 1016 rant
266 945 419 1016 dioeceses
452 943 727 1040 suffraganeorum
760 971 892 1018 suorum
929 945 1004 1042 (ὅ),
1039 971 1129 1016 nuno
1165 969 1232 1016 non
1398 1021 1402 1030 ,

162 1060 320 1140 possunt,
356 1045 418 1112 nisi
444 1069 542 1113 causa·
568 1046 603 1113 in
641 1043 829 1140 provinciali
871 1043 996 1142 synodo
1033 1044 1160 1138 cognita
1199 1057 1233 1113 et
1262 1131 1266 1138 Ι
1369 1035 1411 1114 .’,’
1515 1073 1518 1080 ·

161 1141 300 1238 probata
317 1143 359 1210 sit
379 1141 448 1236 (1).
478 1141 588 1238 Atque
610 1140 684 1213 brec
708 1141 842 1240 quidem
871 1144 978 1213 omnia
1001 1144 1167 1236 pertinent
1190 1139 1232 1210 ed

163 1239 394 1336 praeiecturam
431 1252 466 1308 et
486 1241 699 1310 eminentiora
717 1241 814 1339 jura,
844 1263 918 1337 quae
942 1265 1039 1335 supra
1067 1241 1233 1336 episcopos

162 1339 278 1408 insunt
308 1340 345 1406 in
372 1335 560 1432 patriarchis
589 1352 623 1408 et
647 1337 873 1434 metropolitis.
900 1335 983 1408 Nam
1011 1339 1080 1432 ipae
1111 1335 1234 1406 babent
1367 1392 1372 1402 .
1430 1349 1460 1416 ·;’
1496 1413 1501 1424 ,

165 1439 265 1504 etiam
291 1437 326 1504 in
363 1435 492 1506 dioecesi
517 1461 573 1506 sua
604 1439 679 1548 jura
716 1437 928 1532 episcopalia,
954 1458 1028 1531 qum
1064 1434 1124 1506 sibi
1158 1459 1234 1506 oum
1352 1517 1357 1529 ‚
1403 1431 1408 1442 ’

168 1531 302 1628 reliquis
312 1535 467 1630 episcopis
480 1559 665 1606 communia
680 1550 769 1606 sunt.

215 1776 257 1858 (l)
278 1780 363 1838 Vetus
381 1785 441 1854 est,
460 1775 511 1840 scd
526 1779 587 1858 jam
609 1799 626 1840 u
647 1779 748 1842 multis
765 1779 880 1860 explosa
900 1787 988 1857 atque
1011 1779 1101 1858 ejecta
1125 1777 1235 1851 calum·

171 1860 234 1935 nia,
249 1860 326 1938 qnod
341 1861 419 1921 lulsae
432 1861 590 1923 decretales
605 1863 708 1924 isidori
721 1861 844 1940 majores
855 1861 1019 1922 criminales
1034 1861 1235 1940 episcoporum

167 1959 269 2001 causas
288 1944 411 2004 Romani
435 1941 583 2005 Pontificis
603 1943 714 2022 judicio
731 1944 922 2006 servaverint.
947 1947 1014 2004 linc
1031 1941 1174 2004 cantilena
1193 1949 1237 2002 est

166 2023 391 2100 hereticorum,
416 2033 504 2104 atquc
525 2043 627 2086 eorum
650 2026 798 2099 omnium,
821 2043 947 2106 quorum
964 2026 996 2085 in
1020 2023 1119 2086 sedem
1143 2025 1237 2102 dpo'a-

165 2107 286 2166 tolicam
310 2107 426 2188 insigne
446 2107 548 2168 odium
570 2115 629 2184 est,
652 2107 709 2168 boo
728 2107 812 2168 nobis
834 2115 941 2186 proter
961 2113 1072 2168 ceteros
1095 2105 1238 2184 objiciunt

166 2187 331 2249 Febronius
345 2197 375 2248 ct
389 2187 541 2268 Eybeiiua‚
557 2197 586 2250 et
600 2188 655 2250 boo
668 2191 739 2250 item
753 2188 987 2251 institutionibus
1003 2207 1062 2249 non
1083 2187 1184 2247 multis
1199 2185 1236 2246 ab

168 2269 244 2330 binc
255 2271 337 2330 annis
351 2267 439 2330 editis
454 2271 629 2333 cavallarius
639 2289 710 2352 per.
728 2275 742 2333 1
761 2289 828 2354 cap.
849 2272 868 2332 8
885 2269 912 2352 §.
932 2273 963 2332 l.
981 2269 1039 2333 Sed
1059 2287 1125 2348 qun
1145 2267 1237 2348 magis

166 2350 276 2432 frigida
286 2359 316 2411 et
325 2351 426 2431 jejuna
440 2353 582 2414 calumnia
595 2353 751 2434 excogitari
762 2360 875 2432 potest:
892 2371 958 2415 cum
975 2351 1238 2431 exploratissimum

165 2434 223 2508 sit,
246 2432 339 2511 idque
359 2435 448 2494 ctiam
465 2435 590 2496 fateatur
610 2435 793 2512 Blandeilus,
819 2434 907 2496 bomo
927 2433 1063 2496 videlicet
1080 2451 1098 2492 c
1115 2449 1238 2510 numero

168 2515 394 2594 hereticorum,
408 2516 581 2578 isidorianas
595 2517 753 2578 decretales
766 2517 881 2578 nullum
893 2533 1001 2578 novum
1008 2515 1058 2594 jus
1072 2513 1236 2588 induxisse,

169 2597 224 2658 scd
234 2615 337 2658 omnes
348 2615 410 2658 esse
421 2607 569 2678 excerptas
577 2617 613 2660 ex
624 2601 776 2660 sententiis
788 2607 954 2660 sanctorum
968 2601 1099 2674 Petrum,
1114 2614 1151 2656 ex
1161 2595 1239 2656 veris

169 2697 355 2740 summorum
368 2680 543 2758 Pontificum
561 2689 626 2760 post
640 2681 777 2742 siricium
790 2679 1062 2754 constitutionibus,
1080 2675 1239 2738 canonibus

169 2762 379 2836 conciliorum,
401 2764 540 2823 Romanis
561 2763 688 2844 legibus,
711 2769 742 2824 et
766 2761 948 2841 disciplinam
974 2757 1237 2838 comprehendere,

169 2843 311 2922 quaejam
325 2843 496 2904 obtinebat?
508 2847 620 2906 Revera
636 2845 760 2924 maj0res
781 2861 888 2921 cause,
907 2862 973 2924 que
984 2842 1022 2902 ad
1039 2842 1240 2920 episcoporum

169 2925 370 2986 accusationes
387 2927 550 3004 pertinent,
566 2926 628 3005 jam
647 2935 715 2987 antc
733 2925 878 2988 isidorum
895 2932 1015 2986 servatae
1034 2931 1118 2986 erant
1130 2921 1240 3001 judicio

169 3007 251 3068 sedis
271 3007 459 3086 Apostolum,
481 3010 545 3068 sine
562 3008 644 3087 cujus
660 3026 802 3070 consensu
820 3007 938 3070 deliniri
956 3025 1015 3068 non
1029 3011 1179 3085 poterant,
1196 3003 1240 3064 uti

170 3095 287 3150 constat
305 3089 336 3148 in
355 3091 458 3168 primis
476 3109 512 3152 ex
530 3093 561 3152 S.
580 3093 675 3154 leone
691 3089 776 3172 epist.
801 3091 820 3152 6
841 3109 868 3152 c.
890 3092 908 3152 b
927 3085 981 3151 coi.
1002 3091 1076 3166 601,
1096 3089 1181 3170 epist.
1201 3085 1239 3146 15

169 3167 230 3232 coi.
253 3171 325 3247 678,
342 3179 371 3231 et
389 3189 435 3254 ep.
462 3175 499 3233 11
517 3168 572 3233 col.
590 3173 649 3233 688
668 3179 737 3234 tum.
758 3173 774 3232 1
797 3191 866 3255 opp.
889 3169 960 3232 adit.
977 3168 1241 3249 Balleriu.,·atque

170 3271 211 3314 cx
230 3255 261 3314 S.
286 3255 310 3314 G
364 3255 426 3314 orio
448 3253 534 3335 epist.
557 3255 575 3313 7
598 3261 627 3315 et
647 3255 686 3314 56
706 3250 754 3314 10.
777 3255 795 3314 5
813 3251 868 3315 ccl.
892 3256 952 3316 680
972 3259 999 3312 ct
1021 3255 1095 3330 660,
1118 3251 1203 3334 epist.
1222 3250 1240 3310 5

170 3336 217 3396 24
235 3341 264 3394 at
279 3335 318 3394 68
348 3333 387 3395 sb.
408 3337 427 3396 6
448 3333 503 3396 cci.
526 3335 596 3414 971,
618 3337 688 3412 800,
712 3335 772 3394 888
788 3343 857 3396 tom.
877 3339 907 3413 6,
927 3331 998 3398 edit.
1021 3336 1159 3398 Macrin.
1180 3333 1242 3392 Pu·

169 3416 231 3478 ris.
258 3417 353 3493 1706,
379 3425 409 3478 et
429 3416 486 3476 'am
504 3425 573 3478 ante
592 3419 725 3480 Zosimus
741 3417 826 3513 epist.
843 3419 858 3478 1
879 3415 919 3479 nd
942 3416 1032 3498 episc.
1060 3415 1140 3479 dati.
1164 3412 1242 3492 apud

170 3498 378 3561 Consortium
392 3517 425 3560 cc
440 3541 448 3558 .
465 3501 539 3576 988,
555 3501 703 3580 graviores
715 3515 918 3578 episcoporum
932 3517 1030 3560 musas
1043 3499 1150 3560 summi
1165 3499 1243 3557 Pon·

170 3579 265 3640 tilicis
280 3579 392 3659 judicio
412 3589 538 3642 servatas
563 3581 774 3654 declaraverat,
800 3599 867 3642 cum
891 3581 1051 3642 scriberet:
1080 3579 1129 3643 Ad
1154 3575 1243 3670 cujus

169 3661 315 3755 (Patrocli
339 3662 518 3760 Arelatensis
539 3664 639 3724 vicarii
666 3661 825 3758 apostolici)
850 3663 1005 3758 notitiam,
1031 3663 1059 3758 ⁸?
1081 3657 1155 3744 quid
1178 3655 1241 3718 tilia

169 3741 1242 3922 inimiicittittttdtzitittltitdtt

171 3907 244 3966 simi
266 3906 520 3970 cornmouitorvum
541 3908 619 3988 apud
635 3908 771 3970 eumdem
795 3909 995 3970 coustantium
1019 3923 1074 3966 co.
1095 3905 1169 3980 981,
1189 3901 1240 3963 ubi

172 3987 356 4050 describitur
372 3989 549 4053 sardicensia
563 4009 655 4053 canon
672 3991 709 4052 dc
728 3989 968 4070 appellationibus
983 3987 1020 4050 ad
1034 3987 1133 4050 sedem
1147 3989 1240 4065 Apos-
