3140 5168
782 459 827 474 -υ
856 416 1005 488 550-

359 567 603 648 impedimentum
624 567 779 642 inducere3
803 566 856 628 sed
880 585 941 628 non
962 567 1003 628 ita
1019 565 1202 646 exploratum
1219 565 1358 628 omnibus
1373 573 1430 642 eet,

359 669 431 712 num
453 650 532 711 idem
555 651 800 728 impedimentum
822 650 935 710 oriatur
957 650 1045 710 etiam
1072 667 1109 710 ex
1130 657 1217 728 raptu
1239 647 1431 718 seductionis,

359 741 394 792 ut
418 741 538 808 vocant,
554 751 621 793 eum
645 731 754 793 scilicet
778 731 885 792 mulier
901 731 969 792 dolo
990 739 1041 792 aut
1060 730 1205 792 illecebris
1229 731 1351 810 decepta
1374 741 1430 792 est.

360 811 516 882 Affirmant
530 815 714 894 Tournelyus
728 809 815 896 prol.
833 809 920 875 theol.
937 812 972 874 dc
991 815 1076 874 Scor.
1095 821 1187 874 nmtr.
1205 831 1258 896 qu.
1278 815 1297 872 8
1316 821 1378 873 ort.
1396 815 1433 888 1,·

359 895 451 960 Colict
469 900 548 958 inst.
566 894 689 978 theolop.
705 903 775 956 torn.
797 899 815 955 9
838 903 878 956 tr.
902 894 938 957 de
953 895 1089 957 Mutrim.
1108 913 1175 978 cop.
1191 893 1251 976 'i§.
1275 897 1308 972 2,
1327 903 1358 955 et
1382 895 1433 954 alii

359 979 523 1055 presertim
537 997 574 1040 ex
587 979 696 1060 gallicis
710 977 919 1056 scriptoribus3
939 978 991 1039 sed
1011 977 1060 1038 alii
1076 985 1176 1038 tamen
1192 987 1315 1057 negant,
1331 975 1435 1037 91199-

358 1075 427 1120 rum
438 1061 606 1140 opinionem
616 1059 937 1132 mmmonioremrocat
954 1059 1090 1124 Giraldus
1107 1076 1208 1142 expos.
1225 1063 1297 1121 Jur.
1313 1057 1432 1140 Pontis.

359 1160 428 1223 par.
445 1147 460 1204 1
477 1152 546 1205 sect.
564 1145 625 1204 810
634 1162 705 1226 pop.
723 1143 794 1203 668.
809 1143 886 1204 tttud
898 1142 1132 1203 animadvertere
1149 1149 1280 1221 oportet,
1295 1149 1432 1222 raptum,

359 1225 410 1302 qui
425 1232 555 1303 patratus
568 1233 628 1296 991,
647 1243 707 1286 non
723 1233 838 1285 tantum
856 1225 1072 1301 consentiente,
1092 1223 1146 1285 sed
1161 1224 1249 1284 etiam
1267 1224 1435 1303 postulante

360 1307 541 1368 etsundente
552 1307 664 1387 puelia,
682 1306 892 1386 impedimento
907 1325 966 1366 non
982 1325 1063 1381 esse,
1079 1307 1237 1385 quominus
1251 1314 1353 1384 raptor
1365 1323 1434 1366 cum

361 1405 395 1448 ea
407 1389 561 1450 contrahat
573 1390 809 1464 matrimonium,
825 1389 910 1450 sicuti
924 1407 942 1449 a
956 1391 1018 1449 Sac.
1035 1393 1143 1470 congr.
1160 1406 1243 1448 eone.
1259 1405 1434 1466 responsum

359 1469 450 1532 fuisse
461 1477 585 1533 testatur
597 1471 732 1536 Giraldus
742 1467 796 1532 loc.
811 1470 875 1549 cit,
888 1477 916 1532 ct
922 1490 993 1554 por.
1006 1472 1105 1532 29991.
1123 1473 1264 1553 195999.
1277 1471 1351 1531 999.

409 1651 440 1752 §.
480 1651 627 1724 CXLVI.
666 1653 796 1750 Turpes
837 1669 872 1725 et
909 1653 1031 1752 iniquae
1067 1651 1272 1724 conditiones
1312 1653 1436 1724 iaciunt

362 1753 491 1823 irritum
535 1753 800 1840 matrimonium,
841 1750 941 1824 modo
969 1754 1039 1850 ejus
1077 1750 1166 1823 bono
1206 1749 1432 1823 adversentur.

362 1849 411 1922 lta
436 1853 461 1922 si
493 1851 565 1945 quis
590 1848 695 1920 nubat
722 1848 847 1948 adjecta
869 1850 961 1945 lege,
991 1867 1029 1920 ut
1048 1848 1166 1920 mulier
1188 1876 1284 1920 suurn
1318 1876 1437 1948 corpus

362 1951 397 2019 in
429 1962 592 2045 quaeotum
620 1946 784 2039 conferat,
810 1964 849 2018 ut
874 1964 1006 2046 partum
1038 1948 1164 2042 abigat,
1200 1965 1239 2016 ut
1259 1951 1437 2020 manime·

363 2047 457 2116 nium
495 2045 707 2136 dissolretur,
753 2045 876 2118 iaciunt
911 2046 963 2116 hm
1004 2045 1225 2132 conditiones,
1268 2064 1307 2118 ut
1346 2045 1438 2116 nulla

363 2145 410 2214 vis
435 2145 634 2214 matrimonii
657 2145 699 2212 sit
727 2143 794 2241 (i).
822 2143 947 2216 Ceterae
972 2143 1194 2234 conditiones,
1220 2143 1298 2216 licet
1324 2161 1436 2240 turpes

363 2257 398 2312 et
426 2243 547 2339 iniquae
577 2244 663 2330 sint,
694 2241 793 2312 modo
822 2269 897 2312 cum
920 2245 1120 2314 matrimonii
1155 2241 1244 2314 bono
1271 2268 1339 2314 non
1373 2268 1435 2338 pu·

364 2355 485 2434 guent,
509 2337 597 2411 haud
618 2339 701 2410 illud
732 2343 866 2430 vitiant,
895 2340 953 2412 sed
983 2343 1091 2436 potius
1125 2342 1136 2409 i
1161 2365 1204 2412 sae
1226 2343 1378 2412 vitiantur
1395 2365 1434 2409 99

364 2437 607 2535 despiciuntur,
625 2439 715 2536 quasi
740 2437 874 2537 adjectae
895 2464 962 2511 non
980 2439 1102 2509 fuerint
1120 2367 1186 2536 (g).

406 2633 448 2717 111
470 2635 542 2716 Cap.
557 2637 576 2696 7
591 2634 627 2697 de
643 2633 761 2699 Condit.
777 2636 904 2720 oppetit.
922 2635 964 2720 (2)
986 2638 1059 2720 Cap.
1072 2639 1087 2699 t
1100 2635 1165 2698 cod.

413 2815 446 2916 §.
481 2815 645 2889 CXLVII.
681 2814 832 2914 Denique
863 2819 992 2888 irritum
1019 2835 1070 2889 est
1095 2819 1344 2888 matrimonium
1372 2843 1439 2891 non

365 2931 568 2988 contractum
596 2919 637 2985 in
664 2915 759 3010 focio
795 2918 964 3004 99919999,
992 2916 1083 3013 quod
1112 2913 1358 2987 clandestinum
1393 2917 1439 2986 di·

365 3017 462 3086 citur.
513 3011 708 3110 Hujusmodi
752 3017 959 3086 matrimonia
1002 3017 1098 3085 etiam
1148 3029 1225 3084 ante
1273 3013 1438 3114 synodum

367 3113 462 3184 Trid.
505 3110 673 3208 prohibuit
704 3109 855 3201 ecelesia,
885 3137 962 3210 quae
999 3137 1127 3210 semper
1154 3114 1260 3207 exegit
1298 3137 1439 3210 presen-

367 3215 446 3282 tiam
490 3207 622 3308 parochi
659 3235 695 3280 99
731 3215 882 3300 testium,
911 3209 968 3280 sed
1000 3237 1037 3282 99
1081 3209 1215 3308 pridem
1247 3209 1440 3378 subjiciebat

367 3311 494 3408 poenis,
528 3332 595 3378 non
616 3309 695 3376 item
720 3309 908 3380 infirmabat
934 3307 1004 3404 (1).
1028 3307 1210 3380 Concilium
1239 3309 1299 3378 Tri
1328 3363 1335 3380 .
1365 3336 1441 3380 cum

368 3407 552 3479 adverteret
583 3404 626 3474 ad
660 3403 779 3476 damna
814 3407 1019 3502 gravmsima,
1055 3433 1132 3504 quae
1166 3433 1206 3478 ex
1245 3406 1297 3477 his
1330 3411 1440 3478 matri-

369 3507 488 3579 moniis
519 3503 727 3594 oriebantur,
770 3529 807 3574 99
843 3507 934 3576 irrita
969 3503 1141 3576 declaravit
1186 3503 1261 3601 (2)3
1287 3521 1323 3576 et
1367 3503 1440 3576 ideo

368 3631 458 3675 nunc
485 3603 610 3700 nuptiae
645 3625 713 3672 non
732 3601 862 3692 valent,
892 3604 954 3673 nisi
977 3627 1084 3685 coram
1114 3605 1249 3701 proprio
1276 3603 1439 3699 parocho,

368 3719 426 3772 aut
464 3701 544 3791 9119,
587 3697 636 3770 rel
663 3701 732 3800 ejus
766 3702 908 3798 episcopi
953 3700 1127 3790 mandato,
1171 3699 1360 3791 sacerdote,
1404 3727 1441 3771 ae

370 3798 498 3871 duobus
529 3797 672 3870 tribusve
716 3797 851 3869 testibus
886 3797 1100 3870 concilientur
1137 3799 1205 3896 (5).
1240 3795 1339 3884 Quod
1370 3825 1441 3870 non

369 3901 512 3992 pertinet
545 3895 586 3966 ad
619 3921 672 3970 999
706 3899 874 3991 regiones,
909 3899 944 3966 in
976 3897 1096 3994 quibus
1131 3897 1225 3968 Trid.
1265 3897 1438 3969 eoncssium

371 4011 540 4092 receptum
574 4020 642 4068 uon
682 4011 751 4083 est3
787 4020 863 4066 nam
889 3993 934 4066 tbi
961 3995 1068 4068 adhuc
1101 3994 1209 4067 valent
1241 3995 1440 4068 clandestina
