3122 5178
814 397 863 410 ..
890 356 938 426 52
967 398 1013 410 .-

368 509 503 600 sera'pm
523 515 629 596 elque
646 508 826 574 senentes
844 506 908 576 SS.
934 506 1106 576 Petrum.
1135 505 1316 576 Romanam
1336 505 1442 578 eecle-

368 603 448 670 siam
464 613 602 670 matrem
627 615 661 670 et
678 603 862 696 magistram
882 601 1090 673 ecelesiarum
1111 605 1283 690 omnium,
1307 621 1341 674 et
1357 631 1441 674 sum·
1547 663 1548 666 η

369 723 462 768 mum
487 695 685 768 Pontificem
711 698 854 772 eeclesiae
889 703 1048 772 universae
1077 717 1176 796 eaput
1199 699 1347 772 Christus
1374 703 1440 798 ipse

366 798 547 866 eonstituit.
572 794 684 880 Quare
708 798 735 866 si
759 795 841 892 quid
864 795 906 868 ab
928 823 967 868 eo
994 797 1180 868 decernitur
1211 801 1246 870 in
1266 824 1441 868 commune

367 891 513 982 bonum,
533 891 567 962 id
584 907 754 990 tamquam
770 920 789 963 a
810 893 853 964 D.
872 895 972 966 Petro
994 895 1163 966 decretum
1186 895 1240 990 (1)
1259 895 1439 966 tenendum

367 1015 385 1060 a
402 990 582 1062 christianis
604 1006 666 1081 est,
692 1005 791 1088 atque
810 1016 878 1063 esse
899 991 987 1089 apud
1007 1017 1121 1064 omnes
1142 991 1221 1087 legis
1239 993 1309 1064 loeo
1327 993 1437 1064 debet.
1547 1007 1548 1012 ’

367 1087 532 1159 Feruntur
553 1114 572 1157 a
591 1087 753 1160 Pontifiee
778 1089 865 1184 leges
886 1091 930 1162 oh
956 1115 1132 1161 commune
1152 1090 1279 1162 bonum
1300 1089 1442 1161 ecelesias

367 1185 419 1256 rel
437 1201 521 1258 nutu
538 1188 658 1282 ipsius,
676 1187 728 1259 rel
746 1187 893 1259 adhibito
916 1188 1050 1260 oonsilio
1069 1185 1283 1259 cardinalium
1301 1204 1335 1258 et
1360 1189 1441 1284 epis-

367 1306 547 1378 coporum,
572 1299 629 1354 aut
648 1299 741 1356 motu
765 1288 919 1382 proprio,
942 1302 999 1354 aut
1018 1285 1127 1382 aliquo
1149 1303 1295 1380 rogante.
1319 1284 1441 1368 Quovis

367 1380 467 1452 modo
493 1379 559 1451 lata
585 1384 626 1452 sit
650 1381 823 1454 Pontifieia
849 1380 923 1473 lex,
949 1409 986 1453 ea
1017 1381 1153 1480 parendi
1177 1383 1271 1454 affert
1300 1384 1441 1453 necessi-

369 1492 485 1548 tatem.
1200 1511 1203 1518 ⁴

406 1671 448 1754 (1)
469 1677 619 1751 Frequens
640 1673 715 1732 illud
738 1677 858 1767 Petrum
880 1683 909 1732 et
934 1676 1131 1768 Conciliorum
1148 1685 1207 1750 est,
1233 1675 1312 1770 quod
1337 1677 1441 1736 Petrus

366 1753 1119 1914 littlettoehtzt.lss³⁰ttt.lt.ll¹latai·
1137 1757 1441 1912 {tlttlttstttz

368 1915 443 1976 dixit
457 1915 538 1976 haee:
556 1917 666 1977 Petrus
691 1960 698 1976 .
724 1960 732 1975 .
759 1960 766 1976 .
783 1914 824 1976 ed
840 1915 893 1976 hoe
907 1935 1000 2000 usqtte
1014 1927 1143 1998 tempus,
1158 1925 1186 1978 et
1198 1936 1313 1998 semper
1329 1917 1361 1977 ia
1376 1919 1443 1979 sicis

366 1995 585 2060 successorebus
595 1997 669 2058 vivit
684 2005 713 2058 et
716 1995 872 2080 judicium
883 2007 1005 2060 exercet.
1020 1999 1130 2061 concil.
1152 1999 1332 2078 Ephesinum
1349 2007 1408 2060 oet.
1424 2003 1441 2060 5

368 2075 422 2138 col.
450 2081 544 2157 11111,
566 2087 637 2140 tom.
659 2081 678 2142 5
697 2076 801 2140 conml.
827 2075 939 2140 collect.
959 2077 1081 2158 labbei,
1102 2078 1173 2141 edit.
1198 2083 1297 2142 Venet.
1319 2083 1351 2142 ln
1370 2100 1441 2141 eon-

366 2161 434 2220 eilio
448 2159 691 2237 chalcedonensi,
704 2180 773 2221 eum
786 2161 870 2221 leetae
882 2167 951 2220 sunt
965 2162 1071 2222 littere
1085 2183 1100 2223 a
1118 2165 1148 2224 S.
1167 2167 1262 2223 Leone
1275 2163 1312 2222 ad
1328 2161 1441 2223 Flavia-

366 2261 439 2302 num
451 2242 542 2318 datae,
556 2245 656 2304 Patres
667 2262 769 2303 omnes
781 2261 840 2303 una
853 2261 922 2302 voee
932 2241 1113 2304 clamarunt:
1128 2246 1238 2305 Petrus
1247 2263 1302 2324 per
1314 2244 1442 2304 Leonem

367 2323 412 2383 ito
425 2319 541 2384 locutus
555 2331 612 2400 est,
630 2325 740 2386 concil.
757 2323 1009 2398 chalcedonense,
1025 2333 1084 2386 oet.
1103 2323 1190 2386 hoel.
1207 2325 1299 2400 1256,
1319 2333 1388 2385 tom.
1408 2328 1439 2386 h.

267 2426 269 2434 ’
367 2407 431 2479 Qua
446 2403 548 2463 eadem
566 2405 692 2465 formula
709 2406 754 2464 usi
773 2411 843 2465 sunt
861 2407 950 2466 etiam
976 2409 1016 2467 111
1033 2407 1345 2485 constantinopolitani
1369 2425 1442 2467 eon-

368 2483 426 2544 eilii
439 2485 558 2544 Patres:
573 2486 633 2544 Per
643 2483 827 2566 Apothonem
838 2487 948 2547 Petrus
961 2483 1150 2572 loquebatur,
1164 2496 1222 2549 oet.
1237 2487 1276 2548 18
1290 2484 1344 2548 col.
1360 2489 1442 2548 1090

368 2573 439 2623 tout.
458 2565 499 2624 7.·
524 2567 555 2625 S.
579 2569 719 2642 Prosper,
743 2575 839 2626 contr.
859 2564 977 2645 collat,
1004 2589 1071 2651 cop.
1091 2571 1108 2632 d
1131 2589 1216 2631 aum.
1238 2569 1257 2628 5
1270 2587 1340 2650 paq.
1364 2569 1438 2646 184,

367 2641 438 2705 edit.
459 2645 560 2706 Vener.
576 2647 666 2706 17111.
682 2647 896 2724 sacrosancta,
914 2649 1026 2728 inquit,
1046 2655 1084 2712 B.
1102 2651 1189 2712 Petri
1201 2647 1288 2712 Sedes
1301 2668 1356 2730 per
1368 2651 1442 2713 uni-

367 2743 487 2786 versum
500 2723 598 2787 orhem
616 2729 665 2787 Pa
687 2747 712 2788 oe
725 2727 841 2789 Zosimi
856 2729 900 2790 sie
918 2748 968 2790 ore
981 2729 1124 2816 loquitar.
1142 2737 1307 2806 Postremo,
1324 2749 1362 2791 ne
1375 2752 1442 2794 om-

367 2825 419 2867 nes
434 2807 583 2888 colligam,
600 2746 685 2887 quod
697 2809 818 2890 longum
835 2817 927 2884 esset,
943 2813 974 2873 S.
994 2817 1098 2876 Petrus
1115 2813 1326 2894 chrysologus,
1343 2812 1376 2872 in
1391 2833 1440 2897 ep.

368 2887 410 2954 ad.
418 2886 578 2983 Eutychet.
589 2909 663 2981 pap.
682 2893 735 2966 16,
752 2888 823 2950 edit.
837 2891 966 2971 Auqrrst.
987 2893 1132 2957 Vindelie.
1149 2897 1240 2958 tres.
1258 2899 1297 2956 B.
1315 2895 1438 2972 Petrus,

368 2969 481 3046 inquit,
512 2989 564 3052 qur
591 2989 623 3029 m
644 2969 773 3050 proprio
791 2967 858 3030 aede
877 2970 954 3031 vivit
980 2983 1007 3036 et
1024 2977 1181 3058 praesidet,
1205 2983 1332 3060 prestet
1357 2997 1441 3062 quoe-
1547 2975 1548 2978 ’

370 3047 501 3110 rentibus
512 3049 587 3133 fidei
598 3051 762 3111 veritatem.

416 3198 447 3300 §.
472 3201 616 3274 XXXV.
645 3201 812 3275 Prioribus
837 3205 960 3278 saeeulis
982 3207 1121 3280 Romani
1145 3210 1320 3284 Pontifices
1338 3237 1442 3307 gene-

368 3297 450 3369 rales
468 3299 593 3394 regulas
618 3299 814 3398 plerumque
842 3306 877 3374 in
898 3305 1034 3378 coneilio
1062 3307 1160 3382 edere
1185 3309 1332 3380 solebant
1352 3310 1437 3406 (l):

368 3395 425 3467 sed
448 3421 533 3494 saepe
565 3400 663 3468 etiam
687 3397 803 3470 litteris
838 3401 880 3471 ad
913 3420 1015 3474 eertas
1044 3407 1189 3478 eeclesias
1228 3407 1337 3496 datis,
1363 3432 1441 3504 quae

368 3493 521 3591 deinceps
563 3495 715 3567 omnibus
759 3521 950 3570 communes
990 3501 1116 3574 fiebant
1164 3503 1241 3600 (2),
1287 3505 1441 3574 mandata

366 3591 517 3689 legesque
549 3617 623 3663 suas
653 3595 987 3691 comprehendebant.
1031 3599 1121 3686 Quas
1158 3601 1281 3673 litteras
1311 3627 1441 3698 semper

368 3689 533 3760 christiani
559 3715 673 3763 omnes
698 3717 754 3782 ea,
787 3719 852 3791 qua
887 3721 947 3790 par
974 3714 1042 3788 est,
1077 3703 1256 3772 reverentia
1289 3725 1441 3794 suseepe-
1547 3781 1548 3784 Ἴ

366 3804 464 3878 runt,
494 3803 528 3859 et
556 3814 686 3884 semper
714 3793 812 3860 etiam
841 3797 1002 3886 graviores
1029 3794 1071 3865 de
1098 3795 1166 3868 fide
1201 3824 1238 3868 uo
1270 3795 1440 3892 disciplina

368 3888 598 3960 controversias
616 3885 658 3958 ad
677 3887 839 3986 judicium
855 3889 938 3962 sedis
956 3893 1140 3988 apostolice
1160 3895 1350 3967 detulerunt
1367 3893 1438 3992 (ὅ).
