<?xml version="1.0" encoding="UTF-8"?>
<!DOCTYPE html PUBLIC "-//W3C//DTD XHTML 1.0 Transitional//EN"
    "http://www.w3.org/TR/xhtml1/DTD/xhtml1-transitional.dtd">
<html xmlns="http://www.w3.org/1999/xhtml" xml:lang="en" lang="en">
 <head>
  <title>
</title>
<meta http-equiv="Content-Type" content="text/html;charset=utf-8" />
  <meta name='ocr-system' content='tesseract 3.04.00' />
  <meta name='ocr-capabilities' content='ocr_page ocr_carea ocr_par ocr_line ocrx_word'/>
</head>
<body>
  <div class='ocr_page' id='page_1' title='image "./institutionumca00devogoog_0556.png"; bbox 0 0 3140 5168; ppageno 0'>
   <div class='ocr_carea' id='block_1_1' title="bbox 426 865 833 965">
    <p class='ocr_par' dir='ltr' id='par_1_1' title="bbox 426 865 833 965">
     <span class='ocr_line' id='line_1_1' title="bbox 426 865 833 965; baseline -0.007 0"><span class='ocrx_word' id='word_1_1' title='bbox 426 865 709 965; x_wconf 71' lang='lat' dir='ltr'><strong>&#39;storto</strong></span> <span class='ocrx_word' id='word_1_2' title='bbox 745 875 833 962; x_wconf 80' lang='grc' dir='ltr'><strong>ΧΙ.</strong></span> 
     </span>
    </p>
   </div>
   <div class='ocr_carea' id='block_1_2' title="bbox 556 1093 854 1166">
    <p class='ocr_par' dir='ltr' id='par_1_2' title="bbox 556 1093 854 1166">
     <span class='ocr_line' id='line_1_2' title="bbox 556 1093 854 1166; baseline 0.01 -2"><span class='ocrx_word' id='word_1_3' title='bbox 556 1103 592 1166; x_wconf 86' lang='lat' dir='ltr'><strong>lla</strong></span> <span class='ocrx_word' id='word_1_4' title='bbox 618 1101 742 1166; x_wconf 83' lang='lat' dir='ltr'><strong>llivortiit.</strong></span> <span class='ocrx_word' id='word_1_5' title='bbox 849 1093 854 1104; x_wconf 78' lang='lat'>&#39;</span> 
     </span>
    </p>
   </div>
   <div class='ocr_carea' id='block_1_3' title="bbox 115 1455 1182 1649">
    <p class='ocr_par' dir='ltr' id='par_1_3' title="bbox 115 1455 1182 1649">
     <span class='ocr_line' id='line_1_3' title="bbox 115 1455 1182 1524; baseline 0 -16"><span class='ocrx_word' id='word_1_6' title='bbox 115 1455 240 1518; x_wconf 56' lang='lat' dir='ltr'><strong>mauult</strong></span> <span class='ocrx_word' id='word_1_7' title='bbox 252 1455 382 1508; x_wconf 67' lang='lat' dir='ltr'><strong>dromon</strong></span> <span class='ocrx_word' id='word_1_8' title='bbox 393 1464 418 1507; x_wconf 89' lang='lat' dir='ltr'><strong>et</strong></span> <span class='ocrx_word' id='word_1_9' title='bbox 426 1455 572 1524; x_wconf 71' lang='lat' dir='ltr'><strong>repudium?</strong></span> <span class='ocrx_word' id='word_1_10' title='bbox 688 1455 762 1508; x_wconf 80' lang='lat' dir='ltr'><strong>cult</strong></span> <span class='ocrx_word' id='word_1_11' title='bbox 784 1465 810 1508; x_wconf 86' lang='lat' dir='ltr'><strong>et</strong></span> <span class='ocrx_word' id='word_1_12' title='bbox 827 1455 908 1508; x_wconf 78' lang='lat' dir='ltr'><strong>cmv.</strong></span> <span class='ocrx_word' id='word_1_13' title='bbox 929 1455 1023 1517; x_wconf 74' lang='lat' dir='ltr'><strong>Quibus</strong></span> <span class='ocrx_word' id='word_1_14' title='bbox 1049 1456 1182 1510; x_wconf 76' lang='lat' dir='ltr'><strong>decausis</strong></span> 
     </span>
     <span class='ocr_line' id='line_1_4' title="bbox 115 1521 1003 1584; baseline -0.003 -10"><span class='ocrx_word' id='word_1_15' title='bbox 115 1523 173 1574; x_wconf 77' lang='lat' dir='ltr'><strong>cu.</strong></span> <span class='ocrx_word' id='word_1_16' title='bbox 199 1521 324 1584; x_wconf 83' lang='lat' dir='ltr'><strong>Quomodo</strong></span> <span class='ocrx_word' id='word_1_17' title='bbox 351 1521 459 1572; x_wconf 70' lang='lat' dir='ltr'><strong>tollatur</strong></span> <span class='ocrx_word' id='word_1_18' title='bbox 487 1525 610 1574; x_wconf 85' lang='lat' dir='ltr'><strong>matrimo-</strong></span> <span class='ocrx_word' id='word_1_19' title='bbox 753 1521 837 1572; x_wconf 84' lang='lat' dir='ltr'><strong>toriae</strong></span> <span class='ocrx_word' id='word_1_20' title='bbox 869 1521 1003 1572; x_wconf 80' lang='lat' dir='ltr'><strong>ratioliatl</strong></span> 
     </span>
     <span class='ocr_line' id='line_1_5' title="bbox 180 1585 1180 1649; baseline 0.001 -11"><span class='ocrx_word' id='word_1_21' title='bbox 180 1587 248 1638; x_wconf 87' lang='lat' dir='ltr'><strong>nium</strong></span> <span class='ocrx_word' id='word_1_22' title='bbox 258 1589 468 1638; x_wconf 72' lang='lat' dir='ltr'><strong>consummatum?</strong></span> <span class='ocrx_word' id='word_1_23' title='bbox 688 1585 748 1638; x_wconf 71' lang='lat' dir='ltr'><strong>clv</strong></span> <span class='ocrx_word' id='word_1_24' title='bbox 765 1588 838 1638; x_wconf 73' lang='lat' dir='ltr'><strong>etet</strong></span> <span class='ocrx_word' id='word_1_25' title='bbox 860 1587 880 1637; x_wconf 89' lang='grc' dir='ltr'><strong>Ι.</strong></span> <span class='ocrx_word' id='word_1_26' title='bbox 899 1587 1025 1649; x_wconf 80' lang='lat' dir='ltr'><strong>Quomodo</strong></span> <span class='ocrx_word' id='word_1_27' title='bbox 1045 1599 1069 1638; x_wconf 85' lang='lat' dir='ltr'><strong>at</strong></span> <span class='ocrx_word' id='word_1_28' title='bbox 1125 1589 1180 1639; x_wconf 76' lang='lat' dir='ltr'><strong>ibus</strong></span> 
     </span>
    </p>
   </div>
   <div class='ocr_carea' id='block_1_4' title="bbox 115 1605 1180 1722">
    <p class='ocr_par' dir='ltr' id='par_1_4' title="bbox 115 1605 1180 1722">
     <span class='ocr_line' id='line_1_6' title="bbox 115 1605 1180 1722; baseline 0 -18"><span class='ocrx_word' id='word_1_29' title='bbox 115 1653 185 1704; x_wconf 76' lang='lat' dir='ltr'><strong>cut.</strong></span> <span class='ocrx_word' id='word_1_30' title='bbox 199 1653 326 1716; x_wconf 78' lang='lat' dir='ltr'><strong>Quomodo</strong></span> <span class='ocrx_word' id='word_1_31' title='bbox 336 1655 433 1704; x_wconf 79' lang='lat' dir='ltr'><strong>ratum?</strong></span> <span class='ocrx_word' id='word_1_32' title='bbox 754 1651 947 1705; x_wconf 74' lang='lat' dir='ltr'><strong>solemnitatibus</strong></span> <span class='ocrx_word' id='word_1_33' title='bbox 963 1605 1123 1722; x_wconf 64' lang='lat' dir='ltr'><strong>expediendi</strong></span> <span class='ocrx_word' id='word_1_34' title='bbox 1133 1655 1180 1706; x_wconf 77' lang='lat' dir='ltr'><strong>ait?</strong></span> 
     </span>
    </p>
   </div>
   <div class='ocr_carea' id='block_1_5' title="bbox 580 1792 706 1894">
    <p class='ocr_par' dir='ltr' id='par_1_5' title="bbox 580 1792 706 1894">
     <span class='ocr_line' id='line_1_7' title="bbox 580 1792 706 1894; baseline 0 -29"><span class='ocrx_word' id='word_1_35' title='bbox 580 1792 611 1894; x_wconf 69' lang='lat' dir='ltr'><strong>p.</strong></span> <span class='ocrx_word' id='word_1_36' title='bbox 639 1792 706 1865; x_wconf 81' lang='lat' dir='ltr'><strong>cn.</strong></span> 
     </span>
    </p>
   </div>
   <div class='ocr_carea' id='block_1_6' title="bbox 108 1941 1180 3218">
    <p class='ocr_par' dir='ltr' id='par_1_6' title="bbox 108 1941 1180 3218">
     <span class='ocr_line' id='line_1_8' title="bbox 160 1941 1180 2041; baseline 0.005 -27"><span class='ocrx_word' id='word_1_37' title='bbox 160 1942 393 2015; x_wconf 69' lang='lat' dir='ltr'><strong>Moruruontuu</strong></span> <span class='ocrx_word' id='word_1_38' title='bbox 429 1941 595 2014; x_wconf 86' lang='lat' dir='ltr'><strong>interdum</strong></span> <span class='ocrx_word' id='word_1_39' title='bbox 633 1943 712 2015; x_wconf 84' lang='lat' dir='ltr'><strong>solvi</strong></span> <span class='ocrx_word' id='word_1_40' title='bbox 749 1944 929 2039; x_wconf 77' lang='lat' dir='ltr'><strong>contingit,</strong></span> <span class='ocrx_word' id='word_1_41' title='bbox 971 1942 1071 2041; x_wconf 89' lang='lat' dir='ltr'><strong>idque</strong></span> <span class='ocrx_word' id='word_1_42' title='bbox 1101 1945 1180 2019; x_wconf 79' lang='lat' dir='ltr'><strong>duo</strong></span> 
     </span>
     <span class='ocr_line' id='line_1_9' title="bbox 113 2040 1179 2142; baseline 0.006 -32"><span class='ocrx_word' id='word_1_43' title='bbox 113 2040 173 2112; x_wconf 84' lang='lat' dir='ltr'><strong>bus</strong></span> <span class='ocrx_word' id='word_1_44' title='bbox 201 2042 326 2134; x_wconf 71' lang='lat' dir='ltr'><strong>modis,</strong></span> <span class='ocrx_word' id='word_1_45' title='bbox 366 2041 416 2112; x_wconf 88' lang='lat' dir='ltr'><strong>vel</strong></span> <span class='ocrx_word' id='word_1_46' title='bbox 452 2041 559 2140; x_wconf 86' lang='lat' dir='ltr'><strong>quoad</strong></span> <span class='ocrx_word' id='word_1_47' title='bbox 593 2044 700 2138; x_wconf 89' lang='lat' dir='ltr'><strong>ipsum</strong></span> <span class='ocrx_word' id='word_1_48' title='bbox 720 2041 907 2131; x_wconf 72' lang='lat' dir='ltr'><strong>vinculum,</strong></span> <span class='ocrx_word' id='word_1_49' title='bbox 937 2065 1004 2139; x_wconf 93' lang='lat' dir='ltr'><strong>quo</strong></span> <span class='ocrx_word' id='word_1_50' title='bbox 1027 2045 1179 2142; x_wconf 78' lang='lat' dir='ltr'><strong>conjugev</strong></span> 
     </span>
     <span class='ocr_line' id='line_1_10' title="bbox 113 2139 1180 2237; baseline 0.005 -27"><span class='ocrx_word' id='word_1_51' title='bbox 113 2139 258 2211; x_wconf 74' lang='lat' dir='ltr'><strong>obstricti</strong></span> <span class='ocrx_word' id='word_1_52' title='bbox 299 2154 475 2230; x_wconf 79' lang='lat' dir='ltr'><strong>tenentur,</strong></span> <span class='ocrx_word' id='word_1_53' title='bbox 522 2139 572 2210; x_wconf 90' lang='lat' dir='ltr'><strong>vel</strong></span> <span class='ocrx_word' id='word_1_54' title='bbox 590 2155 718 2210; x_wconf 89' lang='lat' dir='ltr'><strong>tantum</strong></span> <span class='ocrx_word' id='word_1_55' title='bbox 757 2139 865 2237; x_wconf 93' lang='lat' dir='ltr'><strong>quoad</strong></span> <span class='ocrx_word' id='word_1_56' title='bbox 907 2154 1017 2212; x_wconf 88' lang='lat' dir='ltr'><strong>torum</strong></span> <span class='ocrx_word' id='word_1_57' title='bbox 1041 2157 1075 2212; x_wconf 85' lang='lat' dir='ltr'><strong>et</strong></span> <span class='ocrx_word' id='word_1_58' title='bbox 1108 2169 1180 2215; x_wconf 89' lang='lat' dir='ltr'><strong>mu·</strong></span> 
     </span>
     <span class='ocr_line' id='line_1_11' title="bbox 113 2237 1179 2334; baseline 0.008 -29"><span class='ocrx_word' id='word_1_59' title='bbox 113 2253 202 2308; x_wconf 88' lang='lat' dir='ltr'><strong>tuam</strong></span> <span class='ocrx_word' id='word_1_60' title='bbox 235 2237 482 2309; x_wconf 78' lang='lat' dir='ltr'><strong>habitationem.</strong></span> <span class='ocrx_word' id='word_1_61' title='bbox 512 2239 591 2310; x_wconf 81' lang='lat' dir='ltr'><strong>June</strong></span> <span class='ocrx_word' id='word_1_62' title='bbox 632 2237 779 2309; x_wconf 82' lang='lat' dir='ltr'><strong>Romano</strong></span> <span class='ocrx_word' id='word_1_63' title='bbox 811 2240 879 2334; x_wconf 87' lang='lat' dir='ltr'><strong>ipsa</strong></span> <span class='ocrx_word' id='word_1_64' title='bbox 906 2237 1026 2308; x_wconf 84' lang='lat' dir='ltr'><strong>vinculi</strong></span> <span class='ocrx_word' id='word_1_65' title='bbox 1062 2237 1179 2314; x_wconf 83' lang='lat' dir='ltr'><strong>solutio</strong></span> 
     </span>
     <span class='ocr_line' id='line_1_12' title="bbox 112 2334 1180 2432; baseline 0.006 -28"><span class='ocrx_word' id='word_1_66' title='bbox 112 2334 285 2407; x_wconf 89' lang='lat' dir='ltr'><strong>divortium</strong></span> <span class='ocrx_word' id='word_1_67' title='bbox 311 2335 447 2425; x_wconf 56' lang='lat' dir='ltr'><strong>dicitur3</strong></span> <span class='ocrx_word' id='word_1_68' title='bbox 478 2351 512 2406; x_wconf 91' lang='lat' dir='ltr'><strong>et</strong></span> <span class='ocrx_word' id='word_1_69' title='bbox 535 2335 599 2408; x_wconf 85' lang='lat' dir='ltr'><strong>hoo</strong></span> <span class='ocrx_word' id='word_1_70' title='bbox 617 2335 693 2407; x_wconf 85' lang='lat' dir='ltr'><strong>lacit</strong></span> <span class='ocrx_word' id='word_1_71' title='bbox 720 2349 914 2432; x_wconf 82' lang='lat' dir='ltr'><strong>potestatem</strong></span> <span class='ocrx_word' id='word_1_72' title='bbox 942 2361 1038 2408; x_wconf 86' lang='lat' dir='ltr'><strong>novas</strong></span> <span class='ocrx_word' id='word_1_73' title='bbox 1060 2337 1180 2410; x_wconf 86' lang='lat' dir='ltr'><strong>ineun-</strong></span> 
     </span>
     <span class='ocr_line' id='line_1_13' title="bbox 112 2431 1177 2532; baseline 0.006 -30"><span class='ocrx_word' id='word_1_74' title='bbox 112 2433 144 2504; x_wconf 90' lang='lat' dir='ltr'><strong>di</strong></span> <span class='ocrx_word' id='word_1_75' title='bbox 177 2437 329 2532; x_wconf 70' lang='lat' dir='ltr'><strong>nuptias,</strong></span> <span class='ocrx_word' id='word_1_76' title='bbox 372 2459 448 2504; x_wconf 87' lang='lat' dir='ltr'><strong>cum</strong></span> <span class='ocrx_word' id='word_1_77' title='bbox 474 2437 589 2531; x_wconf 76' lang='lat' dir='ltr'><strong>prime</strong></span> <span class='ocrx_word' id='word_1_78' title='bbox 628 2431 809 2505; x_wconf 86' lang='lat' dir='ltr'><strong>solvuntur.</strong></span> <span class='ocrx_word' id='word_1_79' title='bbox 848 2431 965 2504; x_wconf 86' lang='lat' dir='ltr'><strong>Differt</strong></span> <span class='ocrx_word' id='word_1_80' title='bbox 1004 2433 1177 2508; x_wconf 88' lang='lat' dir='ltr'><strong>divortium</strong></span> 
     </span>
     <span class='ocr_line' id='line_1_14' title="bbox 112 2530 1178 2631; baseline 0.004 -30"><span class='ocrx_word' id='word_1_81' title='bbox 112 2558 127 2600; x_wconf 94' lang='lat' dir='ltr'><strong>a</strong></span> <span class='ocrx_word' id='word_1_82' title='bbox 155 2531 317 2628; x_wconf 78' lang='lat' dir='ltr'><strong>repudio,</strong></span> <span class='ocrx_word' id='word_1_83' title='bbox 361 2530 449 2631; x_wconf 90' lang='lat' dir='ltr'><strong>quod</strong></span> <span class='ocrx_word' id='word_1_84' title='bbox 494 2531 555 2603; x_wconf 89' lang='lat' dir='ltr'><strong>hoo</strong></span> <span class='ocrx_word' id='word_1_85' title='bbox 577 2545 610 2602; x_wconf 88' lang='lat' dir='ltr'><strong>et</strong></span> <span class='ocrx_word' id='word_1_86' title='bbox 637 2533 671 2602; x_wconf 90' lang='lat' dir='ltr'><strong>in</strong></span> <span class='ocrx_word' id='word_1_87' title='bbox 709 2555 842 2602; x_wconf 85' lang='lat' dir='ltr'><strong>uxorem</strong></span> <span class='ocrx_word' id='word_1_88' title='bbox 884 2543 918 2602; x_wconf 86' lang='lat' dir='ltr'><strong>et</strong></span> <span class='ocrx_word' id='word_1_89' title='bbox 955 2533 989 2602; x_wconf 90' lang='lat' dir='ltr'><strong>iu</strong></span> <span class='ocrx_word' id='word_1_90' title='bbox 1028 2557 1178 2628; x_wconf 86' lang='lat' dir='ltr'><strong>sponsam</strong></span> 
     </span>
     <span class='ocr_line' id='line_1_15' title="bbox 111 2629 1178 2726; baseline 0.005 -28"><span class='ocrx_word' id='word_1_91' title='bbox 111 2629 216 2720; x_wconf 71' lang='lat' dir='ltr'><strong>cadit,</strong></span> <span class='ocrx_word' id='word_1_92' title='bbox 257 2629 339 2701; x_wconf 84' lang='lat' dir='ltr'><strong>illud</strong></span> <span class='ocrx_word' id='word_1_93' title='bbox 373 2643 504 2700; x_wconf 89' lang='lat' dir='ltr'><strong>tantum</strong></span> <span class='ocrx_word' id='word_1_94' title='bbox 532 2633 567 2702; x_wconf 90' lang='lat' dir='ltr'><strong>in</strong></span> <span class='ocrx_word' id='word_1_95' title='bbox 605 2654 760 2716; x_wconf 83' lang='lat' dir='ltr'><strong>uxorem3</strong></span> <span class='ocrx_word' id='word_1_96' title='bbox 800 2631 952 2726; x_wconf 86' lang='lat' dir='ltr'><strong>quoniam</strong></span> <span class='ocrx_word' id='word_1_97' title='bbox 993 2653 1062 2700; x_wconf 91' lang='lat' dir='ltr'><strong>non</strong></span> <span class='ocrx_word' id='word_1_98' title='bbox 1091 2649 1178 2703; x_wconf 85' lang='lat' dir='ltr'><strong>rccte</strong></span> 
     </span>
     <span class='ocr_line' id='line_1_16' title="bbox 111 2727 1175 2826; baseline 0.002 -29"><span class='ocrx_word' id='word_1_99' title='bbox 111 2727 229 2800; x_wconf 88' lang='lat' dir='ltr'><strong>dicitur</strong></span> <span class='ocrx_word' id='word_1_100' title='bbox 249 2755 364 2826; x_wconf 84' lang='lat' dir='ltr'><strong>sponsa</strong></span> <span class='ocrx_word' id='word_1_101' title='bbox 394 2727 572 2818; x_wconf 75' lang='lat' dir='ltr'><strong>divertere,</strong></span> <span class='ocrx_word' id='word_1_102' title='bbox 599 2753 674 2798; x_wconf 87' lang='lat' dir='ltr'><strong>cum</strong></span> <span class='ocrx_word' id='word_1_103' title='bbox 701 2727 875 2797; x_wconf 89' lang='lat' dir='ltr'><strong>divortium</strong></span> <span class='ocrx_word' id='word_1_104' title='bbox 903 2753 940 2797; x_wconf 83' lang='lat' dir='ltr'><strong>ex</strong></span> <span class='ocrx_word' id='word_1_105' title='bbox 968 2753 1007 2798; x_wconf 88' lang='lat' dir='ltr'><strong>co</strong></span> <span class='ocrx_word' id='word_1_106' title='bbox 1033 2727 1175 2821; x_wconf 70' lang='lat' dir='ltr'><strong>dicatur,</strong></span> 
     </span>
     <span class='ocr_line' id='line_1_17' title="bbox 110 2823 1178 2924; baseline 0 -26"><span class='ocrx_word' id='word_1_107' title='bbox 110 2824 199 2924; x_wconf 87' lang='lat' dir='ltr'><strong>quod</strong></span> <span class='ocrx_word' id='word_1_108' title='bbox 223 2830 258 2896; x_wconf 94' lang='lat' dir='ltr'><strong>iu</strong></span> <span class='ocrx_word' id='word_1_109' title='bbox 285 2827 424 2898; x_wconf 84' lang='lat' dir='ltr'><strong>diversas</strong></span> <span class='ocrx_word' id='word_1_110' title='bbox 450 2841 556 2923; x_wconf 72' lang='lat' dir='ltr'><strong>partoe</strong></span> <span class='ocrx_word' id='word_1_111' title='bbox 589 2841 688 2914; x_wconf 83' lang='lat' dir='ltr'><strong>cunt,</strong></span> <span class='ocrx_word' id='word_1_112' title='bbox 718 2827 775 2922; x_wconf 91' lang='lat' dir='ltr'><strong>qui</strong></span> <span class='ocrx_word' id='word_1_113' title='bbox 799 2824 970 2895; x_wconf 85' lang='lat' dir='ltr'><strong>discedunt</strong></span> <span class='ocrx_word' id='word_1_114' title='bbox 994 2823 1061 2922; x_wconf 87' lang='lat' dir='ltr'><strong>(l).</strong></span> <span class='ocrx_word' id='word_1_115' title='bbox 1098 2825 1178 2898; x_wconf 82' lang='lat' dir='ltr'><strong>Jure</strong></span> 
     </span>
     <span class='ocr_line' id='line_1_18' title="bbox 109 2919 1176 3022; baseline 0.007 -33"><span class='ocrx_word' id='word_1_116' title='bbox 109 2927 265 2997; x_wconf 65' lang='lat' dir='ltr'><strong>canonico</strong></span> <span class='ocrx_word' id='word_1_117' title='bbox 295 2941 328 2996; x_wconf 84' lang='lat' dir='ltr'><strong>el</strong></span> <span class='ocrx_word' id='word_1_118' title='bbox 358 2927 426 3022; x_wconf 91' lang='lat' dir='ltr'><strong>ipsa</strong></span> <span class='ocrx_word' id='word_1_119' title='bbox 457 2923 580 2995; x_wconf 81' lang='lat' dir='ltr'><strong>vinculi</strong></span> <span class='ocrx_word' id='word_1_120' title='bbox 608 2922 762 3020; x_wconf 90' lang='lat' dir='ltr'><strong>nuptialis</strong></span> <span class='ocrx_word' id='word_1_121' title='bbox 793 2919 929 3014; x_wconf 72' lang='lat' dir='ltr'><strong>solutio,</strong></span> <span class='ocrx_word' id='word_1_122' title='bbox 962 2937 995 2994; x_wconf 86' lang='lat' dir='ltr'><strong>et</strong></span> <span class='ocrx_word' id='word_1_123' title='bbox 1020 2929 1176 3022; x_wconf 84' lang='lat' dir='ltr'><strong>separatio</strong></span> 
     </span>
     <span class='ocr_line' id='line_1_19' title="bbox 109 3019 1175 3120; baseline 0.002 -28"><span class='ocrx_word' id='word_1_124' title='bbox 109 3027 170 3094; x_wconf 88' lang='lat' dir='ltr'><strong>tori</strong></span> <span class='ocrx_word' id='word_1_125' title='bbox 213 3039 311 3120; x_wconf 89' lang='lat' dir='ltr'><strong>atque</strong></span> <span class='ocrx_word' id='word_1_126' title='bbox 339 3021 564 3112; x_wconf 73' lang='lat' dir='ltr'><strong>habitationis,</strong></span> <span class='ocrx_word' id='word_1_127' title='bbox 594 3043 670 3120; x_wconf 86' lang='lat' dir='ltr'><strong>quae</strong></span> <span class='ocrx_word' id='word_1_128' title='bbox 702 3019 743 3090; x_wconf 85' lang='lat' dir='ltr'><strong>fit</strong></span> <span class='ocrx_word' id='word_1_129' title='bbox 775 3021 902 3115; x_wconf 80' lang='lat' dir='ltr'><strong>integro</strong></span> <span class='ocrx_word' id='word_1_130' title='bbox 938 3021 1086 3114; x_wconf 78' lang='lat' dir='ltr'><strong>vinculo,</strong></span> <span class='ocrx_word' id='word_1_131' title='bbox 1120 3023 1175 3094; x_wconf 92' lang='lat' dir='ltr'><strong>di-</strong></span> 
     </span>
     <span class='ocr_line' id='line_1_20' title="bbox 108 3120 462 3218; baseline 0.011 -31"><span class='ocrx_word' id='word_1_132' title='bbox 108 3123 247 3193; x_wconf 86' lang='lat' dir='ltr'><strong>vortium</strong></span> <span class='ocrx_word' id='word_1_133' title='bbox 269 3120 462 3218; x_wconf 85' lang='lat' dir='ltr'><strong>appellatur.</strong></span> 
     </span>
    </p>
   </div>
   <div class='ocr_carea' id='block_1_7' title="bbox 112 3229 1173 3436">
    <p class='ocr_par' dir='ltr' id='par_1_7' title="bbox 112 3229 1173 3436">
     <span class='ocr_line' id='line_1_21' title="bbox 145 3229 1173 3352; baseline -0.001 -21"><span class='ocrx_word' id='word_1_134' title='bbox 145 3269 190 3352; x_wconf 88' lang='lat' dir='ltr'><strong>(l)</strong></span> <span class='ocrx_word' id='word_1_135' title='bbox 210 3271 281 3352; x_wconf 77' lang='lat' dir='ltr'><strong>lep.</strong></span> <span class='ocrx_word' id='word_1_136' title='bbox 296 3271 352 3331; x_wconf 82' lang='lat' dir='ltr'><strong>llll</strong></span> <span class='ocrx_word' id='word_1_137' title='bbox 399 3267 459 3330; x_wconf 74' lang='lat' dir='ltr'><strong>‚de</strong></span> <span class='ocrx_word' id='word_1_138' title='bbox 476 3266 554 3332; x_wconf 66' lang='lat' dir='ltr'><strong>aab.</strong></span> <span class='ocrx_word' id='word_1_139' title='bbox 576 3265 736 3350; x_wconf 80' lang='lat' dir='ltr'><strong>aiput&#39;fieat.</strong></span> <span class='ocrx_word' id='word_1_140' title='bbox 755 3266 879 3328; x_wconf 79' lang='lat' dir='ltr'><strong>Consule</strong></span> <span class='ocrx_word' id='word_1_141' title='bbox 900 3266 1069 3348; x_wconf 84' lang='lat' dir='ltr'><strong>Philippum</strong></span> <span class='ocrx_word' id='word_1_142' title='bbox 1090 3229 1173 3332; x_wconf 80' lang='lat' dir='ltr'><strong>ilioat</strong></span> 
     </span>
     <span class='ocr_line' id='line_1_22' title="bbox 112 3349 589 3436; baseline -0.006 -23"><span class='ocrx_word' id='word_1_143' title='bbox 112 3349 218 3414; x_wconf 85' lang='lat' dir='ltr'><strong>Vocuh.</strong></span> <span class='ocrx_word' id='word_1_144' title='bbox 228 3352 297 3436; x_wconf 82' lang='lat' dir='ltr'><strong>jur.</strong></span> <span class='ocrx_word' id='word_1_145' title='bbox 311 3370 364 3412; x_wconf 83' lang='lat' dir='ltr'><strong>ver</strong></span> <span class='ocrx_word' id='word_1_146' title='bbox 384 3350 589 3414; x_wconf 84' lang='lat' dir='ltr'><strong>.Dioortt&#39;um.</strong></span> 
     </span>
    </p>
   </div>
   <div class='ocr_carea' id='block_1_8' title="bbox 105 3478 1174 4069">
    <p class='ocr_par' dir='ltr' id='par_1_8' title="bbox 105 3478 1174 4069">
     <span class='ocr_line' id='line_1_23' title="bbox 152 3478 1174 3584; baseline -0.001 -31"><span class='ocrx_word' id='word_1_147' title='bbox 152 3483 185 3584; x_wconf 63' lang='grc' dir='ltr'><strong>ς.</strong></span> <span class='ocrx_word' id='word_1_148' title='bbox 231 3481 316 3554; x_wconf 90' lang='lat' dir='ltr'>CLI.</span> <span class='ocrx_word' id='word_1_149' title='bbox 360 3479 514 3579; x_wconf 82' lang='lat' dir='ltr'><strong>Nuptialc</strong></span> <span class='ocrx_word' id='word_1_150' title='bbox 546 3479 711 3552; x_wconf 88' lang='lat' dir='ltr'><strong>vinculum</strong></span> <span class='ocrx_word' id='word_1_151' title='bbox 760 3478 923 3552; x_wconf 84' lang='lat' dir='ltr'><strong>difficilius</strong></span> <span class='ocrx_word' id='word_1_152' title='bbox 962 3479 1114 3570; x_wconf 74' lang='lat' dir='ltr'><strong>solvitur,</strong></span> <span class='ocrx_word' id='word_1_153' title='bbox 1147 3485 1174 3554; x_wconf 86' lang='lat' dir='ltr'><strong>ai</strong></span> 
     </span>
     <span class='ocr_line' id='line_1_24' title="bbox 106 3577 1172 3670; baseline -0.004 -16"><span class='ocrx_word' id='word_1_154' title='bbox 106 3597 390 3670; x_wconf 83' lang='lat' dir='ltr'><strong>consummatum,</strong></span> <span class='ocrx_word' id='word_1_155' title='bbox 447 3579 592 3670; x_wconf 79' lang='lat' dir='ltr'><strong>facilius,</strong></span> <span class='ocrx_word' id='word_1_156' title='bbox 643 3581 669 3648; x_wconf 86' lang='lat' dir='ltr'><strong>si</strong></span> <span class='ocrx_word' id='word_1_157' title='bbox 710 3577 859 3650; x_wconf 90' lang='lat' dir='ltr'><strong>nondum</strong></span> <span class='ocrx_word' id='word_1_158' title='bbox 912 3595 1172 3650; x_wconf 82' lang='lat' dir='ltr'><strong>consummatum</strong></span> 
     </span>
     <span class='ocr_line' id='line_1_25' title="bbox 106 3675 1172 3751; baseline -0.001 -3"><span class='ocrx_word' id='word_1_159' title='bbox 106 3682 349 3751; x_wconf 87' lang='lat' dir='ltr'><strong>matrimonium</strong></span> <span class='ocrx_word' id='word_1_160' title='bbox 391 3680 444 3748; x_wconf 88' lang='lat' dir='ltr'><strong>sit.</strong></span> <span class='ocrx_word' id='word_1_161' title='bbox 497 3676 721 3749; x_wconf 83' lang='lat' dir='ltr'><strong>Consummati</strong></span> <span class='ocrx_word' id='word_1_162' title='bbox 761 3679 959 3748; x_wconf 86' lang='lat' dir='ltr'><strong>matrimonii</strong></span> <span class='ocrx_word' id='word_1_163' title='bbox 1004 3675 1172 3748; x_wconf 86' lang='lat' dir='ltr'><strong>vinculum</strong></span> 
     </span>
     <span class='ocr_line' id='line_1_26' title="bbox 106 3771 1170 3874; baseline -0.003 -26"><span class='ocrx_word' id='word_1_164' title='bbox 106 3777 200 3848; x_wconf 84' lang='lat' dir='ltr'><strong>solvit</strong></span> <span class='ocrx_word' id='word_1_165' title='bbox 229 3803 315 3849; x_wconf 83' lang='lat' dir='ltr'><strong>mors</strong></span> <span class='ocrx_word' id='word_1_166' title='bbox 353 3774 507 3847; x_wconf 86' lang='lat' dir='ltr'><strong>naturalis</strong></span> <span class='ocrx_word' id='word_1_167' title='bbox 536 3777 702 3874; x_wconf 79' lang='lat' dir='ltr'><strong>conjugis,</strong></span> <span class='ocrx_word' id='word_1_168' title='bbox 744 3799 810 3873; x_wconf 91' lang='lat' dir='ltr'><strong>quo</strong></span> <span class='ocrx_word' id='word_1_169' title='bbox 842 3777 907 3844; x_wconf 84' lang='lat' dir='ltr'><strong>vila</strong></span> <span class='ocrx_word' id='word_1_170' title='bbox 941 3772 1054 3844; x_wconf 84' lang='lat' dir='ltr'><strong>functo</strong></span> <span class='ocrx_word' id='word_1_171' title='bbox 1095 3771 1170 3845; x_wconf 81' lang='lat' dir='ltr'><strong>alias</strong></span> 
     </span>
     <span class='ocr_line' id='line_1_27' title="bbox 105 3867 1169 3972; baseline -0.002 -28"><span class='ocrx_word' id='word_1_172' title='bbox 105 3879 234 3972; x_wconf 84' lang='lat' dir='ltr'><strong>nuptias</strong></span> <span class='ocrx_word' id='word_1_173' title='bbox 259 3878 342 3946; x_wconf 87' lang='lat' dir='ltr'><strong>inire</strong></span> <span class='ocrx_word' id='word_1_174' title='bbox 370 3873 446 3945; x_wconf 87' lang='lat' dir='ltr'><strong>licet</strong></span> <span class='ocrx_word' id='word_1_175' title='bbox 469 3873 546 3969; x_wconf 69' lang='lat' dir='ltr'><strong>ll),</strong></span> <span class='ocrx_word' id='word_1_176' title='bbox 573 3889 606 3945; x_wconf 86' lang='lat' dir='ltr'><strong>et</strong></span> <span class='ocrx_word' id='word_1_177' title='bbox 638 3875 802 3946; x_wconf 85' lang='lat' dir='ltr'><strong>conversio</strong></span> <span class='ocrx_word' id='word_1_178' title='bbox 834 3873 979 3970; x_wconf 81' lang='lat' dir='ltr'><strong>conjugis</strong></span> <span class='ocrx_word' id='word_1_179' title='bbox 1009 3867 1169 3960; x_wconf 81' lang='lat' dir='ltr'><strong>infidelis3</strong></span> 
     </span>
     <span class='ocr_line' id='line_1_28' title="bbox 106 3967 1172 4069; baseline 0 -27"><span class='ocrx_word' id='word_1_180' title='bbox 106 3975 130 4043; x_wconf 85' lang='lat' dir='ltr'><strong>ai</strong></span> <span class='ocrx_word' id='word_1_181' title='bbox 157 3975 314 4044; x_wconf 88' lang='lat' dir='ltr'><strong>nimirum</strong></span> <span class='ocrx_word' id='word_1_182' title='bbox 333 3972 414 4044; x_wconf 86' lang='lat' dir='ltr'><strong>alter</strong></span> <span class='ocrx_word' id='word_1_183' title='bbox 438 3971 544 4044; x_wconf 89' lang='lat' dir='ltr'><strong>adhuc</strong></span> <span class='ocrx_word' id='word_1_184' title='bbox 569 3969 710 4042; x_wconf 88' lang='lat' dir='ltr'><strong>infidelis</strong></span> <span class='ocrx_word' id='word_1_185' title='bbox 737 3973 779 4041; x_wconf 87' lang='lat' dir='ltr'><strong>sit</strong></span> <span class='ocrx_word' id='word_1_186' title='bbox 818 3986 917 4069; x_wconf 86' lang='lat' dir='ltr'><strong>atque</strong></span> <span class='ocrx_word' id='word_1_187' title='bbox 941 3967 982 4038; x_wconf 92' lang='lat' dir='ltr'><strong>ab</strong></span> <span class='ocrx_word' id='word_1_188' title='bbox 1015 3967 1071 4041; x_wconf 90' lang='lat' dir='ltr'><strong>illo</strong></span> <span class='ocrx_word' id='word_1_189' title='bbox 1101 3967 1172 4042; x_wconf 90' lang='lat' dir='ltr'><strong>dis·</strong></span> 
     </span>
    </p>
   </div>
   <div class='ocr_carea' id='block_1_9' title="bbox 0 0 1574 5168">
    <p class='ocr_par' dir='ltr' id='par_1_9' title="bbox 0 0 1574 5168">
     <span class='ocr_line' id='line_1_29' title="bbox 0 0 1574 5168; baseline 0 5"><span class='ocrx_word' id='word_1_190' title='bbox 0 0 1574 5168; x_wconf 95' lang='lat' dir='ltr'><strong> </strong></span> 
     </span>
    </p>
   </div>
  </div>
 </body>
</html>
