3122 5170
409 361 411 376 l
536 365 836 470 -s687-
1000 341 1044 466 ¹..·

106 541 272 614 redituum
286 541 618 633 administrationem,
636 558 670 614 et
680 543 735 640 jus
751 525 998 639 proesentandi,
1017 543 1171 640 eligendi,
1206 603 1226 612 ..
1312 604 1326 640 ,Ι
1348 559 1368 624 t,
1390 527 1393 536 ⁵

106 640 315 728 conferendi,
350 651 465 712 rernm
493 642 686 712 monasteria
723 643 894 712 visitantur
921 667 939 712 a
974 643 1175 738 regularibus
1260 665 1273 698 ·.·
1367 635 1379 702 'r

106 738 325 836 superioribus
335 741 354 828 ,s
371 739 489 837 quibus
506 738 661 834 subsunt,
694 751 793 835 atque
812 737 855 808 ad
882 763 935 811 eos
967 744 1114 836 regimen
1141 755 1176 814 et

107 863 184 908 cura
198 839 342 935 pertinet
357 835 513 932 'regularis'
528 835 678 906 'instituti
691 835 765 932 (5).
1106 897 1111 905 .

148 933 190 1016 (l)
213 937 284 1015 Cup.
312 937 350 996 27
368 931 404 998 de
428 931 508 997 elect.
529 953 595 1016 cop.
620 937 695 996 Cum
716 933 752 996 de
772 931 891 1020 benefic.
917 932 952 997 de
971 935 1069 999 eret.
1096 919 1178 1016 ried.

107 1017 233 1078 Consule
245 1017 329 1080 Trid.
342 1034 414 1080 sess.
431 1019 470 1078 tt
481 1036 548 1100 cop.
562 1019 603 1079 20
616 1014 652 1078 de
663 1013 787 1098 resonat.

147 1099 178 1179 (ἢ
212 1099 336 1162 Consule
350 1099 461 1161 Girald.
473 1118 574 1182 expos.
587 1101 659 1160 Jnr.
671 1100 761 1160 Pont.
773 1117 808 1180 p.
822 1099 919 1160 tecet.
934 1101 972 1160 tt
984 1118 1014 1160 n.
1029 1100 1048 1160 7
1057 1119 1090 1182 p.
1105 1101 1176 1162 stt.

148 1184 178 1262 (5
213 1184 300 1244 Cone.
313 1180 397 1243 Trid.
413 1199 485 1243 sesa.
499 1183 539 1242 et
554 1183 622 1263 bap.
643 1181 684 1242 to
697 1177 733 1242 de
747 1177 880 1262 recolor.
891 1181 968 1243 Vide
981 1182 1068 1241 etiarn
1082 1190 1175 1244 comt.

107 1259 278 1326 Pastorolr's
292 1265 351 1324 185
373 1267 473 1324 lnnoc.
501 1267 530 1326 Χ
549 1261 583 1324 in
599 1259 711 1325 bullar.
728 1269 798 1322 torn.
822 1263 840 1322 6
873 1281 920 1322 or.
943 1265 961 1323 5
981 1280 1052 1345 pay.
1070 1265 1126 1326 tot
1150 1261 1180 1326 et

105 1355 200 1410 const.
213 1345 337 1428 Reponi
348 1347 404 1419 tt,
420 1345 503 1408 alex.
519 1347 560 1408 Vl
575 1352 646 1408 tom.
661 1347 680 1406 6
693 1363 763 1428 por.
780 1346 801 1404 t
865 1342 923 1406 lor.
938 1363 1009 1428 paq.
1026 1348 1076 1408 tt.

155 1460 187 1563 ς.
219 1463 350 1536 ΧΧΙΧ.
381 1461 500 1537 Clerici
530 1460 732 1537 commendis
749 1463 854 1553 aucti,
879 1461 1062 1560 plurimum
1088 1487 1180 1534 suam

105 1561 230 1634 babent
255 1587 401 1634 memam
431 1587 450 1632 a
477 1559 684 1635 conventuali
712 1559 898 1632 distinctam
921 1559 998 1658 (l),
1020 1575 1054 1631 et
1080 1585 1182 1658 quar-

105 1663 266 1760 tamejus
292 1663 481 1758 partemin
514 1660 657 1732 ecclesiae
684 1661 908 1750 necessitates,
926 1695 934 1750 ,¹
950 1673 1007 1728 aut
1039 1661 1075 1731 in
1104 1683 1183 1754 pau·

54 1845 64 1858 ι
105 1784 225 1856 perum
251 1757 404 1830 alimenta
437 1758 586 1830 conferre
614 1755 739 1830 debent
768 1755 834 1854 (2).
861 1756 901 1828 ln
928 1753 1032 1827 Gallia
1060 1781 1182 1852 cogun-

107 1872 164 1927 tur
195 1881 299 1928 sacros
342 1857 473 1929 ordines
511 1859 690 1953 suscipere3
729 1854 877 1926 similiter
901 1857 937 1929 in
970 1854 1061 1926 ltalia
1091 1855 1180 1926 aliis·

105 1980 172 2052 que
219 1954 404 2050 regionibus
443 1955 485 2026 ad
530 1977 635 2026 saeros
680 1951 855 2050 capiendos
891 1951 1020 2024 ordines
1067 1969 1100 2026 et
1141 1953 1182 2022 ad

106 2051 266 2124 assiduam
304 2078 436 2151 quoquc
470 2078 596 2125 moram
642 2049 839 2146 adiguntur,
887 2050 945 2121 ubi
979 2049 1180 2122 commendis

107 2153 289 2222 animarum
338 2178 434 2243 cura,
489 2150 541 2223 rel
579 2149 838 2240 monachorum,
879 2147 930 2219 rel
979 2149 1180 2222 saecularium

107 2247 261 2352 adjuncta
291 2250 333 2320 sit
361 2249 429 2347 (5).
465 2247 603 2347 Semper
630 2263 740 2319 autem
768 2245 926 2319 beneficia
949 2245 1179 2318 commendata

107 2349 279 2444 pristinam
310 2350 454 2419 retinent
491 2363 643 2418 naturam
680 2371 794 2436 suam,
839 2369 1039 2442 quamquam
1081 2345 1180 2441 longo

108 2471 170 2518 usu
193 2449 232 2516 iis
255 2445 496 2536 concedentur,
528 2447 586 2543 qui
613 2442 758 2544 ejusdem
782 2441 924 2531 ordinis,
956 2457 1055 2540 atque
1084 2445 1181 2514 insti-

109 2546 174 2616 tuti
203 2569 240 2616 ac
260 2547 328 2616 reri
358 2543 502 2616 titulares
527 2569 596 2616 non
623 2557 701 2613 sunt
724 2541 794 2638 (4).

150 2677 192 2761 (l)
214 2681 302 2760 Greg.
326 2683 395 2742 xltt
418 2687 511 2742 ronst.
536 2679 674 2760 superno
693 2677 733 2738 28
748 2673 774 2757 S.
799 2675 817 2736 9
840 2671 950 2738 bullar.
977 2677 1085 2736 tent
1108 2693 1140 2757 p.
1164 2677 1183 2736 5

106 2779 180 2843 paq.
195 2763 265 2824 att.
275 2765 347 2838 Qun
360 2761 529 2824 constitutio
538 2777 716 2839 quamquam
730 2759 867 2836 loquatur
881 2757 1115 2817 de‘rnonasteriis
1126 2759 1184 2818 Or·

110 2843 189 2904 dinis
200 2845 411 2906 cisterciensis:
431 2869 445 2898 a
457 2847 567 2906 Tamen
579 2842 754 2904 conveniens
764 2849 820 2915 est,
828 2839 1058 2920 inquitFagnon.
1067 2839 1099 2899 in
1110 2857 1136 2898 e.
1144 2841 1178 2900 Ἡ

109 2923 145 2986 ele
156 2943 247 2988 recor.
259 2945 291 2986 n.
306 2928 336 2986 2.
353 2935 387 2986 ut
394 2934 528 2988 serretur
538 2926 626 2986 etiam
640 2925 670 2986 iu
684 2923 748 2984 aliis
761 2921 917 2983 ordinibus
929 2919 1149 2982 monachorum.
1163 2945 1176 2974 a

150 3004 193 3086 (ἢ)
213 3007 247 3070 ld
261 3027 331 3068 vero
349 3009 477 3086 pertinet
489 3006 527 3066 ad
544 3005 718 3068 monasteria
739 3002 956 3077 commendem,
972 3021 1037 3081 quoe
1052 3020 1182 3062 mensam

110 3088 222 3151 babent
243 3099 421 3170 separatam
445 3107 513 3150 nam
536 3107 602 3149 oum
623 3087 786 3148 communis
805 3103 904 3146 mensa
922 3091 982 3160 est,
1007 3084 1070 3144 dari
1095 3083 1183 3144 debet

110 3171 197 3233 tertie
212 3189 278 3250 pars
296 3173 428 3234 omnium
446 3171 595 3232 fructuum
617 3167 785 3232 monasterii
806 3165 1001 3228 commendati
1017 3185 1071 3246 pro
1087 3167 1183 3227 omni·

110 3253 167 3314 bus
190 3253 247 3314 illis
268 3252 406 3316 onerabas
427 3249 640 3334 supportandis
664 3257 694 3313 et
716 3247 929 3313 sustentatione
953 3245 1180 3314 ntoncrlrorone.

111 3343 146 3396 ut
163 3335 261 3478 inqbll
280 3339 338 3479 lim
361 3339 500 3399 Xcortst.
524 3336 666 3417 Superato
686 3330 747 3414 8§‚
773 3333 811 3394 to
829 3325 941 3392 bullar.
958 3337 1029 3392 tom.
1047 3333 1065 3392 5
1077 3331 1182 3412 pond

176 3421 219 3478 ,ὅ
272 3437 287 3479 e
311 3418 389 3479 .cr't.

109 3435 196 3582 pald)
217 3501 340 3562 Consule
353 3504 482 3582 Fagnan.
498 3498 532 3560 t'n
545 3498 642 3580 conl
660 3495 696 3558 de
710 3491 811 3577 Copti.
826 3491 962 3558 moncels.
981 3497 995 3554 l
1013 3512 1098 3556 nune.
1122 3493 1135 3553 l
1155 3501 1184 3553 et

109 3599 184 3664 seq,
200 3581 251 3660 qui
271 3591 351 3643 reete
370 3580 592 3654 animadvertit,
608 3578 686 3657 quod
710 3577 878 3638 residentiae
906 3577 971 3656 lege
993 3583 1110 3636 tenetur
1140 3591 1181 3636 sa·

109 3681 233 3742 mosque
251 3665 370 3726 ordines
385 3664 532 3743 suscipere
540 3661 628 3723 debet
641 3659 924 3737 commendatarius,
940 3675 1007 3718 cum
1022 3657 1059 3718 ad
1072 3655 1180 3736 ipsum,

109 3764 170 3808 non
194 3746 265 3806 item
289 3765 357 3807 cum
378 3747 416 3808 ad
441 3745 650 3806 monasterium
671 3751 701 3804 et
724 3749 899 3804 conventum
924 3757 993 3803 cura
1016 3739 1181 3801 animarum

110 3827 250 3907 pertinet.
275 3827 351 3890 Vide
375 3829 463 3890 ctiam
481 3827 638 3891 Gellemart
659 3823 760 3887 adnot.
782 3823 823 3886 od
844 3841 927 3886 cono.
956 3821 1040 3884 Trid.
1064 3839 1137 3883 sess.
1162 3823 1181 3881 (i

115 3929 183 3992 cop.
200 3908 267 3971 nate
281 3907 403 3992 reform.

157 3991 199 4076 (t)
220 3993 296 4058 Vide
306 3995 474 4075 Fognonum
489 3987 543 4054 loc.
557 3989 606 4054 cit.
619 4007 705 4052 nnn.
723 3992 774 4052 16.
