<?xml version="1.0" encoding="UTF-8"?>
<!DOCTYPE html PUBLIC "-//W3C//DTD XHTML 1.0 Transitional//EN"
    "http://www.w3.org/TR/xhtml1/DTD/xhtml1-transitional.dtd">
<html xmlns="http://www.w3.org/1999/xhtml" xml:lang="en" lang="en">
 <head>
  <title>
</title>
<meta http-equiv="Content-Type" content="text/html;charset=utf-8" />
  <meta name='ocr-system' content='tesseract 3.04.00' />
  <meta name='ocr-capabilities' content='ocr_page ocr_carea ocr_par ocr_line ocrx_word'/>
</head>
<body>
  <div class='ocr_page' id='page_1' title='image "./institutionumca00devogoog_0628.png"; bbox 0 0 3142 5188; ppageno 0'>
   <div class='ocr_carea' id='block_1_1' title="bbox 519 499 738 572">
    <p class='ocr_par' dir='ltr' id='par_1_1' title="bbox 519 499 738 572">
     <span class='ocr_line' id='line_1_1' title="bbox 519 499 738 572; baseline -0.005 0"><span class='ocrx_word' id='word_1_1' title='bbox 519 499 738 572; x_wconf 68' lang='grc'>-617-</span> 
     </span>
    </p>
   </div>
   <div class='ocr_carea' id='block_1_2' title="bbox 94 641 1230 4174">
    <p class='ocr_par' dir='ltr' id='par_1_2' title="bbox 94 641 1230 1855">
     <span class='ocr_line' id='line_1_2' title="bbox 95 641 1169 730; baseline 0.007 -22"><span class='ocrx_word' id='word_1_2' title='bbox 95 643 140 708; x_wconf 83' lang='lat' dir='ltr'><strong>ud</strong></span> <span class='ocrx_word' id='word_1_3' title='bbox 153 641 251 707; x_wconf 81' lang='lat' dir='ltr'><strong>eccles.</strong></span> <span class='ocrx_word' id='word_1_4' title='bbox 267 643 387 730; x_wconf 75' lang='lat' dir='ltr'><strong>conseq.</strong></span> <span class='ocrx_word' id='word_1_5' title='bbox 403 655 473 708; x_wconf 88' lang='lat' dir='ltr'><strong>tom.</strong></span> <span class='ocrx_word' id='word_1_6' title='bbox 496 649 515 709; x_wconf 93' lang='grc'><strong>5</strong></span> <span class='ocrx_word' id='word_1_7' title='bbox 558 667 595 730; x_wconf 81' lang='lat' dir='ltr'><strong>cy</strong></span> <span class='ocrx_word' id='word_1_8' title='bbox 616 649 676 710; x_wconf 86' lang='grc'><strong>596</strong></span> <span class='ocrx_word' id='word_1_9' title='bbox 697 645 744 709; x_wconf 87' lang='lat' dir='ltr'><strong>ed.</strong></span> <span class='ocrx_word' id='word_1_10' title='bbox 759 647 808 716; x_wconf 86' lang='lat' dir='ltr'><strong>cit.</strong></span> <span class='ocrx_word' id='word_1_11' title='bbox 823 645 964 712; x_wconf 80' lang='lat' dir='ltr'><strong>Preclure</strong></span> <span class='ocrx_word' id='word_1_12' title='bbox 986 649 1089 714; x_wconf 88' lang='lat' dir='ltr'><strong>Isidor.</strong></span> <span class='ocrx_word' id='word_1_13' title='bbox 1104 655 1169 715; x_wconf 64' lang='grc'><strong>116-1</strong></span> 
     </span>
     <span class='ocr_line' id='line_1_3' title="bbox 94 667 1161 814; baseline 0.007 -27"><span class='ocrx_word' id='word_1_14' title='bbox 94 729 202 789; x_wconf 89' lang='lat' dir='ltr'><strong>lusiota</strong></span> <span class='ocrx_word' id='word_1_15' title='bbox 226 747 272 812; x_wconf 82' lang='lat' dir='ltr'><strong>ep.</strong></span> <span class='ocrx_word' id='word_1_16' title='bbox 295 731 354 790; x_wconf 81' lang='grc'><strong>171</strong></span> <span class='ocrx_word' id='word_1_17' title='bbox 367 748 438 812; x_wconf 80' lang='lat' dir='ltr'><strong>pop.</strong></span> <span class='ocrx_word' id='word_1_18' title='bbox 457 731 495 792; x_wconf 90' lang='grc'><strong>55</strong></span> <span class='ocrx_word' id='word_1_19' title='bbox 512 667 558 792; x_wconf 68' lang='lat' dir='ltr'><strong>el.</strong></span> <span class='ocrx_word' id='word_1_20' title='bbox 582 731 653 792; x_wconf 80' lang='lat' dir='ltr'><strong>Vera.</strong></span> <span class='ocrx_word' id='word_1_21' title='bbox 675 732 754 792; x_wconf 78' lang='grc'>1765</span> <span class='ocrx_word' id='word_1_22' title='bbox 774 731 814 791; x_wconf 88' lang='lat' dir='ltr'><strong>ita</strong></span> <span class='ocrx_word' id='word_1_23' title='bbox 836 729 956 794; x_wconf 67' lang='lat' dir='ltr'><strong>minum</strong></span> <span class='ocrx_word' id='word_1_24' title='bbox 990 743 1161 814; x_wconf 90' lang='lat' dir='ltr'><strong>certumque</strong></span> 
     </span>
     <span class='ocr_line' id='line_1_4' title="bbox 96 809 1161 892; baseline 0.008 -22"><span class='ocrx_word' id='word_1_25' title='bbox 96 828 162 870; x_wconf 92' lang='lat' dir='ltr'><strong>esse</strong></span> <span class='ocrx_word' id='word_1_26' title='bbox 175 809 238 870; x_wconf 86' lang='lat' dir='ltr'><strong>vult</strong></span> <span class='ocrx_word' id='word_1_27' title='bbox 248 813 471 872; x_wconf 86' lang='lat' dir='ltr'><strong>ecclesiasticum</strong></span> <span class='ocrx_word' id='word_1_28' title='bbox 481 812 612 892; x_wconf 90' lang='lat' dir='ltr'><strong>asylum,</strong></span> <span class='ocrx_word' id='word_1_29' title='bbox 627 821 661 872; x_wconf 91' lang='lat' dir='ltr'><strong>ut</strong></span> <span class='ocrx_word' id='word_1_30' title='bbox 675 811 748 872; x_wconf 91' lang='lat' dir='ltr'><strong>illud</strong></span> <span class='ocrx_word' id='word_1_31' title='bbox 762 811 870 872; x_wconf 86' lang='lat' dir='ltr'><strong>violare</strong></span> <span class='ocrx_word' id='word_1_32' title='bbox 883 829 942 874; x_wconf 82' lang='lat' dir='ltr'><strong>non</strong></span> <span class='ocrx_word' id='word_1_33' title='bbox 955 813 1052 876; x_wconf 81' lang='lat' dir='ltr'><strong>solum</strong></span> <span class='ocrx_word' id='word_1_34' title='bbox 1061 815 1161 878; x_wconf 72' lang='lat' dir='ltr'><strong>mude-</strong></span> 
     </span>
     <span class='ocr_line' id='line_1_5' title="bbox 96 889 1161 976; baseline 0.008 -24"><span class='ocrx_word' id='word_1_35' title='bbox 96 889 208 970; x_wconf 83' lang='lat' dir='ltr'><strong>litatis,</strong></span> <span class='ocrx_word' id='word_1_36' title='bbox 224 891 277 954; x_wconf 87' lang='lat' dir='ltr'><strong>sed</strong></span> <span class='ocrx_word' id='word_1_37' title='bbox 302 893 394 954; x_wconf 83' lang='lat' dir='ltr'><strong>etium</strong></span> <span class='ocrx_word' id='word_1_38' title='bbox 416 893 576 976; x_wconf 82' lang='lat' dir='ltr'><strong>impictatis</strong></span> <span class='ocrx_word' id='word_1_39' title='bbox 592 913 654 955; x_wconf 89' lang='lat' dir='ltr'><strong>esse</strong></span> <span class='ocrx_word' id='word_1_40' title='bbox 678 893 766 954; x_wconf 87' lang='lat' dir='ltr'><strong>dieat.</strong></span> <span class='ocrx_word' id='word_1_41' title='bbox 792 896 829 956; x_wconf 87' lang='lat' dir='ltr'><strong>Et</strong></span> <span class='ocrx_word' id='word_1_42' title='bbox 849 913 918 956; x_wconf 90' lang='lat' dir='ltr'><strong>sane</strong></span> <span class='ocrx_word' id='word_1_43' title='bbox 942 896 966 954; x_wconf 90' lang='lat' dir='ltr'><strong>si</strong></span> <span class='ocrx_word' id='word_1_44' title='bbox 989 897 1030 958; x_wconf 89' lang='lat' dir='ltr'><strong>ita</strong></span> <span class='ocrx_word' id='word_1_45' title='bbox 1052 898 1161 960; x_wconf 79' lang='lat' dir='ltr'><strong>ethnici</strong></span> 
     </span>
     <span class='ocr_line' id='line_1_6' title="bbox 96 973 1163 1060; baseline 0.007 -26"><span class='ocrx_word' id='word_1_46' title='bbox 96 973 232 1036; x_wconf 88' lang='lat' dir='ltr'><strong>colebant</strong></span> <span class='ocrx_word' id='word_1_47' title='bbox 258 993 291 1035; x_wconf 85' lang='lat' dir='ltr'><strong>ac</strong></span> <span class='ocrx_word' id='word_1_48' title='bbox 314 975 529 1036; x_wconf 81' lang='lat' dir='ltr'><strong>venerabantur</strong></span> <span class='ocrx_word' id='word_1_49' title='bbox 550 980 641 1054; x_wconf 84' lang='lat' dir='ltr'><strong>Deos,</strong></span> <span class='ocrx_word' id='word_1_50' title='bbox 667 994 739 1056; x_wconf 92' lang='lat' dir='ltr'><strong>quos</strong></span> <span class='ocrx_word' id='word_1_51' title='bbox 766 993 850 1037; x_wconf 88' lang='lat' dir='ltr'><strong>veros</strong></span> <span class='ocrx_word' id='word_1_52' title='bbox 875 977 1031 1056; x_wconf 87' lang='lat' dir='ltr'><strong>putabant,</strong></span> <span class='ocrx_word' id='word_1_53' title='bbox 1059 999 1163 1060; x_wconf 90' lang='lat' dir='ltr'><strong>super-</strong></span> 
     </span>
     <span class='ocr_line' id='line_1_7' title="bbox 96 1055 1163 1138; baseline 0.008 -22"><span class='ocrx_word' id='word_1_54' title='bbox 96 1057 179 1118; x_wconf 92' lang='lat' dir='ltr'><strong>stitio</strong></span> <span class='ocrx_word' id='word_1_55' title='bbox 194 1057 251 1116; x_wconf 88' lang='lat' dir='ltr'><strong>erit</strong></span> <span class='ocrx_word' id='word_1_56' title='bbox 269 1055 435 1118; x_wconf 87' lang='lat' dir='ltr'><strong>christianis</strong></span> <span class='ocrx_word' id='word_1_57' title='bbox 452 1058 548 1119; x_wconf 89' lang='lat' dir='ltr'><strong>colere</strong></span> <span class='ocrx_word' id='word_1_58' title='bbox 575 1077 608 1118; x_wconf 90' lang='lat' dir='ltr'><strong>ae</strong></span> <span class='ocrx_word' id='word_1_59' title='bbox 626 1058 758 1120; x_wconf 89' lang='lat' dir='ltr'><strong>venerari</strong></span> <span class='ocrx_word' id='word_1_60' title='bbox 771 1061 882 1134; x_wconf 88' lang='lat' dir='ltr'><strong>Deum,</strong></span> <span class='ocrx_word' id='word_1_61' title='bbox 899 1077 987 1138; x_wconf 91' lang='lat' dir='ltr'><strong>quem</strong></span> <span class='ocrx_word' id='word_1_62' title='bbox 1002 1079 1094 1124; x_wconf 87' lang='lat' dir='ltr'><strong>unum</strong></span> <span class='ocrx_word' id='word_1_63' title='bbox 1112 1081 1163 1124; x_wconf 88' lang='lat' dir='ltr'><strong>re·</strong></span> 
     </span>
     <span class='ocr_line' id='line_1_8' title="bbox 97 1139 1230 1222; baseline 0.008 -25"><span class='ocrx_word' id='word_1_64' title='bbox 97 1157 167 1200; x_wconf 91' lang='lat' dir='ltr'><strong>rum</strong></span> <span class='ocrx_word' id='word_1_65' title='bbox 182 1156 244 1199; x_wconf 91' lang='lat' dir='ltr'><strong>esse</strong></span> <span class='ocrx_word' id='word_1_66' title='bbox 258 1149 337 1200; x_wconf 88' lang='lat' dir='ltr'><strong>certo</strong></span> <span class='ocrx_word' id='word_1_67' title='bbox 360 1140 475 1200; x_wconf 82' lang='lat' dir='ltr'><strong>sciunt?</strong></span> <span class='ocrx_word' id='word_1_68' title='bbox 486 1139 567 1204; x_wconf 91' lang='lat' dir='ltr'><strong>Nihil</strong></span> <span class='ocrx_word' id='word_1_69' title='bbox 589 1139 645 1201; x_wconf 91' lang='lat' dir='ltr'><strong>hoc</strong></span> <span class='ocrx_word' id='word_1_70' title='bbox 663 1141 756 1222; x_wconf 76' lang='lat' dir='ltr'><strong>magis</strong></span> <span class='ocrx_word' id='word_1_71' title='bbox 777 1139 938 1201; x_wconf 91' lang='lat' dir='ltr'><strong>absurdum</strong></span> <span class='ocrx_word' id='word_1_72' title='bbox 954 1150 984 1202; x_wconf 92' lang='lat' dir='ltr'><strong>et</strong></span> <span class='ocrx_word' id='word_1_73' title='bbox 1001 1145 1092 1222; x_wconf 80' lang='lat' dir='ltr'><strong>magis</strong></span> <span class='ocrx_word' id='word_1_74' title='bbox 1106 1146 1162 1206; x_wconf 94' lang='lat' dir='ltr'><strong>im·</strong></span> <span class='ocrx_word' id='word_1_75' title='bbox 1229 1147 1230 1152; x_wconf 75' lang='grc'>’</span> 
     </span>
     <span class='ocr_line' id='line_1_9' title="bbox 98 1219 1163 1306; baseline 0.008 -27"><span class='ocrx_word' id='word_1_76' title='bbox 98 1221 183 1298; x_wconf 89' lang='lat' dir='ltr'><strong>pium</strong></span> <span class='ocrx_word' id='word_1_77' title='bbox 198 1219 254 1280; x_wconf 90' lang='lat' dir='ltr'><strong>diei</strong></span> <span class='ocrx_word' id='word_1_78' title='bbox 268 1229 372 1300; x_wconf 90' lang='lat' dir='ltr'><strong>potest.</strong></span> <span class='ocrx_word' id='word_1_79' title='bbox 396 1221 481 1298; x_wconf 87' lang='lat' dir='ltr'><strong>Quod</strong></span> <span class='ocrx_word' id='word_1_80' title='bbox 503 1221 540 1284; x_wconf 91' lang='lat' dir='ltr'><strong>de</strong></span> <span class='ocrx_word' id='word_1_81' title='bbox 553 1222 760 1284; x_wconf 77' lang='lat' dir='ltr'><strong>intercessione</strong></span> <span class='ocrx_word' id='word_1_82' title='bbox 779 1223 951 1283; x_wconf 88' lang='lat' dir='ltr'><strong>clericorum</strong></span> <span class='ocrx_word' id='word_1_83' title='bbox 970 1232 999 1284; x_wconf 88' lang='lat' dir='ltr'><strong>et</strong></span> <span class='ocrx_word' id='word_1_84' title='bbox 1013 1227 1163 1306; x_wconf 86' lang='lat' dir='ltr'><strong>episeopo-</strong></span> 
     </span>
     <span class='ocr_line' id='line_1_10' title="bbox 97 1303 1161 1390; baseline 0.008 -29"><span class='ocrx_word' id='word_1_85' title='bbox 97 1320 168 1362; x_wconf 85' lang='lat' dir='ltr'><strong>rum</strong></span> <span class='ocrx_word' id='word_1_86' title='bbox 180 1321 343 1382; x_wconf 79' lang='lat' dir='ltr'><strong>anonymus</strong></span> <span class='ocrx_word' id='word_1_87' title='bbox 354 1305 478 1382; x_wconf 83' lang='lat' dir='ltr'><strong>scriptor</strong></span> <span class='ocrx_word' id='word_1_88' title='bbox 487 1304 585 1382; x_wconf 81' lang='lat' dir='ltr'><strong>addit,</strong></span> <span class='ocrx_word' id='word_1_89' title='bbox 596 1304 627 1366; x_wconf 91' lang='lat' dir='ltr'><strong>id</strong></span> <span class='ocrx_word' id='word_1_90' title='bbox 639 1304 676 1365; x_wconf 88' lang='lat' dir='ltr'><strong>ab</strong></span> <span class='ocrx_word' id='word_1_91' title='bbox 687 1305 749 1384; x_wconf 89' lang='lat' dir='ltr'><strong>ipsa</strong></span> <span class='ocrx_word' id='word_1_92' title='bbox 760 1305 905 1366; x_wconf 84' lang='lat' dir='ltr'><strong>refutatur</strong></span> <span class='ocrx_word' id='word_1_93' title='bbox 915 1303 1072 1367; x_wconf 82' lang='lat' dir='ltr'><strong>Theodosii</strong></span> <span class='ocrx_word' id='word_1_94' title='bbox 1086 1309 1161 1390; x_wconf 81' lang='lat' dir='ltr'><strong>lege,</strong></span> 
     </span>
     <span class='ocr_line' id='line_1_11' title="bbox 98 1384 1209 1467; baseline 0.006 -23"><span class='ocrx_word' id='word_1_95' title='bbox 98 1384 183 1462; x_wconf 86' lang='lat' dir='ltr'><strong>eujus</strong></span> <span class='ocrx_word' id='word_1_96' title='bbox 207 1399 300 1464; x_wconf 89' lang='lat' dir='ltr'><strong>supra·</strong></span> <span class='ocrx_word' id='word_1_97' title='bbox 309 1393 352 1446; x_wconf 92' lang='lat' dir='ltr'><strong>est</strong></span> <span class='ocrx_word' id='word_1_98' title='bbox 370 1387 444 1446; x_wconf 85' lang='lat' dir='ltr'><strong>iacta</strong></span> <span class='ocrx_word' id='word_1_99' title='bbox 468 1389 594 1464; x_wconf 90' lang='lat' dir='ltr'><strong>mentio,</strong></span> <span class='ocrx_word' id='word_1_100' title='bbox 618 1393 647 1448; x_wconf 88' lang='lat' dir='ltr'><strong>et</strong></span> <span class='ocrx_word' id='word_1_101' title='bbox 669 1406 757 1466; x_wconf 89' lang='lat' dir='ltr'><strong>quam</strong></span> <span class='ocrx_word' id='word_1_102' title='bbox 781 1387 913 1448; x_wconf 83' lang='lat' dir='ltr'><strong>omnium</strong></span> <span class='ocrx_word' id='word_1_103' title='bbox 932 1388 1164 1467; x_wconf 77' lang='lat' dir='ltr'><strong>antiquissimam</strong></span> <span class='ocrx_word' id='word_1_104' title='bbox 1205 1455 1209 1462; x_wconf 71' lang='grc'><strong>,</strong></span> 
     </span>
     <span class='ocr_line' id='line_1_12' title="bbox 99 1466 1166 1550; baseline 0.006 -24"><span class='ocrx_word' id='word_1_105' title='bbox 99 1485 164 1526; x_wconf 90' lang='lat' dir='ltr'><strong>esse</strong></span> <span class='ocrx_word' id='word_1_106' title='bbox 178 1466 254 1543; x_wconf 87' lang='lat' dir='ltr'><strong>dixi,</strong></span> <span class='ocrx_word' id='word_1_107' title='bbox 279 1487 343 1545; x_wconf 81' lang='lat' dir='ltr'><strong>quae</strong></span> <span class='ocrx_word' id='word_1_108' title='bbox 369 1468 406 1528; x_wconf 89' lang='lat' dir='ltr'><strong>de</strong></span> <span class='ocrx_word' id='word_1_109' title='bbox 424 1469 609 1530; x_wconf 87' lang='lat' dir='ltr'><strong>ecelesiarum</strong></span> <span class='ocrx_word' id='word_1_110' title='bbox 630 1469 709 1548; x_wconf 87' lang='lat' dir='ltr'><strong>asylo</strong></span> <span class='ocrx_word' id='word_1_111' title='bbox 731 1469 864 1530; x_wconf 88' lang='lat' dir='ltr'><strong>disserat.</strong></span> <span class='ocrx_word' id='word_1_112' title='bbox 889 1471 972 1550; x_wconf 82' lang='lat' dir='ltr'><strong>Legis</strong></span> <span class='ocrx_word' id='word_1_113' title='bbox 989 1469 1078 1530; x_wconf 88' lang='lat' dir='ltr'><strong>verba</strong></span> <span class='ocrx_word' id='word_1_114' title='bbox 1096 1481 1166 1532; x_wconf 89' lang='lat' dir='ltr'><strong>sunt</strong></span> 
     </span>
     <span class='ocr_line' id='line_1_13' title="bbox 98 1545 1166 1632; baseline 0.007 -24"><span class='ocrx_word' id='word_1_115' title='bbox 98 1547 175 1609; x_wconf 82' lang='lat' dir='ltr'><strong>hoec:</strong></span> <span class='ocrx_word' id='word_1_116' title='bbox 200 1545 339 1611; x_wconf 80' lang='lat' dir='ltr'><strong>Publicos</strong></span> <span class='ocrx_word' id='word_1_117' title='bbox 361 1547 503 1614; x_wconf 81' lang='lat' dir='ltr'><strong>debitores</strong></span> <span class='ocrx_word' id='word_1_118' title='bbox 524 1551 552 1613; x_wconf 83' lang='lat' dir='ltr'><strong>si</strong></span> <span class='ocrx_word' id='word_1_119' title='bbox 570 1549 798 1632; x_wconf 83' lang='lat' dir='ltr'><strong>confugiendum</strong></span> <span class='ocrx_word' id='word_1_120' title='bbox 821 1551 859 1612; x_wconf 91' lang='lat' dir='ltr'><strong>ad</strong></span> <span class='ocrx_word' id='word_1_121' title='bbox 884 1551 1017 1612; x_wconf 87' lang='lat' dir='ltr'><strong>eeclesias</strong></span> <span class='ocrx_word' id='word_1_122' title='bbox 1041 1550 1166 1615; x_wconf 85' lang='lat' dir='ltr'><strong>credide·</strong></span> 
     </span>
     <span class='ocr_line' id='line_1_14' title="bbox 98 1629 1163 1716; baseline 0.006 -26"><span class='ocrx_word' id='word_1_123' title='bbox 98 1630 178 1705; x_wconf 83' lang='lat' dir='ltr'><strong>rint,</strong></span> <span class='ocrx_word' id='word_1_124' title='bbox 202 1638 257 1691; x_wconf 84' lang='lat' dir='ltr'><strong>cet</strong></span> <span class='ocrx_word' id='word_1_125' title='bbox 278 1629 355 1693; x_wconf 88' lang='lat' dir='ltr'><strong>illico</strong></span> <span class='ocrx_word' id='word_1_126' title='bbox 373 1632 486 1694; x_wconf 83' lang='lat' dir='ltr'><strong>extrahi</strong></span> <span class='ocrx_word' id='word_1_127' title='bbox 499 1631 535 1696; x_wconf 86' lang='lat' dir='ltr'><strong>de</strong></span> <span class='ocrx_word' id='word_1_128' title='bbox 553 1630 672 1694; x_wconf 78' lang='lat' dir='ltr'><strong>latebris</strong></span> <span class='ocrx_word' id='word_1_129' title='bbox 688 1631 844 1716; x_wconf 88' lang='lat' dir='ltr'><strong>oportebit,·</strong></span> <span class='ocrx_word' id='word_1_130' title='bbox 865 1642 984 1716; x_wconf 83' lang='lat' dir='ltr'><strong>cetpro</strong></span> <span class='ocrx_word' id='word_1_131' title='bbox 1005 1631 1052 1696; x_wconf 86' lang='lat' dir='ltr'><strong>bis</strong></span> <span class='ocrx_word' id='word_1_132' title='bbox 1072 1635 1163 1716; x_wconf 85' lang='lat' dir='ltr'><strong>ipsos,</strong></span> 
     </span>
     <span class='ocr_line' id='line_1_15' title="bbox 100 1710 1167 1855; baseline 0.005 -83"><span class='ocrx_word' id='word_1_133' title='bbox 100 1711 157 1855; x_wconf 81' lang='lat' dir='ltr'><strong>qui</strong></span> <span class='ocrx_word' id='word_1_134' title='bbox 179 1710 324 1775; x_wconf 83' lang='lat' dir='ltr'><strong>occultare</strong></span> <span class='ocrx_word' id='word_1_135' title='bbox 347 1712 527 1795; x_wconf 79' lang='lat' dir='ltr'><strong>probentur,</strong></span> <span class='ocrx_word' id='word_1_136' title='bbox 557 1717 707 1810; x_wconf 80' lang='lat' dir='ltr'><strong>episcopos</strong></span> <span class='ocrx_word' id='word_1_137' title='bbox 731 1714 781 1776; x_wconf 80' lang='lat' dir='ltr'><strong>exi</strong></span> <span class='ocrx_word' id='word_1_138' title='bbox 800 1715 821 1776; x_wconf 89' lang='lat' dir='ltr'><strong>i.</strong></span> <span class='ocrx_word' id='word_1_139' title='bbox 850 1719 909 1778; x_wconf 83' lang='lat' dir='ltr'><strong>hex</strong></span> <span class='ocrx_word' id='word_1_140' title='bbox 935 1715 998 1776; x_wconf 75' lang='lat' dir='ltr'><strong>haec</strong></span> <span class='ocrx_word' id='word_1_141' title='bbox 1024 1725 1167 1778; x_wconf 91' lang='lat' dir='ltr'><strong>memorat</strong></span> 
     </span>
    </p>

    <p class='ocr_par' dir='ltr' id='par_1_3' title="bbox 99 1734 1170 4174">
     <span class='ocr_line' id='line_1_16' title="bbox 122 1734 1167 1880; baseline 0.002 -24"><span class='ocrx_word' id='word_1_142' title='bbox 122 1796 292 1856; x_wconf 88' lang='lat' dir='ltr'><strong>isertissime</strong></span> <span class='ocrx_word' id='word_1_143' title='bbox 318 1796 465 1858; x_wconf 87' lang='lat' dir='ltr'><strong>debitores</strong></span> <span class='ocrx_word' id='word_1_144' title='bbox 491 1796 532 1859; x_wconf 87' lang='lat' dir='ltr'><strong>cd</strong></span> <span class='ocrx_word' id='word_1_145' title='bbox 557 1795 694 1860; x_wconf 78' lang='lat' dir='ltr'><strong>ecelesias</strong></span> <span class='ocrx_word' id='word_1_146' title='bbox 717 1734 931 1880; x_wconf 62' lang='lat' dir='ltr'><strong>conbcqlentea,</strong></span> <span class='ocrx_word' id='word_1_147' title='bbox 967 1805 997 1858; x_wconf 91' lang='lat' dir='ltr'><strong>et</strong></span> <span class='ocrx_word' id='word_1_148' title='bbox 1023 1807 1167 1860; x_wconf 90' lang='lat' dir='ltr'><strong>memorat</strong></span> 
     </span>
     <span class='ocr_line' id='line_1_17' title="bbox 99 1877 1168 1960; baseline 0.003 -23"><span class='ocrx_word' id='word_1_149' title='bbox 99 1877 190 1937; x_wconf 89' lang='lat' dir='ltr'><strong>etiam</strong></span> <span class='ocrx_word' id='word_1_150' title='bbox 204 1896 305 1938; x_wconf 92' lang='lat' dir='ltr'><strong>eorum</strong></span> <span class='ocrx_word' id='word_1_151' title='bbox 330 1879 553 1958; x_wconf 68' lang='lat' dir='ltr'><strong>adtractiorem,</strong></span> <span class='ocrx_word' id='word_1_152' title='bbox 576 1899 642 1958; x_wconf 75' lang='lat' dir='ltr'><strong>quae</strong></span> <span class='ocrx_word' id='word_1_153' title='bbox 655 1879 744 1942; x_wconf 90' lang='lat' dir='ltr'><strong>verba</strong></span> <span class='ocrx_word' id='word_1_154' title='bbox 760 1879 864 1940; x_wconf 79' lang='lat' dir='ltr'><strong>referri</strong></span> <span class='ocrx_word' id='word_1_155' title='bbox 879 1887 958 1940; x_wconf 89' lang='lat' dir='ltr'><strong>certe</strong></span> <span class='ocrx_word' id='word_1_156' title='bbox 972 1897 1032 1940; x_wconf 92' lang='lat' dir='ltr'><strong>non</strong></span> <span class='ocrx_word' id='word_1_157' title='bbox 1045 1889 1168 1960; x_wconf 87' lang='lat' dir='ltr'><strong>possunt</strong></span> 
     </span>
     <span class='ocr_line' id='line_1_18' title="bbox 99 1958 1168 2040; baseline 0.004 -22"><span class='ocrx_word' id='word_1_158' title='bbox 99 1958 138 2018; x_wconf 85' lang='lat' dir='ltr'><strong>ad</strong></span> <span class='ocrx_word' id='word_1_159' title='bbox 154 1959 353 2038; x_wconf 89' lang='lat' dir='ltr'><strong>episcoporum</strong></span> <span class='ocrx_word' id='word_1_160' title='bbox 374 1969 404 2022; x_wconf 91' lang='lat' dir='ltr'><strong>et</strong></span> <span class='ocrx_word' id='word_1_161' title='bbox 416 1961 587 2022; x_wconf 88' lang='lat' dir='ltr'><strong>elericorum</strong></span> <span class='ocrx_word' id='word_1_162' title='bbox 607 1961 854 2023; x_wconf 80' lang='lat' dir='ltr'><strong>intercessionem.</strong></span> <span class='ocrx_word' id='word_1_163' title='bbox 871 1965 971 2040; x_wconf 88' lang='lat' dir='ltr'><strong>Neque</strong></span> <span class='ocrx_word' id='word_1_164' title='bbox 988 1980 1073 2040; x_wconf 88' lang='lat' dir='ltr'><strong>vero,</strong></span> <span class='ocrx_word' id='word_1_165' title='bbox 1089 1971 1168 2023; x_wconf 87' lang='lat' dir='ltr'><strong>ante·</strong></span> 
     </span>
     <span class='ocr_line' id='line_1_19' title="bbox 99 2042 1167 2124; baseline 0.005 -24"><span class='ocrx_word' id='word_1_166' title='bbox 99 2060 190 2120; x_wconf 88' lang='lat' dir='ltr'><strong>quam</strong></span> <span class='ocrx_word' id='word_1_167' title='bbox 211 2042 259 2102; x_wconf 87' lang='lat' dir='ltr'><strong>illa</strong></span> <span class='ocrx_word' id='word_1_168' title='bbox 274 2042 430 2105; x_wconf 83' lang='lat' dir='ltr'><strong>Theodosii</strong></span> <span class='ocrx_word' id='word_1_169' title='bbox 444 2045 612 2106; x_wconf 85' lang='lat' dir='ltr'><strong>constitutio</strong></span> <span class='ocrx_word' id='word_1_170' title='bbox 627 2045 826 2121; x_wconf 89' lang='lat' dir='ltr'><strong>emitteretur,</strong></span> <span class='ocrx_word' id='word_1_171' title='bbox 845 2043 1046 2124; x_wconf 89' lang='lat' dir='ltr'><strong>episcoporum</strong></span> <span class='ocrx_word' id='word_1_172' title='bbox 1072 2045 1167 2106; x_wconf 89' lang='lat' dir='ltr'><strong>inter-</strong></span> 
     </span>
     <span class='ocr_line' id='line_1_20' title="bbox 99 2123 1168 2208; baseline 0.004 -25"><span class='ocrx_word' id='word_1_173' title='bbox 99 2123 272 2201; x_wconf 84' lang='lat' dir='ltr'><strong>cessionem,</strong></span> <span class='ocrx_word' id='word_1_174' title='bbox 301 2125 474 2188; x_wconf 85' lang='lat' dir='ltr'><strong>sedverum</strong></span> <span class='ocrx_word' id='word_1_175' title='bbox 496 2144 737 2208; x_wconf 69' lang='lat' dir='ltr'><strong>hegumenum,</strong></span> <span class='ocrx_word' id='word_1_176' title='bbox 762 2125 847 2204; x_wconf 90' lang='lat' dir='ltr'><strong>quale</strong></span> <span class='ocrx_word' id='word_1_177' title='bbox 874 2125 958 2186; x_wconf 87' lang='lat' dir='ltr'><strong>nohis</strong></span> <span class='ocrx_word' id='word_1_178' title='bbox 993 2133 1052 2202; x_wconf 90' lang='lat' dir='ltr'><strong>est,</strong></span> <span class='ocrx_word' id='word_1_179' title='bbox 1075 2126 1168 2187; x_wconf 90' lang='lat' dir='ltr'><strong>eoele-</strong></span> 
     </span>
     <span class='ocr_line' id='line_1_21' title="bbox 100 2203 1167 2287; baseline 0.005 -23"><span class='ocrx_word' id='word_1_180' title='bbox 100 2205 250 2267; x_wconf 83' lang='lat' dir='ltr'><strong>siasticam</strong></span> <span class='ocrx_word' id='word_1_181' title='bbox 271 2208 384 2287; x_wconf 90' lang='lat' dir='ltr'><strong>asylum</strong></span> <span class='ocrx_word' id='word_1_182' title='bbox 408 2217 551 2270; x_wconf 86' lang='lat' dir='ltr'><strong>memoret</strong></span> <span class='ocrx_word' id='word_1_183' title='bbox 565 2210 698 2272; x_wconf 81' lang='lat' dir='ltr'><strong>Nazianz.</strong></span> <span class='ocrx_word' id='word_1_184' title='bbox 723 2203 776 2268; x_wconf 91' lang='lat' dir='ltr'><strong>loo.</strong></span> <span class='ocrx_word' id='word_1_185' title='bbox 793 2207 859 2284; x_wconf 69' lang='lat' dir='ltr'><strong>cll,</strong></span> <span class='ocrx_word' id='word_1_186' title='bbox 882 2226 950 2270; x_wconf 89' lang='lat' dir='ltr'><strong>eum</strong></span> <span class='ocrx_word' id='word_1_187' title='bbox 968 2209 1167 2271; x_wconf 75' lang='grc'>6666616661-</span> 
     </span>
     <span class='ocr_line' id='line_1_22' title="bbox 100 2287 1167 2369; baseline 0.003 -21"><span class='ocrx_word' id='word_1_188' title='bbox 100 2287 175 2348; x_wconf 92' lang='lat' dir='ltr'><strong>lium</strong></span> <span class='ocrx_word' id='word_1_189' title='bbox 193 2287 356 2350; x_wconf 74' lang='lat' dir='ltr'><strong>defendisse</strong></span> <span class='ocrx_word' id='word_1_190' title='bbox 373 2290 508 2365; x_wconf 84' lang='lat' dir='ltr'><strong>viduam,</strong></span> <span class='ocrx_word' id='word_1_191' title='bbox 534 2310 600 2369; x_wconf 77' lang='lat' dir='ltr'><strong>que</strong></span> <span class='ocrx_word' id='word_1_192' title='bbox 618 2298 718 2352; x_wconf 86' lang='lat' dir='ltr'><strong>contra</strong></span> <span class='ocrx_word' id='word_1_193' title='bbox 731 2293 793 2350; x_wconf 84' lang='lat' dir='ltr'><strong>vim</strong></span> <span class='ocrx_word' id='word_1_194' title='bbox 812 2289 868 2350; x_wconf 90' lang='lat' dir='ltr'><strong>sibi</strong></span> <span class='ocrx_word' id='word_1_195' title='bbox 890 2309 907 2350; x_wconf 86' lang='lat' dir='ltr'><strong>a</strong></span> <span class='ocrx_word' id='word_1_196' title='bbox 928 2289 1063 2368; x_wconf 84' lang='lat' dir='ltr'><strong>praeieeto</strong></span> <span class='ocrx_word' id='word_1_197' title='bbox 1081 2292 1167 2352; x_wconf 89' lang='lat' dir='ltr'><strong>Ponti</strong></span> 
     </span>
     <span class='ocr_line' id='line_1_23' title="bbox 101 2369 1168 2453; baseline 0.005 -24"><span class='ocrx_word' id='word_1_198' title='bbox 101 2369 213 2430; x_wconf 88' lang='lat' dir='ltr'><strong>illatam</strong></span> <span class='ocrx_word' id='word_1_199' title='bbox 238 2371 386 2432; x_wconf 82' lang='lat' dir='ltr'><strong>adultere</strong></span> <span class='ocrx_word' id='word_1_200' title='bbox 417 2371 598 2453; x_wconf 79' lang='lat' dir='ltr'><strong>confugerat.</strong></span> <span class='ocrx_word' id='word_1_201' title='bbox 630 2372 771 2434; x_wconf 86' lang='lat' dir='ltr'><strong>Similiter</strong></span> <span class='ocrx_word' id='word_1_202' title='bbox 791 2371 898 2434; x_wconf 81' lang='lat' dir='ltr'><strong>Altaris</strong></span> <span class='ocrx_word' id='word_1_203' title='bbox 927 2378 1014 2449; x_wconf 90' lang='lat' dir='ltr'><strong>atque</strong></span> <span class='ocrx_word' id='word_1_204' title='bbox 1041 2371 1168 2434; x_wconf 73' lang='lat' dir='ltr'><strong>ecclesie</strong></span> 
     </span>
     <span class='ocr_line' id='line_1_24' title="bbox 99 2452 1167 2534; baseline 0.004 -22"><span class='ocrx_word' id='word_1_205' title='bbox 99 2452 230 2530; x_wconf 87' lang='lat' dir='ltr'><strong>asylum,</strong></span> <span class='ocrx_word' id='word_1_206' title='bbox 246 2471 304 2512; x_wconf 91' lang='lat' dir='ltr'><strong>non</strong></span> <span class='ocrx_word' id='word_1_207' title='bbox 324 2456 525 2534; x_wconf 88' lang='lat' dir='ltr'><strong>episcoporum</strong></span> <span class='ocrx_word' id='word_1_208' title='bbox 546 2455 783 2516; x_wconf 86' lang='lat' dir='ltr'><strong>intercessionem</strong></span> <span class='ocrx_word' id='word_1_209' title='bbox 807 2453 896 2514; x_wconf 89' lang='lat' dir='ltr'><strong>hahet</strong></span> <span class='ocrx_word' id='word_1_210' title='bbox 909 2452 1043 2514; x_wconf 78' lang='lat' dir='ltr'><strong>Ambros.</strong></span> <span class='ocrx_word' id='word_1_211' title='bbox 1098 2496 1105 2514; x_wconf 87' lang='lat'>.</span> <span class='ocrx_word' id='word_1_212' title='bbox 1126 2456 1167 2516; x_wconf 72' lang='lat'><strong>20</strong></span> 
     </span>
     <span class='ocr_line' id='line_1_25' title="bbox 100 2531 1165 2614; baseline 0.002 -20"><span class='ocrx_word' id='word_1_213' title='bbox 100 2551 187 2594; x_wconf 83' lang='lat' dir='ltr'><strong>num.</strong></span> <span class='ocrx_word' id='word_1_214' title='bbox 201 2537 220 2596; x_wconf 83' lang='lat'><em>8</em></span> <span class='ocrx_word' id='word_1_215' title='bbox 234 2532 290 2597; x_wconf 84' lang='lat' dir='ltr'><strong>eol.</strong></span> <span class='ocrx_word' id='word_1_216' title='bbox 307 2537 366 2596; x_wconf 88' lang='grc'><strong>905</strong></span> <span class='ocrx_word' id='word_1_217' title='bbox 382 2543 451 2597; x_wconf 82' lang='lat' dir='ltr'><strong>tora.</strong></span> <span class='ocrx_word' id='word_1_218' title='bbox 477 2539 495 2598; x_wconf 90' lang='grc'><strong>5</strong></span> <span class='ocrx_word' id='word_1_219' title='bbox 517 2533 564 2596; x_wconf 86' lang='lat' dir='ltr'><strong>cd.</strong></span> <span class='ocrx_word' id='word_1_220' title='bbox 579 2537 641 2614; x_wconf 81' lang='lat' dir='ltr'><strong>cit„</strong></span> <span class='ocrx_word' id='word_1_221' title='bbox 659 2545 689 2596; x_wconf 92' lang='lat' dir='ltr'><strong>et</strong></span> <span class='ocrx_word' id='word_1_222' title='bbox 708 2534 879 2598; x_wconf 81' lang='lat' dir='ltr'><strong>Ammianus</strong></span> <span class='ocrx_word' id='word_1_223' title='bbox 899 2535 1026 2596; x_wconf 83' lang='lat' dir='ltr'><strong>Marcell.</strong></span> <span class='ocrx_word' id='word_1_224' title='bbox 1053 2531 1077 2596; x_wconf 92' lang='lat' dir='ltr'><strong>li</strong></span> <span class='ocrx_word' id='word_1_225' title='bbox 1095 2579 1102 2594; x_wconf 90' lang='lat'><strong>.</strong></span> <span class='ocrx_word' id='word_1_226' title='bbox 1128 2539 1165 2596; x_wconf 91' lang='grc'><strong>15</strong></span> 
     </span>
     <span class='ocr_line' id='line_1_26' title="bbox 101 2615 1165 2700; baseline 0.002 -24"><span class='ocrx_word' id='word_1_227' title='bbox 101 2635 188 2677; x_wconf 83' lang='lat' dir='ltr'><strong>num.</strong></span> <span class='ocrx_word' id='word_1_228' title='bbox 213 2619 314 2699; x_wconf 81' lang='lat' dir='ltr'><strong>bpaq.</strong></span> <span class='ocrx_word' id='word_1_229' title='bbox 333 2620 368 2679; x_wconf 87' lang='grc'><strong>51</strong></span> <span class='ocrx_word' id='word_1_230' title='bbox 394 2626 423 2678; x_wconf 91' lang='lat' dir='ltr'><strong>et</strong></span> <span class='ocrx_word' id='word_1_231' title='bbox 445 2615 496 2680; x_wconf 78' lang='lat' dir='ltr'><strong>lib.</strong></span> <span class='ocrx_word' id='word_1_232' title='bbox 514 2621 553 2678; x_wconf 76' lang='grc'>16</span> <span class='ocrx_word' id='word_1_233' title='bbox 576 2637 661 2680; x_wconf 83' lang='lat' dir='ltr'><strong>num.</strong></span> <span class='ocrx_word' id='word_1_234' title='bbox 679 2619 697 2679; x_wconf 91' lang='grc'><strong>5</strong></span> <span class='ocrx_word' id='word_1_235' title='bbox 722 2637 794 2700; x_wconf 77' lang='lat' dir='ltr'><strong>pop.</strong></span> <span class='ocrx_word' id='word_1_236' title='bbox 811 2615 955 2679; x_wconf 79' lang='grc'>56566111.</span> <span class='ocrx_word' id='word_1_237' title='bbox 977 2616 1165 2700; x_wconf 66' lang='grc'>11661775.</span> 
     </span>
     <span class='ocr_line' id='line_1_27' title="bbox 102 2698 1168 2780; baseline 0.003 -21"><span class='ocrx_word' id='word_1_238' title='bbox 102 2701 199 2776; x_wconf 81' lang='lat' dir='ltr'><strong>Atque</strong></span> <span class='ocrx_word' id='word_1_239' title='bbox 210 2699 312 2760; x_wconf 91' lang='lat' dir='ltr'><strong>eadem</strong></span> <span class='ocrx_word' id='word_1_240' title='bbox 322 2715 437 2778; x_wconf 87' lang='lat' dir='ltr'><strong>semper</strong></span> <span class='ocrx_word' id='word_1_241' title='bbox 449 2700 506 2761; x_wconf 84' lang='lat' dir='ltr'><strong>tuit</strong></span> <span class='ocrx_word' id='word_1_242' title='bbox 519 2701 662 2761; x_wconf 89' lang='lat' dir='ltr'><strong>sententia</strong></span> <span class='ocrx_word' id='word_1_243' title='bbox 675 2719 777 2762; x_wconf 87' lang='lat' dir='ltr'><strong>corum</strong></span> <span class='ocrx_word' id='word_1_244' title='bbox 788 2699 935 2774; x_wconf 90' lang='lat' dir='ltr'><strong>omnium,</strong></span> <span class='ocrx_word' id='word_1_245' title='bbox 953 2700 1004 2780; x_wconf 93' lang='lat' dir='ltr'><strong>qui</strong></span> <span class='ocrx_word' id='word_1_246' title='bbox 1017 2706 1082 2779; x_wconf 88' lang='lat' dir='ltr'><strong>pest</strong></span> <span class='ocrx_word' id='word_1_247' title='bbox 1092 2698 1168 2762; x_wconf 86' lang='lat' dir='ltr'><strong>hune</strong></span> 
     </span>
     <span class='ocr_line' id='line_1_28' title="bbox 102 2779 1167 2862; baseline 0.003 -22"><span class='ocrx_word' id='word_1_248' title='bbox 102 2789 218 2841; x_wconf 74' lang='lat' dir='ltr'><strong>etatem</strong></span> <span class='ocrx_word' id='word_1_249' title='bbox 233 2779 408 2843; x_wconf 86' lang='lat' dir='ltr'><strong>floruerunt.</strong></span> <span class='ocrx_word' id='word_1_250' title='bbox 423 2783 576 2862; x_wconf 87' lang='lat' dir='ltr'><strong>Cyriacus,</strong></span> <span class='ocrx_word' id='word_1_251' title='bbox 591 2783 642 2861; x_wconf 92' lang='lat' dir='ltr'><strong>qui</strong></span> <span class='ocrx_word' id='word_1_252' title='bbox 664 2782 696 2843; x_wconf 89' lang='lat' dir='ltr'><strong>iu</strong></span> <span class='ocrx_word' id='word_1_253' title='bbox 715 2781 812 2843; x_wconf 89' lang='lat' dir='ltr'><strong>locum</strong></span> <span class='ocrx_word' id='word_1_254' title='bbox 823 2784 870 2843; x_wconf 85' lang='lat' dir='ltr'><strong>le.</strong></span> <span class='ocrx_word' id='word_1_255' title='bbox 885 2781 1061 2859; x_wconf 86' lang='lat' dir='ltr'><strong>lejunatoris</strong></span> <span class='ocrx_word' id='word_1_256' title='bbox 1074 2781 1167 2843; x_wconf 88' lang='lat' dir='ltr'><strong>lactus</strong></span> 
     </span>
     <span class='ocr_line' id='line_1_29' title="bbox 103 2863 1167 2943; baseline 0.002 -21"><span class='ocrx_word' id='word_1_257' title='bbox 103 2869 148 2922; x_wconf 84' lang='lat' dir='ltr'><strong>est</strong></span> <span class='ocrx_word' id='word_1_258' title='bbox 166 2863 330 2941; x_wconf 87' lang='lat' dir='ltr'><strong>patriarcha</strong></span> <span class='ocrx_word' id='word_1_259' title='bbox 355 2867 411 2926; x_wconf 83' lang='lat' dir='ltr'><strong>GP.</strong></span> <span class='ocrx_word' id='word_1_260' title='bbox 437 2872 570 2925; x_wconf 88' lang='lat' dir='ltr'><strong>vertente</strong></span> <span class='ocrx_word' id='word_1_261' title='bbox 597 2882 673 2925; x_wconf 88' lang='lat' dir='ltr'><strong>anno</strong></span> <span class='ocrx_word' id='word_1_262' title='bbox 702 2865 777 2942; x_wconf 84' lang='grc'><strong>595,</strong></span> <span class='ocrx_word' id='word_1_263' title='bbox 802 2882 856 2942; x_wconf 92' lang='lat' dir='ltr'><strong>pro</strong></span> <span class='ocrx_word' id='word_1_264' title='bbox 880 2863 974 2941; x_wconf 88' lang='lat' dir='ltr'><strong>asylo,</strong></span> <span class='ocrx_word' id='word_1_265' title='bbox 1004 2881 1042 2924; x_wconf 90' lang='lat' dir='ltr'><strong>ne</strong></span> <span class='ocrx_word' id='word_1_266' title='bbox 1065 2864 1167 2943; x_wconf 89' lang='lat' dir='ltr'><strong>templi</strong></span> 
     </span>
     <span class='ocr_line' id='line_1_30' title="bbox 102 2945 1166 3024; baseline 0.001 -19"><span class='ocrx_word' id='word_1_267' title='bbox 102 2945 239 3006; x_wconf 85' lang='lat' dir='ltr'><strong>sanctitas</strong></span> <span class='ocrx_word' id='word_1_268' title='bbox 252 2946 425 3010; x_wconf 80' lang='lat' dir='ltr'><strong>violaretur.</strong></span> <span class='ocrx_word' id='word_1_269' title='bbox 441 2946 579 3006; x_wconf 86' lang='lat' dir='ltr'><strong>adversus</strong></span> <span class='ocrx_word' id='word_1_270' title='bbox 597 2945 723 3007; x_wconf 84' lang='lat' dir='ltr'><strong>Phocum</strong></span> <span class='ocrx_word' id='word_1_271' title='bbox 740 2946 836 3024; x_wconf 91' lang='lat' dir='ltr'><strong>ipsum</strong></span> <span class='ocrx_word' id='word_1_272' title='bbox 849 2945 1056 3024; x_wconf 85' lang='lat' dir='ltr'><strong>imperatorem</strong></span> <span class='ocrx_word' id='word_1_273' title='bbox 1069 2947 1166 3022; x_wconf 88' lang='lat' dir='ltr'><strong>stetit,</strong></span> 
     </span>
     <span class='ocr_line' id='line_1_31' title="bbox 102 3024 1167 3110; baseline 0.002 -24"><span class='ocrx_word' id='word_1_274' title='bbox 102 3045 158 3086; x_wconf 89' lang='lat' dir='ltr'><strong>nec</strong></span> <span class='ocrx_word' id='word_1_275' title='bbox 170 3046 270 3106; x_wconf 89' lang='lat' dir='ltr'><strong>possus</strong></span> <span class='ocrx_word' id='word_1_276' title='bbox 293 3037 352 3104; x_wconf 90' lang='lat' dir='ltr'><strong>est,</strong></span> <span class='ocrx_word' id='word_1_277' title='bbox 376 3027 419 3088; x_wconf 89' lang='lat' dir='ltr'><strong>uti</strong></span> <span class='ocrx_word' id='word_1_278' title='bbox 439 3036 537 3089; x_wconf 88' lang='lat' dir='ltr'><strong>narrat</strong></span> <span class='ocrx_word' id='word_1_279' title='bbox 562 3026 755 3106; x_wconf 85' lang='lat' dir='ltr'><strong>Theophanes</strong></span> <span class='ocrx_word' id='word_1_280' title='bbox 774 3027 807 3086; x_wconf 84' lang='lat' dir='ltr'><strong>irs</strong></span> <span class='ocrx_word' id='word_1_281' title='bbox 830 3024 992 3109; x_wconf 78' lang='lat' dir='ltr'><strong>Chrorroqr.</strong></span> <span class='ocrx_word' id='word_1_282' title='bbox 1007 3046 1078 3110; x_wconf 78' lang='lat' dir='ltr'><strong>pop.</strong></span> <span class='ocrx_word' id='word_1_283' title='bbox 1107 3029 1167 3089; x_wconf 77' lang='lat' dir='ltr'><strong>att</strong></span> 
     </span>
     <span class='ocr_line' id='line_1_32' title="bbox 102 3107 1168 3186; baseline 0.002 -18"><span class='ocrx_word' id='word_1_284' title='bbox 102 3107 150 3169; x_wconf 89' lang='lat' dir='ltr'><strong>ed.</strong></span> <span class='ocrx_word' id='word_1_285' title='bbox 177 3109 279 3171; x_wconf 85' lang='lat' dir='ltr'><strong>Poris.</strong></span> <span class='ocrx_word' id='word_1_286' title='bbox 304 3112 399 3186; x_wconf 89' lang='grc'><strong>1655,</strong></span> <span class='ocrx_word' id='word_1_287' title='bbox 422 3110 458 3170; x_wconf 91' lang='lat' dir='ltr'><strong>ab</strong></span> <span class='ocrx_word' id='word_1_288' title='bbox 480 3109 597 3170; x_wconf 88' lang='lat' dir='ltr'><strong>ecelesia</strong></span> <span class='ocrx_word' id='word_1_289' title='bbox 619 3109 703 3170; x_wconf 91' lang='lat' dir='ltr'><strong>educi</strong></span> <span class='ocrx_word' id='word_1_290' title='bbox 730 3109 948 3170; x_wconf 87' lang='lat' dir='ltr'><strong>Constantinam</strong></span> <span class='ocrx_word' id='word_1_291' title='bbox 968 3109 1112 3182; x_wconf 74' lang='lat' dir='ltr'><strong>humilii,</strong></span> <span class='ocrx_word' id='word_1_292' title='bbox 1139 3119 1168 3170; x_wconf 90' lang='lat' dir='ltr'><strong>et</strong></span> 
     </span>
     <span class='ocr_line' id='line_1_33' title="bbox 102 3189 1170 3270; baseline 0.003 -20"><span class='ocrx_word' id='word_1_293' title='bbox 102 3200 164 3250; x_wconf 88' lang='lat' dir='ltr'><strong>tres</strong></span> <span class='ocrx_word' id='word_1_294' title='bbox 178 3193 240 3270; x_wconf 89' lang='lat' dir='ltr'><strong>ejus</strong></span> <span class='ocrx_word' id='word_1_295' title='bbox 255 3191 347 3268; x_wconf 88' lang='lat' dir='ltr'><strong>filias,</strong></span> <span class='ocrx_word' id='word_1_296' title='bbox 375 3191 431 3252; x_wconf 90' lang='lat' dir='ltr'><strong>nisi</strong></span> <span class='ocrx_word' id='word_1_297' title='bbox 454 3200 537 3252; x_wconf 85' lang='lat' dir='ltr'><strong>antea</strong></span> <span class='ocrx_word' id='word_1_298' title='bbox 559 3190 684 3266; x_wconf 89' lang='lat' dir='ltr'><strong>Phocas,</strong></span> <span class='ocrx_word' id='word_1_299' title='bbox 704 3208 752 3251; x_wconf 86' lang='lat' dir='ltr'><strong>eas</strong></span> <span class='ocrx_word' id='word_1_300' title='bbox 772 3189 863 3250; x_wconf 84' lang='lat' dir='ltr'><strong>salvas</strong></span> <span class='ocrx_word' id='word_1_301' title='bbox 885 3190 948 3250; x_wconf 84' lang='lat' dir='ltr'><strong>lore</strong></span> <span class='ocrx_word' id='word_1_302' title='bbox 963 3191 1079 3269; x_wconf 86' lang='lat' dir='ltr'><strong>juratus</strong></span> <span class='ocrx_word' id='word_1_303' title='bbox 1103 3210 1170 3253; x_wconf 89' lang='lat' dir='ltr'><strong>eon·</strong></span> 
     </span>
     <span class='ocr_line' id='line_1_34' title="bbox 104 3269 1165 3356; baseline 0.002 -24"><span class='ocrx_word' id='word_1_304' title='bbox 104 3272 259 3335; x_wconf 83' lang='lat' dir='ltr'><strong>firmasset.</strong></span> <span class='ocrx_word' id='word_1_305' title='bbox 275 3275 381 3337; x_wconf 88' lang='lat' dir='ltr'><strong>Conler</strong></span> <span class='ocrx_word' id='word_1_306' title='bbox 405 3275 535 3336; x_wconf 77' lang='lat' dir='ltr'><strong>etiams.</strong></span> <span class='ocrx_word' id='word_1_307' title='bbox 560 3277 647 3355; x_wconf 77' lang='lat' dir='ltr'><strong>Greg.</strong></span> <span class='ocrx_word' id='word_1_308' title='bbox 663 3276 703 3335; x_wconf 89' lang='grc'>111.</span> <span class='ocrx_word' id='word_1_309' title='bbox 720 3291 765 3354; x_wconf 89' lang='lat' dir='ltr'><strong>ep.</strong></span> <span class='ocrx_word' id='word_1_310' title='bbox 783 3273 821 3332; x_wconf 87' lang='grc'><strong>57</strong></span> <span class='ocrx_word' id='word_1_311' title='bbox 836 3269 886 3343; x_wconf 79' lang='lat' dir='ltr'><strong>tit,</strong></span> <span class='ocrx_word' id='word_1_312' title='bbox 904 3275 933 3349; x_wconf 87' lang='grc'><strong>1,</strong></span> <span class='ocrx_word' id='word_1_313' title='bbox 947 3281 976 3334; x_wconf 87' lang='lat' dir='ltr'><strong>et</strong></span> <span class='ocrx_word' id='word_1_314' title='bbox 996 3293 1041 3356; x_wconf 85' lang='lat' dir='ltr'><strong>ep.</strong></span> <span class='ocrx_word' id='word_1_315' title='bbox 1057 3275 1096 3336; x_wconf 88' lang='grc'><strong>58</strong></span> <span class='ocrx_word' id='word_1_316' title='bbox 1115 3271 1165 3337; x_wconf 86' lang='lat' dir='ltr'><strong>lib.</strong></span> 
     </span>
     <span class='ocr_line' id='line_1_35' title="bbox 103 3353 1169 3432; baseline 0.002 -16"><span class='ocrx_word' id='word_1_317' title='bbox 103 3353 343 3418; x_wconf 72' lang='grc'>1016661666.</span> <span class='ocrx_word' id='word_1_318' title='bbox 366 3357 427 3418; x_wconf 76' lang='lat' dir='ltr'><strong>tur</strong></span> <span class='ocrx_word' id='word_1_319' title='bbox 440 3363 468 3418; x_wconf 87' lang='lat' dir='ltr'><strong>et</strong></span> <span class='ocrx_word' id='word_1_320' title='bbox 491 3357 570 3418; x_wconf 85' lang='grc'>1668</span> <span class='ocrx_word' id='word_1_321' title='bbox 585 3353 655 3416; x_wconf 91' lang='lat' dir='ltr'><strong>edit.</strong></span> <span class='ocrx_word' id='word_1_322' title='bbox 680 3353 783 3415; x_wconf 85' lang='lat' dir='ltr'><strong>Poris.</strong></span> <span class='ocrx_word' id='word_1_323' title='bbox 805 3354 903 3432; x_wconf 77' lang='lat'><strong>1⁷053</strong></span> <span class='ocrx_word' id='word_1_324' title='bbox 925 3359 1011 3418; x_wconf 86' lang='lat' dir='ltr'><strong>Cone.</strong></span> <span class='ocrx_word' id='word_1_325' title='bbox 1037 3357 1169 3418; x_wconf 75' lang='lat' dir='ltr'><strong>derebi</strong></span> 
     </span>
     <span class='ocr_line' id='line_1_36' title="bbox 103 3433 1167 3500; baseline -0.002 -2"><span class='ocrx_word' id='word_1_326' title='bbox 103 3457 174 3499; x_wconf 82' lang='lat' dir='ltr'><strong>caro.</strong></span> <span class='ocrx_word' id='word_1_327' title='bbox 192 3439 207 3498; x_wconf 93' lang='grc'>1</span> <span class='ocrx_word' id='word_1_328' title='bbox 233 3445 261 3498; x_wconf 86' lang='lat' dir='ltr'><strong>et</strong></span> <span class='ocrx_word' id='word_1_329' title='bbox 281 3443 321 3500; x_wconf 84' lang='lat' dir='ltr'><strong>tv</strong></span> <span class='ocrx_word' id='word_1_330' title='bbox 348 3457 414 3499; x_wconf 79' lang='lat' dir='ltr'><strong>carr.</strong></span> <span class='ocrx_word' id='word_1_331' title='bbox 440 3440 475 3499; x_wconf 76' lang='grc'><strong>11</strong></span> <span class='ocrx_word' id='word_1_332' title='bbox 504 3435 561 3500; x_wconf 89' lang='lat' dir='ltr'><strong>col.</strong></span> <span class='ocrx_word' id='word_1_333' title='bbox 578 3439 636 3498; x_wconf 79' lang='grc'><strong>515</strong></span> <span class='ocrx_word' id='word_1_334' title='bbox 660 3444 690 3497; x_wconf 88' lang='lat' dir='ltr'><strong>et</strong></span> <span class='ocrx_word' id='word_1_335' title='bbox 709 3439 788 3498; x_wconf 90' lang='grc'>1568</span> <span class='ocrx_word' id='word_1_336' title='bbox 810 3445 880 3497; x_wconf 86' lang='lat' dir='ltr'><strong>tom.</strong></span> <span class='ocrx_word' id='word_1_337' title='bbox 905 3433 1041 3499; x_wconf 79' lang='lat' dir='ltr'><strong>booetii.</strong></span> <span class='ocrx_word' id='word_1_338' title='bbox 1061 3437 1167 3500; x_wconf 89' lang='lat' dir='ltr'><strong>Lahbei</strong></span> 
     </span>
     <span class='ocr_line' id='line_1_37' title="bbox 102 3515 1169 3601; baseline -0.001 -21"><span class='ocrx_word' id='word_1_339' title='bbox 102 3518 152 3581; x_wconf 89' lang='lat' dir='ltr'><strong>ed.</strong></span> <span class='ocrx_word' id='word_1_340' title='bbox 179 3521 291 3596; x_wconf 77' lang='lat' dir='ltr'><strong>Vocet,</strong></span> <span class='ocrx_word' id='word_1_341' title='bbox 307 3527 337 3580; x_wconf 92' lang='lat' dir='ltr'><strong>et</strong></span> <span class='ocrx_word' id='word_1_342' title='bbox 357 3521 506 3582; x_wconf 82' lang='lat' dir='ltr'><strong>Matiscon.</strong></span> <span class='ocrx_word' id='word_1_343' title='bbox 524 3523 552 3581; x_wconf 88' lang='lat'><strong>11</strong></span> <span class='ocrx_word' id='word_1_344' title='bbox 565 3538 632 3580; x_wconf 83' lang='lat' dir='ltr'><strong>carr.</strong></span> <span class='ocrx_word' id='word_1_345' title='bbox 649 3521 667 3579; x_wconf 89' lang='lat'>8</span> <span class='ocrx_word' id='word_1_346' title='bbox 689 3526 759 3598; x_wconf 67' lang='lat' dir='ltr'><strong>torro.</strong></span> <span class='ocrx_word' id='word_1_347' title='bbox 784 3519 802 3580; x_wconf 97' lang='grc'><strong>6</strong></span> <span class='ocrx_word' id='word_1_348' title='bbox 825 3515 880 3580; x_wconf 88' lang='lat' dir='ltr'><strong>col.</strong></span> <span class='ocrx_word' id='word_1_349' title='bbox 902 3521 973 3580; x_wconf 88' lang='grc'><strong>676.</strong></span> <span class='ocrx_word' id='word_1_350' title='bbox 996 3521 1060 3582; x_wconf 88' lang='lat' dir='ltr'><strong>Non</strong></span> <span class='ocrx_word' id='word_1_351' title='bbox 1077 3519 1169 3601; x_wconf 76' lang='lat' dir='ltr'><strong>igitur</strong></span> 
     </span>
     <span class='ocr_line' id='line_1_38' title="bbox 102 3599 1166 3681; baseline -0.001 -19"><span class='ocrx_word' id='word_1_352' title='bbox 102 3601 305 3681; x_wconf 91' lang='lat' dir='ltr'><strong>episcoporum</strong></span> <span class='ocrx_word' id='word_1_353' title='bbox 319 3601 486 3663; x_wconf 86' lang='lat' dir='ltr'><strong>intercessio</strong></span> <span class='ocrx_word' id='word_1_354' title='bbox 507 3619 574 3662; x_wconf 89' lang='lat' dir='ltr'><strong>eum</strong></span> <span class='ocrx_word' id='word_1_355' title='bbox 593 3600 781 3662; x_wconf 87' lang='lat' dir='ltr'><strong>eeclesiastico</strong></span> <span class='ocrx_word' id='word_1_356' title='bbox 804 3602 884 3680; x_wconf 85' lang='lat' dir='ltr'><strong>asylo</strong></span> <span class='ocrx_word' id='word_1_357' title='bbox 901 3600 1041 3662; x_wconf 84' lang='lat' dir='ltr'><strong>oonsundi</strong></span> <span class='ocrx_word' id='word_1_358' title='bbox 1064 3599 1166 3677; x_wconf 80' lang='lat' dir='ltr'><strong>debet3</strong></span> 
     </span>
     <span class='ocr_line' id='line_1_39' title="bbox 103 3682 1168 3762; baseline -0.001 -18"><span class='ocrx_word' id='word_1_359' title='bbox 103 3684 272 3744; x_wconf 85' lang='lat' dir='ltr'><strong>intercessio</strong></span> <span class='ocrx_word' id='word_1_360' title='bbox 296 3683 455 3744; x_wconf 87' lang='lat' dir='ltr'><strong>obsecratio</strong></span> <span class='ocrx_word' id='word_1_361' title='bbox 473 3692 549 3759; x_wconf 90' lang='lat' dir='ltr'><strong>erat,</strong></span> <span class='ocrx_word' id='word_1_362' title='bbox 565 3691 594 3743; x_wconf 94' lang='lat' dir='ltr'><strong>et</strong></span> <span class='ocrx_word' id='word_1_363' title='bbox 617 3701 698 3762; x_wconf 91' lang='lat' dir='ltr'><strong>spem</strong></span> <span class='ocrx_word' id='word_1_364' title='bbox 720 3682 846 3762; x_wconf 91' lang='lat' dir='ltr'><strong>ponebat</strong></span> <span class='ocrx_word' id='word_1_365' title='bbox 864 3683 895 3743; x_wconf 91' lang='lat' dir='ltr'><strong>in</strong></span> <span class='ocrx_word' id='word_1_366' title='bbox 916 3683 1005 3744; x_wconf 84' lang='lat' dir='ltr'><strong>venia</strong></span> <span class='ocrx_word' id='word_1_367' title='bbox 1023 3689 1110 3760; x_wconf 88' lang='lat' dir='ltr'><strong>atque</strong></span> <span class='ocrx_word' id='word_1_368' title='bbox 1136 3683 1168 3743; x_wconf 92' lang='lat' dir='ltr'><strong>in</strong></span> 
     </span>
     <span class='ocr_line' id='line_1_40' title="bbox 104 3764 1169 3846; baseline -0.003 -20"><span class='ocrx_word' id='word_1_369' title='bbox 104 3766 304 3827; x_wconf 86' lang='lat' dir='ltr'><strong>misericordia</strong></span> <span class='ocrx_word' id='word_1_370' title='bbox 316 3767 471 3846; x_wconf 89' lang='lat' dir='ltr'><strong>principis,</strong></span> <span class='ocrx_word' id='word_1_371' title='bbox 488 3764 539 3826; x_wconf 91' lang='lat' dir='ltr'><strong>sed</strong></span> <span class='ocrx_word' id='word_1_372' title='bbox 553 3765 666 3846; x_wconf 89' lang='lat' dir='ltr'><strong>asylum</strong></span> <span class='ocrx_word' id='word_1_373' title='bbox 686 3765 824 3826; x_wconf 88' lang='lat' dir='ltr'><strong>tuebatur</strong></span> <span class='ocrx_word' id='word_1_374' title='bbox 835 3784 919 3827; x_wconf 90' lang='lat' dir='ltr'><strong>reum</strong></span> <span class='ocrx_word' id='word_1_375' title='bbox 930 3764 997 3843; x_wconf 89' lang='lat' dir='ltr'><strong>jure</strong></span> <span class='ocrx_word' id='word_1_376' title='bbox 1010 3765 1169 3825; x_wconf 87' lang='lat' dir='ltr'><strong>sanctitatis</strong></span> 
     </span>
     <span class='ocr_line' id='line_1_41' title="bbox 102 3847 1170 3926; baseline -0.001 -19"><span class='ocrx_word' id='word_1_377' title='bbox 102 3849 160 3909; x_wconf 90' lang='lat' dir='ltr'><strong>loci</strong></span> <span class='ocrx_word' id='word_1_378' title='bbox 183 3856 211 3908; x_wconf 92' lang='lat' dir='ltr'><strong>et</strong></span> <span class='ocrx_word' id='word_1_379' title='bbox 224 3851 411 3916; x_wconf 73' lang='lat' dir='ltr'><strong>reverentiae,</strong></span> <span class='ocrx_word' id='word_1_380' title='bbox 425 3866 483 3926; x_wconf 87' lang='lat' dir='ltr'><strong>qua</strong></span> <span class='ocrx_word' id='word_1_381' title='bbox 504 3847 676 3908; x_wconf 89' lang='lat' dir='ltr'><strong>christianos</strong></span> <span class='ocrx_word' id='word_1_382' title='bbox 696 3848 749 3909; x_wconf 89' lang='lat' dir='ltr'><strong>Dei</strong></span> <span class='ocrx_word' id='word_1_383' title='bbox 766 3847 885 3909; x_wconf 90' lang='lat' dir='ltr'><strong>domum</strong></span> <span class='ocrx_word' id='word_1_384' title='bbox 899 3847 1035 3926; x_wconf 87' lang='lat' dir='ltr'><strong>prosequi</strong></span> <span class='ocrx_word' id='word_1_385' title='bbox 1052 3854 1170 3925; x_wconf 87' lang='lat' dir='ltr'><strong>oporte-</strong></span> 
     </span>
     <span class='ocr_line' id='line_1_42' title="bbox 104 3927 1169 4010; baseline -0.001 -20"><span class='ocrx_word' id='word_1_386' title='bbox 104 3931 168 3990; x_wconf 89' lang='lat' dir='ltr'><strong>bat.</strong></span> <span class='ocrx_word' id='word_1_387' title='bbox 185 3931 318 4009; x_wconf 90' lang='lat' dir='ltr'><strong>Denique</strong></span> <span class='ocrx_word' id='word_1_388' title='bbox 340 3929 418 4008; x_wconf 91' lang='lat' dir='ltr'><strong>quod</strong></span> <span class='ocrx_word' id='word_1_389' title='bbox 438 3929 561 4006; x_wconf 88' lang='lat' dir='ltr'><strong>dicitur,</strong></span> <span class='ocrx_word' id='word_1_390' title='bbox 583 3929 806 3991; x_wconf 87' lang='lat' dir='ltr'><strong>ecclesiasticum</strong></span> <span class='ocrx_word' id='word_1_391' title='bbox 820 3931 933 4010; x_wconf 91' lang='lat' dir='ltr'><strong>asylum</strong></span> <span class='ocrx_word' id='word_1_392' title='bbox 948 3929 1002 3987; x_wconf 90' lang='lat' dir='ltr'><strong>niti</strong></span> <span class='ocrx_word' id='word_1_393' title='bbox 1029 3927 1169 3990; x_wconf 81' lang='lat' dir='ltr'><strong>beneficio</strong></span> 
     </span>
     <span class='ocr_line' id='line_1_43' title="bbox 105 4009 1170 4093; baseline 0 -22"><span class='ocrx_word' id='word_1_394' title='bbox 105 4012 260 4091; x_wconf 88' lang='lat' dir='ltr'><strong>principis,</strong></span> <span class='ocrx_word' id='word_1_395' title='bbox 288 4021 375 4090; x_wconf 91' lang='lat' dir='ltr'><strong>atque</strong></span> <span class='ocrx_word' id='word_1_396' title='bbox 396 4031 413 4072; x_wconf 92' lang='lat' dir='ltr'><strong>a</strong></span> <span class='ocrx_word' id='word_1_397' title='bbox 436 4012 569 4073; x_wconf 80' lang='lat' dir='ltr'><strong>civilibus</strong></span> <span class='ocrx_word' id='word_1_398' title='bbox 590 4013 704 4093; x_wconf 80' lang='lat' dir='ltr'><strong>legibus</strong></span> <span class='ocrx_word' id='word_1_399' title='bbox 724 4029 786 4072; x_wconf 90' lang='lat' dir='ltr'><strong>esse</strong></span> <span class='ocrx_word' id='word_1_400' title='bbox 808 4012 987 4090; x_wconf 86' lang='lat' dir='ltr'><strong>proiectum,</strong></span> <span class='ocrx_word' id='word_1_401' title='bbox 1012 4009 1043 4070; x_wconf 92' lang='lat' dir='ltr'><strong>id</strong></span> <span class='ocrx_word' id='word_1_402' title='bbox 1065 4011 1170 4072; x_wconf 84' lang='lat' dir='ltr'><strong>salsum</strong></span> 
     </span>
     <span class='ocr_line' id='line_1_44' title="bbox 105 4091 1170 4174; baseline 0 -20"><span class='ocrx_word' id='word_1_403' title='bbox 105 4113 169 4154; x_wconf 89' lang='lat' dir='ltr'><strong>esse</strong></span> <span class='ocrx_word' id='word_1_404' title='bbox 185 4093 460 4172; x_wconf 84' lang='lat' dir='ltr'><strong>demonstravimus,</strong></span> <span class='ocrx_word' id='word_1_405' title='bbox 483 4113 550 4156; x_wconf 90' lang='lat' dir='ltr'><strong>cum</strong></span> <span class='ocrx_word' id='word_1_406' title='bbox 571 4094 644 4156; x_wconf 89' lang='lat' dir='ltr'><strong>illud</strong></span> <span class='ocrx_word' id='word_1_407' title='bbox 661 4093 809 4154; x_wconf 87' lang='lat' dir='ltr'><strong>induxerit</strong></span> <span class='ocrx_word' id='word_1_408' title='bbox 834 4093 894 4172; x_wconf 88' lang='lat' dir='ltr'><strong>ipsu</strong></span> <span class='ocrx_word' id='word_1_409' title='bbox 915 4092 958 4152; x_wconf 90' lang='lat' dir='ltr'><strong>vis</strong></span> <span class='ocrx_word' id='word_1_410' title='bbox 972 4091 1122 4174; x_wconf 79' lang='lat' dir='ltr'><strong>religionis</strong></span> <span class='ocrx_word' id='word_1_411' title='bbox 1141 4101 1170 4154; x_wconf 86' lang='lat' dir='ltr'><strong>et</strong></span> 
     </span>
    </p>
   </div>
   <div class='ocr_carea' id='block_1_3' title="bbox 0 0 1590 5188">
    <p class='ocr_par' dir='ltr' id='par_1_4' title="bbox 0 0 1590 5188">
     <span class='ocr_line' id='line_1_45' title="bbox 0 0 1590 5188; baseline 0 0"><span class='ocrx_word' id='word_1_412' title='bbox 0 0 1590 5188; x_wconf 95' lang='lat' dir='ltr'><strong> </strong></span> 
     </span>
    </p>
   </div>
  </div>
 </body>
</html>
