3134 5144
503 419 649 492 ..245
674 463 723 478 -

94 569 177 648 cipiet,
193 567 229 629 sd
245 569 427 646 superiorem
446 567 597 632 evehatur.
614 570 720 634 Couim
732 569 820 632 etiam
830 570 987 636 dementia
998 574 1071 636 ·Vlll
1085 575 1137 638 cit.

94 650 221 712 comitet.
237 653 411 712 ltonmaaat
427 649 615 733 Perusiam,
637 670 695 731 qua
717 652 858 738 episcopis
874 653 1019 728 restituta⁴
1031 664 1076 716 ast
1096 657 1141 718 ta-

94 733 166 794 mltrs
189 752 221 794 es
236 733 269 794 iu
287 743 323 794 re
339 731 543 812 dispensandi,
563 751 652 813 quam
669 733 721 796 uni
739 733 802 796 sedi
824 735 995 813 spasmum
1011 755 1143 814 merra·

94 825 159 876 rent
167 817 262 879 Sixtus
274 819 301 878 V
314 814 365 876 ait.
378 815 532 878 ‘marstem
545 817 691 880 Sortem
699 825 733 878 at
742 812 889 882 salutare.

130 1017 155 1118 §.
191 1017 279 1092 vill.
321 1009 388 1091 Sed
415 1034 448 1092 et
471 1017 577 1092 'certa
620 1021 788 1094 intervalla
820 1037 1028 1124 temporum,
1064 1047 1142 1122 quae

93 1123 264 1190 interstitio
303 1135 480 1208 vocantur,
514 1121 599 1192 inter
631 1146 740 1202 unum
768 1135 867 1218 atque
905 1117 1046 1192 alterum
1086 1147 1143 1194 or-

93 1215 186 1286 dinem
209 1215 331 1287 debent
353 1215 575 1308 intercedere,
602 1243 705 1315 esque
740 1244 809 1290 non
847 1234 977 1290 tanturn
1009 1221 1046 1289 in
1076 1245 1143 1290 ma·

105 1314 216 1404 oribus,
234 1313 292 1386 sed
308 1316 408 1384 etiam
423 1317 458 1384 in
482 1316 662 1387 minoribus
690 1315 860 1388 ordinibus
875 1315 1030 1387 servanda
1050 1334 1140 1387 sunt.

90 1339 180 1482 ilaus
201 1416 235 1482 in
266 1410 397 1484 molesia
429 1429 481 1484 est
512 1413 564 1484 lex
589 1415 835 1486 interstitiorum
876 1413 950 1512 (i);
992 1430 1041 1485 et»
1068 1413 1145 1486 licet

93 1509 163 1582 olim
195 1509 287 1608 aliqui
329 1509 496 1583 interdum
526 1514 667 1584 minores
695 1511 824 1584 ordines
849 1514 987 1610 impune
1008 1513 1144 1584 omitte-

91 1620 196 1678 rentur
219 1609 291 1703 (ᾖ),
307 1634 490 1706 numquam
519 1625 631 1690 tamen
658 1625 745 1682 recte
770 1611 842 1708 quis
865 1625 1015 1706 poterut,
1050 1605 1144 1682 nullo

93 1707 251 1802 intep'eoto
274 1709 395 1802 spatio,
421 1705 569 1804 pluribus
593 1707 762 1780 ordinibus
789 1709 908 1780 initiari
939 1707 1005 1806 (ὅ).
1039 1706 1145 1782 Hodie

93 1805 244 1873 minomm
278 1803 429 1875 ordinum
454 1807 624 1877 interstitia
657 1809 800 1904 episcopi
833 1805 965 1877 arbitrio
990 1809 1145 1902 permissa

91 1915 160 1970 sunt
186 1901 254 1998 (d),
286 1901 376 2000 quod
407 1903 577 1974 arbitrium
609 1919 677 1974 tem
704 1905 768 1976 late
797 1921 909 2004 patere
934 1903 1142 1992 cordele,

92 2014 124 2067 ut
147 2001 209 2070 sine
224 2002 314 2100 justa
339 2027 432 2072 causa
459 2000 548 2071 nulla
575 2001 801 2074 adhibeantur.
833 2000 930 2088 Quod
958 2003 1075 2073 attinet
1102 2001 1144 2072 ad

92 2099 241 2168 interstitia
262 2101 428 2195 majorum
445 2099 622 2190 ordinum,
649 2100 762 2172 saltem
781 2103 877 2172 unius
903 2101 980 2170 anni
1003 2101 1145 2197 spatium

90 2196 162 2265 inter
181 2221 303 2287 unum,
335 2212 434 2296 atque
453 2196 590 2268 alterum
621 2197 770 2270 ordinem
802 2197 900 2270 debet
921 2196 1141 2286 intercedere,

90 2294 140 2362 nisi
166 2292 249 2365 ab'ud
277 2297 429 2394 episcopo
461 2295 609 2368 videatur
638 2296 682 2367 ob
720 2294 862 2370 ecclenioe
893 2294 1066 2369 utilitatem
1108 2319 1145 2366 ac

90 2393 375 2494 nocentemsp).

121 2612 157 2694 (l)
176 2614 338 2678 Coufietam
363 2633 427 2676 esse
451 2614 602 2696 epistolam
620 2613 680 2692 cajt
699 2612 848 2677 Pontificia
870 2611 950 2694 apud
972 2613 1145 2676 Gratianum

88 2712 143 2755 coo.
164 2699 176 2758 i
197 2695 270 2760 diat.
291 2699 345 2774 77,
362 2697 554 2778 jampridem
575 2695 845 2770 animadverterunt
864 2695 921 2756 riri
945 2693 1069 2774 eruditi3
1092 2696 1145 2756 ssd

88 2785 170 2840 umen
184 2779 414 2841 interstitiorum
430 2780 542 2842 mentio
555 2787 598 2839 est
612 2779 691 2858 apud
704 2778 841 2841 siricium
856 2795 889 2838 ac
903 2777 1051 2839 zosimum
1070 2773 1142 2838 dict.

87 2855 144 2920 dist.
163 2863 199 2922 77
219 2881 296 2926 eon.
318 2864 339 2924 2
363 2869 392 2922 st
412 2862 446 2940 5,
466 2863 498 2922 in
520 2860 640 2924 concilio
662 2860 827 2924 sardicensi
851 2877 918 2922 con.
943 2860 982 2922 to
1001 2855 1057 2924 aot.
1084 2860 1144 2922 666

88 2948 144 3004 urs.
159 2943 306 3008 icollect.
326 2940 447 3021 latiae
467 2941 539 3006 adit.
569 2945 669 3008 Vesci.
692 2944 723 3004 in
742 2945 811 3008 Vlll
829 2939 947 3022 Synodo
968 2942 1145 3004 oecumeuica

88 3040 141 3084 cm.
157 3029 184 3103 5,
198 3026 284 3106 apud
298 3025 435 3121 eumdem
445 3025 594 3088 lebbeum
607 3034 677 3088 torn.
692 3027 731 3088 to
745 3021 798 3121 col.
814 3026 884 3102 est,
901 3032 931 3084 et
944 3021 976 3084 in
990 3023 1142 3102 capitular.

86 3105 1145 3269 :ttpratilii2⁶.“tttittutiltltttttalttttssti

87 3270 193 3334 eorlssiae
212 3273 404 3352 disciplinam
429 3271 574 3351 explicant
588 3271 746 3352 diligenter
762 3271 973 3334 Thomnssinus
991 3277 1082 3330 ostar.
1108 3289 1144 3330 oc

88 3369 141 3412 ros.
161 3353 263 3418 eccles.
295 3353 369 3416 disci
389 3351 411 3415 l.
434 3372 505 3436 por.
530 3357 544 3416 l
574 3349 623 3415 bb.
647 3355 666 3414 7
688 3373 754 3436 cap.
779 3355 818 3414 rt
844 3363 872 3415 et
888 3355 946 3427 563
975 3351 1083 3412 llallier
1109 3349 1145 3412 de

85 3449 148 3496 saer.
167 3435 249 3500 elect.
272 3444 305 3497 et
379 3436 455 3498 inst.
481 3435 525 3496 tit.
551 3432 587 3498 de
615 3437 750 3517 Tempor.
769 3453 849 3498 socr.
877 3433 1011 3496 ordinat.
1036 3440 1103 3496 sect.
1125 3436 1143 3494 7

86 3533 140 3595 cap.
153 3522 172 3580 i
183 3529 246 3582 ort.
261 3521 302 3594 7,·
320 3519 429 3582 luenin
442 3515 478 3580 de
490 3535 620 3582 somam.
635 3517 785 3582 duantot.
803 3520 823 3580 8
837 3524 942 3602 quest.
957 3517 976 3576 8
991 3533 1058 3600 cop.
1075 3517 1093 3576 5
1108 3513 1144 3576 de

85 3610 249 3664 aucmmeat.
270 3599 373 3664 ordin.
386 3600 420 3662 io
433 3617 581 3662 ammata.

117 3679 152 3763 ii)
172 3685 252 3746 Vide
274 3687 308 3746 S.
330 3683 474 3744 Thomam
488 3681 521 3744 io
534 3679 681 3764 suppleat
696 3689 802 3768 pumat.
818 3684 857 3746 lb
880 3689 940 3744 ort.
957 3681 975 3742 b
993 3698 1078 3744 nom.
1092 3680 1142 3754 50,

82 3762 176 3826 tuenin
186 3766 224 3830 de
236 3773 424 3829 sacrament.
441 3759 496 3826 loc.
511 3763 560 3828 ait.
573 3783 640 3848 cop.
651 3768 682 3846 i,
695 3767 843 3830 Morinum
857 3763 892 3828 de
904 3763 998 3829 sacris
1011 3757 1144 3824 ordinet.

79 3850 292 3920 rar.5ea:are.
309 3849 344 3910 tt
361 3848 470 3930 copi.
973 3925 979 3939 ι

80 3927 157 4074 Ιῶίὸὲ
171 3933 252 3994 Vide
276 3929 603 4073 pronuntiantem
628 3950 664 3994 oo
684 3947 753 3994 ooo.
779 3927 881 3994 eccles.
902 3922 1020 4008 discipl.
1037 3924 1139 4008 pont

115 4053 121 4070 .
169 4015 279 4096 cop.5
306 4057 314 4074 .
