3142 5188
406 651 568 716 moerentia
581 650 709 712 ecclesiis
722 647 839 728 debita,
853 651 991 734 legesque
1001 650 1101 712 civiles
1109 649 1173 730 jam
1183 651 1331 712 commum
1343 651 1479 714 omnium

406 753 547 798 consensu
567 733 729 795 stabilitum
748 732 951 796 demonstrent
973 733 1104 814 asylum,
1119 733 1214 794 multo
1227 743 1296 794 ante
1309 751 1399 812 ᾳιιιιιιι
1419 737 1478 796 ullr

407 819 489 882 deco
501 816 594 878 civilis
604 815 652 876 lex
665 815 814 876 ederetur.
830 816 953 893 Quodsi
967 833 1027 876 non
1041 835 1060 877 a
1076 815 1213 877 eiussibus
1229 815 1344 896 legibus
1362 817 1478 898 asylum

313 967 317 974 ,
404 899 554 982 procedit,
570 895 649 959 seda
670 915 758 958 sensu
774 897 880 960 intimo
906 897 1056 980 religionis
1068 905 1160 976 atque
1176 918 1193 958 a
1207 899 1384 975 macentia,
1409 919 1480 978 quae

355 995 357 1002 ·
407 983 534 1044 ecclesiis
554 977 695 1056 debetur,
716 980 905 1041 menifestum
925 989 987 1058 eet,
1006 981 1071 1059 ejus
1092 999 1195 1042 utram
1216 989 1247 1042 et
1262 981 1392 1062 regimen
1415 1000 1477 1042 non

360 1119 363 1126 .
405 1065 443 1128 ad
452 1063 568 1126 civilem
582 1069 770 1142 potestatem,
783 1063 835 1124 sed
848 1061 887 1123 ad
902 1081 971 1124 eum
984 1063 1150 1143 pertinere,
1164 1063 1211 1124 cui
1225 1063 1376 1145 religiosus
1387 1081 1474 1140 ntra,
1550 1119 1551 1124 ,

406 1156 438 1209 et
450 1145 637 1209 eeclesiarum
648 1145 800 1226 regimen,
814 1145 967 1206 commissa
980 1153 1011 1205 et
1024 1145 1213 1207 commissum
1223 1153 1279 1206 est.
1293 1145 1380 1222 Quod
1393 1147 1418 1206 si
1433 1147 1480 1207 in·

405 1229 525 1292 tendum
547 1227 613 1288 laici
634 1227 780 1306 principes
802 1227 910 1306 pietate
923 1235 1094 1308 prestantes
1118 1227 1156 1289 de
1183 1227 1371 1289 seusium
1393 1229 1476 1307 asylo

405 1312 484 1394 leges
497 1309 645 1384 tulerunt;
661 1326 720 1373 non
741 1307 773 1368 id
793 1309 831 1370 ab
854 1309 925 1390 ipsis
946 1309 1055 1370 factum
1077 1317 1137 1386 eet,
1160 1317 1194 1371 ιιι
1210 1311 1341 1389 primum
1361 1309 1475 1388 asylum

405 1393 586 1468 stabilirent,
601 1399 652 1452 aut
703 1389 742 1452 od
755 1407 857 1452 eorum
870 1391 984 1474 legibus
997 1391 1145 1473 indigeret
1157 1393 1291 1470 sedecia,
1307 1399 1341 1451 ut
1354 1391 1476 1452 haberet

406 1476 490 1556 perio
513 1475 590 1552 um,
609 1491 648 1552 qu
704 1473 792 1534 dohet
812 1474 875 1553 ejus
900 1474 1037 1536 munitas
1059 1491 1093 1534 ac
1109 1475 1289 1551 reverentia,
1311 1484 1401 1553 atquc
1414 1475 1474 1553 ipsa

405 1559 450 1618 vis
509 1555 629 1638 igionis,
653 1573 749 1634 neque
769 1555 837 1617 ideo
850 1555 907 1616 dici
929 1565 1039 1635 potest,
1060 1555 1140 1634 quod
1162 1555 1279 1617 illorum
1293 1556 1474 1616 emedeheat

406 1641 444 1702 de
457 1641 537 1721 asylo
551 1639 629 1720 leges
650 1638 838 1700 constituere.
858 1637 964 1700 civiles
977 1639 1036 1700 ille
1049 1638 1129 1720 leges
1142 1657 1177 1700 eo
1187 1647 1333 1717 spectant,
1355 1647 1390 1698 ut
1402 1639 1472 1717 asyli
1551 1693 1552 1706 ,

402 1723 470 1802 jura
494 1730 591 1783 sancte
618 1719 837 1796 custodiantur,
865 1727 895 1780 et
920 1721 1094 1781 auctoritate
1120 1721 1297 1801 templorum
1325 1721 1473 1780 vernatio

405 1803 556 1870 firmetur,
572 1809 659 1882 atque
679 1819 781 1862 omnes
798 1809 879 1862 metu
892 1821 1011 1882 qnoque
1032 1803 1127 1863 civilis
1150 1802 1333 1864 munitionis
1350 1823 1366 1863 a
1385 1803 1472 1864 saeri-

404 1887 468 1969 lega
486 1885 643 1947 violatione
660 1882 877 1946 deterreamur.
903 1887 969 1946 Non
984 1885 1140 1946 dissimiles
1160 1885 1372 1964 imperatorum
1396 1885 1472 1966 leges

405 1975 519 2030 exstant
533 1967 565 2026 in
581 1973 706 2045 utroque
723 1965 829 2030 Codice
843 1973 931 2045 atque
951 1967 1093 2044 Novellis,
1119 1965 1157 2028 de
1168 1966 1240 2029 Fide
1259 1975 1290 2028 et
1308 1970 1472 2029 &momen

405 2051 459 2124 tis,
474 2049 512 2110 dc
531 2047 673 2130 religione
685 2049 747 2128 ipsa
761 2047 938 2124 christiane,
951 2049 989 2110 de
1013 2049 1171 2120 hereticis,
1187 2056 1341 2129 apostatos,
1359 2067 1471 2110 ercom-

406 2131 575 2204 municatis;
590 2147 689 2208 neque
710 2139 807 2192 tamen
821 2147 886 2192 eam
900 2131 939 2192 ob
953 2149 1069 2192 eaumm
1091 2131 1250 2192 catholicas
1264 2131 1353 2192 homo
1368 2131 1471 2192 dixerit

403 2216 452 2296 jus
476 2213 650 2294 Religionis,
673 2230 707 2272 ac
731 2213 913 2295 Religionem
933 2215 1027 2294 ipsam
1049 2213 1253 2287 christianam,
1279 2231 1313 2273 ac
1335 2212 1469 2274 Fidens

404 2297 571 2378 principum
592 2294 763 2356 auctoritate
779 2303 808 2356 et
830 2296 985 2356 clementia
1002 2296 1142 2376 pendero.
1164 2297 1251 2358 Certe
1275 2296 1353 2356 inter
1373 2295 1470 2356 civiles

403 2379 493 2462 leges,
508 2376 616 2456 quibus
629 2377 854 2438 ecclesiasticum
864 2377 978 2458 asylum
991 2378 1193 2448 confirmatur,
1208 2377 1322 2438 celebre
1334 2385 1377 2436 cst
1394 2377 1470 2436 edic·

405 2469 471 2522 tum
493 2457 650 2523 Theodosii
670 2459 815 2534 iunioris,
838 2459 921 2538 cujus
942 2461 1028 2539 paulo
1042 2468 1110 2521 ante
1130 2461 1206 2521 facte
1230 2459 1336 2520 mentio
1352 2465 1412 2533 est,
1439 2466 1469 2518 et

406 2543 447 2604 ibi
458 2542 578 2622 quidem
591 2543 752 2619 imperator
764 2541 890 2620 asylum,
906 2542 986 2619 quod
997 2542 1174 2622 jampridem
1188 2551 1252 2602 erat
1263 2540 1467 2615 pausillulum,

405 2625 512 2706 repetit
525 2641 561 2684 ex
575 2623 603 2682 vi
619 2623 680 2700 ipss
693 2621 855 2702 religionis,
871 2631 960 2701 atque
973 2643 1010 2686 ex
1031 2625 1155 2686 naturali
1169 2632 1200 2684 et
1220 2623 1351 2684 omnium
1365 2622 1468 2682 animis

404 2708 491 2768 insita
501 2705 663 2767 reverentia
677 2704 874 2764 ecclesiarum.
891 2706 995 2784 Neque
1008 2705 1088 2767 aliud
1097 2705 1169 2766 ferri
1180 2705 1268 2766 debet
1278 2705 1424 2784 iudicium
1434 2703 1468 2763 de

405 2789 532 2868 antiquis
546 2785 696 2862 Patribus,
710 2803 783 2864 quos
804 2785 957 2848 interdum
973 2789 1011 2850 ad
1025 2789 1170 2869 principes
1192 2789 1279 2848 ivisse
1297 2795 1423 2862 constat,
1438 2793 1467 2846 ιιι

406 2873 443 2934 de
458 2871 643 2932 ecclesiarum
661 2868 741 2947 asylo
762 2867 842 2948 leges
855 2867 1066 2947 impetrarent3
1090 2871 1171 2932 unde
1191 2871 1222 2930 in
1237 2868 1304 2931 eod.
1329 2887 1394 2952 cop.
1415 2871 1463 2942 tt,

405 2953 484 3034 apnd
498 2951 653 3016 Justellum
667 2946 748 3012 Bitt.
765 2951 835 3010 lor.
854 2949 968 3012 Conco.
985 2963 1055 3014 tom.
1073 2955 1087 3014 l
1103 2972 1175 3036 pop.
1201 2953 1261 3014 itt
1282 2949 1353 3014 cce.
1370 2951 1464 3012 Poris.

407 3037 483 3098 lddl
500 3035 641 3114 scriptum
655 3039 715 3092 est:
734 3057 748 3086 u
763 3033 801 3094 Ut
813 3049 867 3111 pro
880 3034 1117 3115 confugientibus
1127 3034 1165 3097 ad
1175 3035 1325 3096 ecelesiam
1337 3051 1467 3112 quocum

405 3137 463 3198 que
476 3125 559 3178 reatu
582 3113 720 3176 involutis
734 3115 828 3195 legem
850 3113 887 3174 de
901 3115 1117 3196 gloriosissimis
1138 3117 1320 3196 principibus
1338 3133 1467 3176 onerem·

406 3209 472 3276 tur,
495 3217 533 3260 ne
545 3198 611 3277 quis
623 3196 728 3258 audeat
742 3213 790 3258 eos
815 3197 981 3260 extrahere.
1004 3225 1017 3254 ι
1039 3201 1101 3260 imo
1115 3208 1146 3260 et
1163 3201 1265 3260 Patres
1279 3199 1344 3260 illos
1364 3199 1466 3280 legasse

406 3283 514 3343 scimus
535 3279 708 3360 Epigonium
732 3287 761 3340 et
777 3279 963 3341 vincentiam
977 3279 1014 3342 ad
1030 3281 1192 3343 Honor-ium
1206 3285 1296 3360 lmp.,
1325 3289 1359 3341 ut
1371 3297 1466 3342 conec·

407 3363 492 3425 deret
515 3363 628 3442 asylum
643 3361 771 3422 ccelesiis
786 3361 945 3438 Africanis,
961 3381 1028 3441 quae
1050 3363 1097 3424 lex
1110 3363 1279 3426 confirmata
1294 3371 1340 3424 est
1352 3383 1369 3423 a
1382 3363 1467 3426 tusti-

407 3447 496 3508 oiano
520 3439 635 3506 Noocfl.
658 3440 778 3504 dccccl.
803 3444 922 3505 constit.
942 3443 1094 3528 ioll'fric.
1117 3443 1179 3508 Coi.
1204 3449 1253 3507 to.
1276 3447 1351 3508 Nam
1370 3461 1464 3506 eorum

407 3531 528 3590 Petrum
542 3525 695 3588 consilium
712 3525 779 3602 fuit,
797 3533 830 3586 ut
845 3525 1030 3605 imperatoris
1044 3527 1140 3608 gladio
1154 3527 1281 3589 ecclesie
1301 3545 1335 3587 ac
1355 3527 1466 3606 religio-

408 3608 454 3672 nis
475 3609 568 3672 honos
579 3617 609 3670 et
628 3607 723 3669 cultus
737 3605 960 3684 defenderetur,
983 3619 1071 3689 atque
1094 3617 1128 3669 ut
1146 3611 1337 3688 imperatores
1358 3609 1411 3689 ipsi
1424 3625 1466 3668 sa·

408 3711 526 3754 crorum
539 3708 683 3752 canonum
698 3688 829 3765 decrem,
844 3691 1017 3752 auctoritate
1027 3693 1209 3771 imperioque
1228 3709 1295 3766 suo,
1311 3692 1465 3752 aderitum

407 3775 594 3854 perducenda
608 3779 754 3834 curarent.
771 3771 913 3834 Similiter
935 3773 1062 3854 episcopi
1077 3774 1186 3853 pluries
1204 3774 1241 3834 ad
1266 3774 1464 3852 imperatorem

408 3857 618 3938 confugerunt,
641 3863 674 3915 ut
688 3853 725 3915 de
736 3853 896 3915 christiano
918 3855 1060 3936 religione
1081 3855 1197 3916 decreta
1211 3855 1359 3928 firmaret,
1377 3863 1409 3914 ut
1421 3871 1465 3912 ec·

408 3940 595 4001 clesiasticam
607 3937 773 3998 libertatem
785 3934 948 4012 adsereret,
960 3947 994 3997 ut
1008 3937 1178 3999 catholicum
1192 3937 1282 3998 fidem
1292 3937 1463 4006 vindicarem

408 4031 438 4082 et
450 4021 542 4082 multa
562 4021 668 4081 harum
680 4037 780 4080 rerum
800 4027 988 4078 monumento
1002 4029 1071 4080 sunt
1084 4029 1147 4080 turn
1163 4020 1194 4079 ln
1214 4017 1314 4079 codice
1328 4035 1462 4080 canonum

408 4103 627 4183 Africanorum,
653 4111 715 4164 tum
739 4103 770 4162 in
788 4099 886 4162 codiee
902 4101 1058 4164 iustiniani
1084 4111 1114 4163 et
1138 4101 1313 4175 Theodosii,
1338 4100 1463 4180 atquein
