3164 5174
529 459 751 532 ..⁶297-

146 605 191 690 (d)
211 609 273 672 suda
286 607 473 686 fundatione,
490 628 556 688 quse
573 610 734 672 secundum
750 609 955 674 ecclesiasticas
972 614 1089 696 regulas
1101 615 1174 678 taeta

103 692 156 758 sit.
174 691 279 771 acquiri
293 693 343 771 jus
360 699 552 772 ordonatus,
565 709 742 772 quamquem
759 693 833 754 iliud
844 712 979 774 expresse
992 705 1173 760 reservatum

104 791 163 834 non
185 775 285 850 inerit,
304 774 388 835 docet
406 773 505 836 Gloasa
525 773 558 834 in
572 793 640 836 cun.
659 775 677 836 6
699 772 735 836 ds
752 785 914 838 consecret.
934 775 1004 840 dist.
1027 781 1063 854 d,-
1084 779 1201 866 idqncq

101 855 161 916 iate
189 857 366 918 demonstrat
389 857 558 918 Franciscus
586 858 624 917 de
651 860 732 937 Royc
757 857 791 918 io
809 856 972 940 proleqom.
1000 858 1041 922 cd
1063 859 1108 921 tit.
1137 860 1174 922 de

101 939 178 998 dore
187 947 266 1020 petr.
279 959 347 1022 cop.
363 940 412 1000 15.
425 938 510 1014 Quod
525 957 584 1000 non
595 937 719 1000 obscure
731 938 850 1000 videtur
863 941 1028 1022 significare
1041 943 1174 1004 Clemens

101 1021 142 1081 111
157 1019 190 1080 io
206 1039 271 1102 cop.
291 1023 332 1082 25
351 1019 387 1082 dc
396 1023 472 1082 dere
482 1029 564 1103 potr.
572 1066 582 1097 ,
603 1039 669 1088 cum
682 1029 801 1102 rogetus
814 1039 889 1083 num
903 1021 1015 1108 odiosis
1028 1019 1175 1120 effic-iutro

99 1099 523 1165 numerumnunerum
538 1111 700 1184 petronus,
719 1103 885 1182 respondite
908 1106 1021 1181 «Quod
1032 1125 1056 1168 sr
1068 1107 1173 1186 edonis

100 1184 246 1246 sedeciam
257 1205 326 1246 cum
339 1203 457 1248 assensu
474 1185 628 1248 dioeeesmi
642 1185 820 1264 construxit,
836 1205 872 1248 os
886 1204 921 1248 oo
934 1188 983 1266 jus
1001 1196 1173 1268 patronatus

99 1267 235 1346 acquirit.

150 1429 177 1532 ς.
215 1431 290 1502 le
324 1433 512 1532 dequiritur
548 1436 647 1506 etism
680 1435 735 1534 jus
776 1449 967 1532 patronatus
1005 1435 1172 1538 privilegio

97 1533 215 1604 summi
240 1531 410 1604 Pontifieis
438 1533 490 1629 (1)
515 1547 548 1603 et
574 1536 832 1630 praescriptione.
868 1533 952 1622 Quae
970 1535 1170 1632 prescriptio

98 1631 129 1698 si
167 1643 274 1700 contre
309 1630 476 1702 eclesiam
507 1629 643 1702 liberam
673 1633 733 1720 sit,
766 1630 865 1702 debet
892 1657 959 1703 esse
993 1635 1169 1730 temporis,

100 1726 194 1824 qnod
236 1726 406 1800 hominum
444 1731 635 1801 memoriam
677 1728 830 1818 excedat,
859 1743 893 1801 et
923 1755 999 1800 eum
1022 1729 1171 1828 pluribus

100 1826 218 1896 sociate
247 1827 568 1923 praesentationibus,
612 1851 688 1925 quae
733 1830 855 1900 exitum
886 1827 1059 1900 habuerint
1095 1829 1169 1926 (ἢ),

97 1925 299 2020 potissimum
335 1927 362 1996 si
401 1929 532 2024 quasit
563 1928 720 2023 suspicio,
760 1923 841 1996 illud
886 1951 903 1996 a
936 1929 1004 1998 viro
1033 1941 1169 2024 potente

96 2027 244 2120 usurpari
284 2025 438 2120 potuisse.
484 2025 580 2096 Tunc
613 2027 723 2114 enim,
758 2039 881 2122 praetcr
920 2026 1010 2122 quasi
1042 2049 1170 2122 posses-

93 2123 219 2192 sionem
252 2125 408 2220 temporis
431 2125 657 2220 antiquissimi,
691 2125 782 2222 eujus
811 2124 941 2192 initium
968 2123 1171 2194 intenebris

91 2216 192 2290 latent
221 2221 440 2319 antiquitatis,
483 2247 611 2294 neeesse
641 2235 690 2292 est
726 2223 823 2292 etium
858 2219 997 2318 prebere
1034 2219 1169 2292 titulum

89 2333 125 2387 et
164 2320 310 2390 emnem
345 2323 610 2416 presentationes
645 2335 818 2416 perpetues
855 2317 970 2390 saltem
1006 2343 1065 2416 per
1104 2345 1168 2390 en·

88 2439 152 2487 nos
202 2419 458 2514 qninquaginta,
494 2442 569 2516 quen
606 2443 719 2490 omnes
759 2417 802 2487 ad
837 2419 959 2488 exitum
999 2417 1167 2514 perductos

88 2514 219 2586 inerint
232 2515 299 2613 (5).

130 2687 176 2770 (i)
198 2689 388 2770 Pririleginm
403 2689 459 2750 hoc
475 2697 620 2750 tantuma
637 2706 752 2750 summo
768 2685 910 2750 Pontiflee
923 2685 1042 2748 concedi
1057 2693 1162 2764 potest,

85 2770 130 2830 ab
143 2770 277 2850 episcopo
287 2789 359 2832 vero
372 2789 432 2832 non
443 2779 538 2850 potest
550 2790 617 2853 cop.
635 2769 700 2832 ide
714 2767 773 2832 reb.
788 2766 858 2832 eccl.
871 2785 932 2831 ooo
944 2765 1034 2829 oliuo.
1047 2769 1080 2828 in
1093 2770 1123 2828 6.

132 2851 179 2932 (2)
199 2854 361 2914 Concilium
376 2853 584 2915 Tridentinum
597 2871 668 2916 aces.
686 2855 726 2915 dd
738 2871 805 2934 cap.
823 2853 841 2912 9
856 2849 891 2914 de
905 2847 1062 2932 reformat.

132 2933 178 3016 (ὅ)
200 2935 310 2996 Concil.
327 2935 461 2997 Trideut.
482 2932 535 2998 loc.
555 2935 622 3013 cit,
642 2934 741 3016 ibique
761 2933 884 2996 Barbosa
903 2951 988 2994 oum.
1005 2933 1056 2994 82.
1072 2935 1168 3012 Atque

85 3017 150 3078 hoc
164 3015 285 3096 quidem
300 3015 339 3078 de
358 3017 509 3096 probando
524 3017 592 3098 jure
606 3025 775 3096 patronatus
795 3013 909 3078 eoncilii
938 3013 1104 3078 Tridentini
1120 3015 1169 3076 de·

90 3105 229 3172 cretum,
254 3117 314 3159 non
342 3099 436 3160 solum
460 3097 496 3159 ad
524 3099 714 3180 petitorium,
732 3099 784 3160 sed
800 3101 889 3160 etium
908 3095 945 3156 ad
960 3098 1167 3176 possessorium

86 3181 238 3260 judicium
255 3181 404 3261 pertinere
424 3181 507 3242 docet
529 3183 682 3264 Fagnanus
698 3181 729 3242 in
749 3199 816 3264 cop.
838 3175 1108 3243 emunitatiomims
1130 3177 1167 3240 dc

86 3269 171 3327 lere
181 3271 264 3344 potr.
277 3281 363 3324 oum.
380 3264 411 3323 9.
427 3263 461 3324 ld
472 3281 541 3324 vero
555 3264 685 3340 obtinet,
699 3281 765 3323 cnm
782 3261 922 3324 adversus
935 3261 1084 3322 eeclesiam
1097 3279 1167 3341 pro-

86 3343 225 3406 bandum
252 3355 297 3406 est
312 3345 362 3423 jus
381 3353 568 3424 patronatum
589 3363 658 3406 nam
672 3345 696 3406 si
721 3345 798 3406 inter
818 3345 892 3406 duos
912 3351 1076 3422 onoratur,
1101 3345 1166 3424 quis

87 3427 203 3487 habere
221 3426 325 3488 debent
338 3427 386 3504 jus
401 3435 586 3506 potronatus,
607 3428 662 3488 hoc
676 3435 777 3488 contra
795 3445 898 3488 verum
914 3433 1070 3504 patronum
1082 3443 1166 3506 ,prut-

89 3506 199 3586 seribi,
216 3528 300 3586 cnm,
315 3517 422 3589 praeter
433 3517 548 3588 tempus
559 3510 595 3570 ed
609 3507 859 3590 praescribcndum
876 3509 1088 3584 necessarium,
1106 3518 1166 3570 tres

88 3591 200 3651 adsunt
214 3591 469 3670 praesentationes,
486 3591 613 3654 ostendit
627 3591 795 3654 Franciseus
806 3591 843 3653 de
857 3595 939 3671 Roye
950 3589 982 3650 io
996 3587 1163 3674 Proleqom.

89 3671 134 3734 ed
150 3673 194 3733 tir.
208 3670 331 3736 delum
341 3681 425 3758 potr.
441 3673 508 3756 cap.
523 3675 572 3736 dd.

138 3829 170 3932 ς.
216 3831 287 3904 LV.
330 3831 527 3906 Transertur
550 3834 605 3932 jus
633 3847 822 3931 patronatus
843 3855 918 3904 oum
949 3857 1003 3921 re,
1034 3830 1087 3900 oui
1115 3829 1163 3898 in·

86 3931 216 4019 baerct,
248 3933 273 4000 si
304 3930 390 4002 recle
417 3933 458 4002 sit
483 3933 537 4028 (1)
566 3948 600 4003 et
627 3930 819 4004 transfertur
847 3931 945 4002 etiem
973 3940 1161 4016 contractu,

82 4046 145 4099 unt
194 4031 405 4100 successione.
451 4028 644 4104 Contractus
684 4028 893 4102 donationem
932 4026 1082 4193 respicit,
1125 4051 1162 4096 ae

191 4151 269 4196 τοι.
300 4151 324 4198 r.
1053 4175 1061 4192 .
