3122 5178
810 459 1004 529 ..60-

244 627 249 640 ·
377 631 514 680 canones
541 605 779 702 apostolorum,
812 624 882 678 tum
911 607 971 678 sub
1012 633 1076 678 una
1107 631 1318 680 numerorum
1352 607 1434 678 serie

377 731 514 777 canones
548 703 717 795 Nicaenos,
760 704 967 805 Ancyranos,
1004 705 1299 794 Neocaesareenses,
1339 704 1433 777 Gan-

376 827 532 898 grenses,
592 803 833 894 antiochenos,
883 803 1103 894 Laodicenos,
1158 803 1434 902 Constantinopo-

376 901 509 991 litanos,
549 899 667 972 deinde
699 900 997 992 Chalcedonenses,
1027 902 1145 998 quibus
1173 929 1212 974 ex
1241 900 1342 974 latino
1373 929 1435 973 au-

257 1007 258 1010 ’
376 998 535 1096 tographo
561 999 696 1098 subjecti
730 1016 807 1072 sunt
842 997 1045 1072 Sardicenses
1082 1001 1184 1094 xxi,
1226 1027 1262 1072 ac
1302 1001 1434 1072 tandem

295 1133 297 1136 ·
376 1097 519 1168 Africani
546 1097 685 1169 distincti
717 1101 752 1168 in
779 1122 931 1170 numeros
960 1095 1176 1172 CXXXVIII.
1207 1099 1286 1170 Pars
1314 1100 1432 1187 altera,

377 1219 452 1290 quae
488 1198 588 1267 serius
627 1199 665 1265 in
706 1195 812 1266 lucem
846 1200 955 1284 uenit,
995 1197 1243 1294 comprehendit
1284 1195 1438 1292 epistolas

321 1363 323 1370 ,
377 1291 554 1364 decretales
588 1318 790 1365 summorum
825 1293 1022 1365 Pontificum
1061 1321 1079 1365 a
1111 1294 1223 1367 Siricio
1262 1321 1364 1392 usquc
1393 1295 1436 1364 ad

376 1391 579 1462 Anastasium
618 1393 669 1484 ll,
709 1391 826 1490 quibus
867 1407 979 1489 postea
1015 1390 1188 1466 decretales
1224 1395 1320 1466 etiam
1355 1392 1439 1466 alio-

376 1515 452 1560 rum
482 1488 681 1562 Pontificum
712 1489 815 1562 aliena
847 1515 946 1588 opera
976 1509 1187 1566 accesserunt.
1224 1492 1340 1588 Magna
1368 1491 1436 1562 hu·

373 1587 428 1752 jsu}
459 1588 663 1782 (aspectionis
708 1587 873 1660 celebritas
924 1607 958 1660 et
996 1616 1132 1686 magnus
1172 1591 1294 1689 ubique
1332 1588 1436 1661 honos

394 1701 443 1754 urt
519 1740 527 1755 .

417 1845 458 1928 (l)
479 1846 680 1922 Cassiodorus,
691 1845 788 1906 medio
799 1850 840 1908 vl
851 1846 971 1922 sendo,
981 1847 1076 1924 inquit
1087 1845 1142 1908 loc.
1157 1847 1205 1908 cit.
1220 1851 1299 1924 Quos
1310 1848 1438 1927 (Gracc

305 1989 307 1993 .
377 1946 501 1990 canones
519 1948 536 1988 a
553 1929 693 2008 Dionysio
709 1928 799 1988 latine
811 1927 958 2010 redditos)
973 1925 1057 1990 bodie
1077 1947 1136 1990 aaa
1152 1927 1335 1991 celeberrimo
1352 1929 1443 1992 ecclc·

376 2009 423 2072 sio
439 2011 574 2070 Roatanc
587 2007 800 2090 conplectitur.
816 2010 900 2072 Solus
918 2009 1053 2072 videlicet
1071 2011 1276 2093 intelligendus
1294 2021 1337 2072 est
1351 2031 1438 2088 usuc,

377 2092 427 2169 qui
442 2092 469 2152 ci
485 2091 644 2152 collectioni
663 2092 774 2152 nullam
797 2091 941 2170 publicam
956 2094 1156 2154 auctoritatem
1172 2094 1320 2169 attribuit,
1342 2113 1443 2173 neque

376 2191 440 2233 eam
447 2174 592 2253 publicam
603 2177 740 2236 llomana
750 2175 878 2236 ccclesiae
890 2174 1019 2236 codicem
1032 2175 1114 2236 lecit.

426 2328 455 2429 ᾗ.
486 2327 574 2400 LXI.
613 2329 693 2400 liam
726 2329 922 2426 quibusdam
955 2329 1174 2402 additionibus
1209 2329 1438 2428 locupletatam

377 2423 491 2498 Carolo
516 2425 563 2496 M.
593 2426 790 2500 Francorum
816 2431 883 2524 regi
912 2429 1025 2501 Romae
1056 2429 1190 2500 tradidit
1214 2429 1394 2500 Hadrianus
1421 2431 1433 2499 l

378 2522 534 2596 Summus
561 2523 730 2616 Pontifex,
760 2543 858 2624 atque
879 2525 948 2598 hac
973 2527 1119 2599 collectio
1150 2543 1218 2618 est,
1248 2553 1323 2695 <pta
1354 2529 1439 2604 Ha-

376 2623 510 2694 driaca
538 2639 687 2714 vocatur,
717 2641 751 2695 et
778 2651 877 2723 quam
909 2624 973 2698 illae
1006 2627 1184 2722 praesertim
1214 2625 1253 2696 ad
1280 2627 1393 2698 itiones
1420 2654 1438 2698 a

376 2719 573 2820 Dionysiana
605 2719 809 2818 distinguunt
841 2721 906 2820 (ll.
943 2722 1019 2796 Non
1048 2741 1156 2794 tamen
1186 2725 1284 2822 hujus
1316 2723 1436 2798 collec-

375 2820 491 2909 tionis,
530 2823 595 2891 sive
627 2821 746 2892 harum
784 2817 990 2891 additionum
1019 2838 1131 2894 auctor
1162 2823 1230 2918 ipse
1257 2822 1441 2894 Hadrianus

377 2916 548 2988 habendus
574 2933 623 2988 est
648 2919 720 3016 (2),
744 2919 801 2990 sed
828 2945 904 2990 cum
937 2922 981 2988 ita
1016 2943 1161 2990 summus
1188 2919 1338 2992 Pontifex
1367 2921 1442 2993 col-'

375 3013 549 3085 lectionem
589 3017 692 3111 ipsam
739 3015 890 3112 probasse
938 3019 1021 3086 visus
1064 3017 1187 3108 fuerit,
1234 3018 1439 3116 apostolicam

378 3111 554 3208 quamdam
585 3115 806 3185 auctoritatem
850 3139 886 3186 ea
928 3113 1091 3208 obtinuit,
1122 3131 1156 3186 et
1190 3115 1302 3190 Godcat
1332 3142 1439 3190 canc-

378 3233 469 3282 num
479 3211 595 3307 passim
609 3209 763 3309 appellari
780 3215 878 3310 coepit
894 3211 959 3309 (5).

421 3379 463 3463 (l)
485 3381 631 3444 Hadriano
647 3381 662 3441 l
677 3382 817 3444 Pontifioa
832 3385 950 3446 Carolus
966 3387 1004 3446 bl.
1020 3393 1067 3446 ter
1085 3389 1205 3448 Romam
1219 3388 1315 3463 venit,
1335 3388 1378 3448 uti
1391 3389 1442 3449 ob-

380 3464 505 3524 servavit
521 3463 644 3524 lacobus
660 3465 849 3540 sirmondus,
867 3467 977 3526 civero
993 3467 1024 3526 in
1044 3469 1139 3546 primo
1158 3469 1220 3546 ejus
1233 3470 1360 3531 adventu
1380 3472 1440 3532 col-

379 3545 533 3606 lectionem
550 3544 630 3606 illam
645 3545 782 3608 traditam
801 3547 890 3609 luisse
913 3556 996 3627 putat
1013 3552 1196 3611 Constantius
1214 3546 1268 3612 loc.
1290 3551 1356 3629 cit,
1375 3551 1401 3634 ς.
1421 3557 1441 3614 8

381 3645 465 3688 atam.
482 3627 621 3709 llilpoq.
638 3629 708 3688 108.

292 3717 295 3725 '
422 3706 463 3790 (ἓ)
484 3711 629 3770 lacertum
643 3717 701 3785 cst,
717 3727 775 3788 quo
788 3709 916 3789 primum
934 3719 1064 3790 tempore
1088 3713 1270 3794 Dionysiana
1281 3715 1442 3778 collectioni

381 3791 440 3852 illa
459 3791 540 3850 laetae
560 3790 619 3850 sint
632 3791 813 3866 additiones,
830 3811 954 3872 quarum
970 3793 1144 3857 recentiores
1161 3795 1198 3860 ad
1218 3798 1390 3878 Gregorium
1414 3802 1441 3860 ll

381 3875 539 3952 pertinent.
559 3871 618 3934 Sed
633 3891 682 3934 eas
696 3879 763 3933 ante
776 3873 955 3936 Hadrianum
965 3873 1026 3953 jam
1043 3875 1133 3938 lactas
1151 3877 1239 3937 luisse
1253 3887 1364 3940 certum
1379 3889 1440 3952 cst,

382 3956 520 4032 quoniam
534 3953 685 4016 Zacharias
708 3954 855 4030 Pontifex,
872 3955 905 4016 ia
921 3953 1048 4038 epistola
1060 3955 1100 4018 cd
1120 3957 1265 4039 Pipt'num
1284 3970 1313 4022 ct
1330 3960 1443 4042 epr'sco-

382 4053 446 4116 pos,
462 4035 576 4101 abbatas
590 4045 617 4100 et
629 4055 762 4120 proceres
780 4039 980 4118 Francorum,
1000 4057 1065 4119 quse
1081 4049 1125 4102 est
1138 4041 1223 4122 optat.
1243 4043 1278 4122 ⁷,
1294 4042 1326 4105 in
1343 4039 1441 4105 colica.
