3122 5178
539 459 734 531 -59-
815 489 819 496 ·

121 635 272 682 asnnmo
298 607 463 682 Pontifioe
493 609 670 707 approbata
706 626 800 698 aunt,
834 609 978 679 divinam
1010 607 1163 680 obtinent

123 711 340 796 sanctitatem
360 731 437 804 quae
456 705 661 803 disciplinam
680 709 879 804 respiciunt,
900 733 1013 778 eorum
1032 733 1166 876 quossno

123 821 208 878 sancta
232 824 279 877 est
300 808 493 894 aucwritas,
513 821 587 876 tum
609 803 699 902 quod
721 803 756 874 bi
773 829 911 878 canones
931 805 1076 902 Spiritu
1133 809 1169 876 α’

123 903 225 974 conditi
256 904 438 994 habentur,
468 917 541 972 tum
569 903 660 1000 quod
687 901 928 976 ecclesiasticam
961 901 1166 999 disciplinam

123 999 259 1072 moderari
276 1027 405 1098 semper
425 1016 594 1097 pratorum
623 1001 686 1072 luit
706 1003 877 1098 proprium
902 1015 936 1071 et
962 1003 1166 1098 praecipuum

122 1121 233 1170 munus.
265 1100 390 1170 Verum
416 1097 606 1195 hujusmodi
632 1122 790 1188 canones,
832 1097 956 1196 quide
995 1097 1165 1196 disciplina

121 1211 198 1284 sunt,
223 1199 269 1266 uti
292 1195 437 1294 postulat
462 1199 544 1267 ratio
568 1212 774 1292 temporum,
801 1221 869 1268 non
891 1221 964 1267 raro
991 1197 1166 1266 immutan-

122 1307 181 1382 tur,
202 1319 263 1390 qno
284 1308 409 1390 spectat
429 1291 512 1362 illud
536 1295 708 1387 Augustini
731 1293 808 1392 (l):
834 1295 981 1366 corrodia
997 1295 1165 1390 plenaria

117 1395 223 1482 priora
243 1391 496 1489 posterioribus
526 1395 731 1464 immutari.

155 1559 191 1640 (ll
211 1561 336 1644 cusas.
351 1560 402 1626 td.
418 1563 437 1624 5
451 1581 517 1644 cop.
535 1563 568 1638 7,
588 1561 642 1624 col.
660 1564 700 1623 73
717 1573 787 1623 tom.
806 1563 837 1637 1,
853 1569 881 1622 et
896 1557 931 1620 de
946 1557 1095 1642 Baptiam.
1114 1555 1164 1620 lib.

122 1642 211 1723 drop.
225 1645 253 1704 t.
269 1655 336 1704 tom.
351 1645 438 1706 ilcol.
453 1645 492 1704 98
506 1643 572 1719 rit,
588 1643 635 1706 ed.
656 1647 755 1706 Vertat.

162 1795 190 1896 l.
214 1797 279 1870 XL.
306 1797 519 1872 Generalibus
544 1799 705 1889 conciliis,
739 1815 859 1894 preter
889 1801 1076 1894 episcopos,
1110 1801 1167 1870 in-

121 1908 228 1966 tenant
254 1900 352 1968 etiarn
381 1915 480 1996 atque
503 1897 711 1968 subscribunt
741 1895 777 1967 S.
811 1897 852 1967 ll.
884 1895 925 1967 Ε.
960 1893 1166 1986 cardinales,

121 1995 166 2086 qni
189 2011 268 2066 certe
297 2021 340 2066 eo
365 1997 443 2093 jure
471 1997 520 2064 usi
549 1998 688 2066 suntin
716 1993 859 2066 conciliis
889 1993 1165 2088 lugdunensibus

120 2087 179 2160 let
214 2093 260 2183 ll,
289 2095 438 2190 itemque
477 2091 715 2182 llloderatores,
744 2094 830 2181 sire,
868 2105 906 2161 ut
940 2109 1075 2180 vocant,
1106 2118 1167 2188 ge-

119 2187 224 2260 neda
265 2190 424 2262 ordinum
459 2191 657 2285 regularium
695 2205 729 2260 et
764 2187 896 2258 abbates
937 2187 978 2257 ab
1010 2191 1167 2285 'episcopo

120 2281 271 2358 benedieti.
299 2288 414 2360 Princi
501 2311 634 2384 quoque
669 2302 702 2358 et
729 2287 943 2382 imperatores
973 2285 1024 2354 rel
1048 2311 1107 2382 per
1134 2311 1168 2356 ee

118 2381 204 2474 ipsos,
237 2386 285 2456 vel
317 2411 379 2481 per
416 2313 537 2479 peegsms
568 2409 643 2455 suos
679 2383 787 2454 adesse
818 2397 1077 2473 consueverunt,
1111 2383 1166 2452 scd

119 2493 147 2547 111
164 2485 334 2576 presentia
355 2508 410 2552 sua
433 2507 546 2553 omnes
571 2484 606 2552 in
630 2481 739 2552 officio
763 2484 984 2568 continerent,
1006 2496 1104 2576 atque
1126 2479 1168 2548 ad

117 2577 219 2649 exitum
243 2579 459 2677 perducenda
489 2593 661 2668 curarent,
694 2601 768 2675 quae
798 2578 839 2646 ab
867 2580 1024 2674 episcopia
1047 2580 1167 2648 sancita

118 2671 243 2766 inerant,
271 2703 345 2749 non
379 2694 416 2746 ut
447 2675 627 2774 quidquem
661 2675 703 2746 de
735 2673 831 2746 rebus
864 2677 959 2745 sacris
991 2689 1089 2770 atque
1119 2673 1168 2743 di·

116 2772 182 2842 vinia
209 2779 450 2846 constituerent
483 2774 552 2870 (l).
587 2771 677 2858 Quin
704 2775 802 2843 etiem
838 2770 1005 2840 interdum
1042 2785 1169 2842 vocatos

115 2885 220 2941 conatu
262 2871 475 2969 presbyteros
522 2885 556 2942 et
602 2870 773 2954 diaconos,
821 2867 964 2963 aliosque
1018 2867 1167 2955 elericos,

115 2971 274 3055 prasertim
297 2985 340 3039 ut
367 2967 519 3040 adversus
548 2967 715 3040 haereticos
740 2966 944 3062 disputarent
976 2961 1043 3062 (2).

144 3135 180 3216 (1)
200 3139 227 3199 Β
308 3139 351 3214 ir,
369 3147 405 3199 ut
420 3157 501 3220 repca
518 3147 546 3200 et
559 3139 723 3222 principer,
743 3137 856 3214 iuquit,
877 3134 909 3194 iu
930 3141 1049 3195 tractat.
1073 3131 1108 3194 dc
1123 3151 1170 3192 re-

113 3213 186 3293 sum.
202 3239 245 3282 coc
293 3265 300 3279 .
331 3237 397 3302 cop.
414 3222 432 3280 6
453 3221 531 3280 inter
544 3239 636 3301 opera
656 3216 872 3291 resonandi,
898 3223 968 3276 torn.
986 3217 1006 3276 7
1021 3212 1075 3275 col.
1093 3217 1167 3292 ott,

114 3295 148 3358 td.
166 3302 341 3383 Antaerpioe
364 3303 458 3378 1706,
482 3301 637 3362 cardinalis
656 3304 760 3361 Petrus
779 3300 816 3358 de
840 3296 964 3372 Allieno,
985 3296 1107 3357 utittont
1130 3295 1170 3356 ud

113 3379 251 3526 titt
268 3379 419 3526 iiiiii
438 3401 497 3524 tt
520 3374 1172 3524 “tttttttttt‘tltt‘ttltitl

114 3537 208 3605 tmrc
215 3462 565 3628 su‘drint‚¹quonturir⁰in
579 3545 620 3606 eie
636 3549 691 3620 eet,
710 3507 926 3624 exequendum.
944 3543 980 3600 Et
993 3477 1071 3600 rdctqe
1086 3539 1171 3602 Osius

113 3624 174 3699 aput
195 3631 225 3692 S.
259 3627 459 3690 Athanasium
487 3627 602 3688 Hector.
629 3625 772 3686 Arianor.
800 3621 842 3683 ud
866 3619 1005 3682 Monocb.
1035 3639 1099 3702 cap.
1130 3622 1170 3680 11

114 3710 168 3765 um.
182 3711 212 3784 1,
227 3717 315 3790 part.
339 3711 352 3768 1
368 3727 442 3790 pap.
458 3709 532 3784 293,
550 3705 598 3768 cd.
614 3707 752 3768 Murrio.
772 3703 895 3766 Patauii
910 3722 962 3763 un.
983 3703 1061 3764 1777
1077 3701 1172 3779 ajebat

114 3785 261 3851 Condantio
276 3791 456 3867 Imperatori
469 3791 533 3850 :Ne
545 3798 571 3850 te
586 3785 671 3850 rebus
680 3788 802 3848 murcos
813 3781 1029 3858 ecclesiactiri85
1045 3801 1102 3842 neu
1117 3799 1172 3841 uo·

111 3861 146 3926 lit
159 3865 200 3932 dia
212 3869 248 3933 de
269 3870 364 3932 robur
385 3879 534 3952 precepta
550 3867 687 3946 neander,
707 3865 758 3928 red
773 3888 792 3928 a
807 3863 890 3927 nobie
901 3863 1003 3946 potius
1019 3861 1079 3923 liceo
1094 3859 1172 3920 edia-

111 3961 159 4008 ωε.
177 3949 239 4014 Tibi
250 3955 340 4014 Deua
355 3950 515 4032 imperium
530 3949 667 4024 tradidit,
682 3948 764 4011 nobie
775 3945 966 4009 ecclesiastico
981 3939 1170 4005 concredidit.

110 4031 145 4090 de
161 4031 416 4116 weomadum
437 4031 492 4114 qui
515 4029 569 4092 tibi
592 4031 751 4113 imperium
769 4027 912 4108 subripit,
936 4029 998 4086 Deo
1020 4021 1174 4085 ordinanti
