3164 5174
564 477 784 552 -519-
872 515 877 524 ·

134 629 221 700 noris
260 627 383 722 gradu,
420 629 455 700 in
490 628 737 728 jurisdictione,
777 627 869 702 facile
909 626 1204 724 intelligitur,haec
1277 671 1280 680 ‚
1339 723 1343 738 Ι

134 727 243 796 omnia
269 725 338 797 tolli
363 751 476 823 posser
503 729 541 797 iis
575 754 651 800 vero
677 727 830 816 sublatis,
864 727 1023 798 beneficia
1052 729 1204 798 emittan—
1292 739 1333 823 μ’,

135 840 189 894 tur
216 850 341 895 necesse
366 825 593 902 est..Duobus
616 841 726 898 autem
758 823 864 897 modis
894 825 1053 896 beneficia
1084 840 1118 912 et
1147 849 1204 920 po-

135 937 284 992 testatem
305 923 536 1021 jurisdictionis
555 927 762 1012 amittimus,
786 922 953 996 voluntate
979 939 1110 1014 nostra,
1141 921 1204 994 hoc
1284 943 1288 952 ·
1410 923 1413 932 r

134 1035 183 1090 est
222 1046 282 1116 per
328 1023 624 1112 renuntiationem,
663 1020 939 1110 translationem,
987 1021 1205 1117 permutatio,
1300 1055 1339 1086 ,ἢ
1477 1031 1483 1046 .

137 1143 234 1203 nem3
262 1133 360 1214 atque
392 1137 482 1190 extro
508 1120 708 1198 voluntatem
734 1136 937 1196 nostrumne
961 1144 1069 1216 poence
1091 1145 1203 1208 cause,

135 1215 255 1287 scilieet
267 1241 326 1312 per
340 1215 574 1315 depositionem
591 1235 647 1290 aut
659 1218 893 1314 degrationem.

512 1786 758 1874 storto
797 1789 830 1873 Ι.

544 2010 580 2074 iic
601 2011 797 2076 Renuntistione.

136 2311 630 2384 lii.Dupiexreuuntiatio;qualistatitai
707 2317 771 2368 Viii.
798 2315 918 2368 Beneficia
944 2329 1025 2366 coram
1050 2327 1099 2381 quo
1124 2310 1204 2362 dimit·

137 2375 178 2428 iv.
193 2377 277 2438 Qualis
286 2395 399 2448 expressa
408 2383 462 2433 cati
741 2383 840 2434 tantur?

135 2443 164 2494 t'.
184 2443 321 2520 Auctoritas
337 2447 481 2514 superioris,
498 2458 525 2500 ut
540 2463 629 2501 renun·
708 2447 748 2499 lx.
762 2445 920 2500 Renuntiatio
941 2461 1004 2514 pura
1026 2461 1054 2496 ac
1077 2441 1123 2496 sub
1148 2457 1205 2492 con-

204 2510 369 2562 uatioralcat.
741 2513 843 2566 ditione.

135 2575 176 2626 vt.
189 2575 266 2626 tusis
280 2577 466 2630 renuntiationis
476 2595 563 2630 musis.
707 2580 737 2630 ii.
750 2579 808 2642 Qua
830 2579 856 2630 in
879 2573 1099 2630 renuntiationibus
1121 2573 1203 2626 obser-

134 2641 189 2693 Vli.
203 2642 336 2693 iiiscrimen
351 2643 413 2695 inter
427 2645 630 2697 renuntiationem
741 2643 838 2696 raudai

205 2708 257 2759 ioco
269 2719 377 2772 tantuna,
389 2725 418 2760 ac
426 2710 629 2764 renuntiationem
707 2709 750 2761 ΧΙ.
763 2707 919 2762 Renuntiatio
938 2707 967 2758 it
988 2705 1060 2756 etiam
1081 2718 1126 2772 per
1149 2717 1204 2769 1)ω

204 2773 424 2844 locoetdignitati.
741 2787 888 2827 curatorem.

607 2912 638 3016 ς.
677 2914 734 2986 111.

185 3061 423 3154 Rrrunrtrrro,
459 3087 533 3160 quae
561 3079 595 3134 et
622 3065 796 3160 resignatio
824 3061 962 3150 dieitur,
988 3055 1119 3130 definiri
1150 3079 1207 3152 po-

136 3177 221 3251 test,
258 3160 457 3234 ecclesiastici
485 3163 687 3256 magistratus
727 3177 762 3234 et
791 3157 960 3249 beneficii,
1003 3183 1042 3228 ex
1070 3154 1207 3226 auotori-

135 3277 208 3332 tate
249 3261 420 3356 superioris
450 3276 566 3357 sponte
594 3285 629 3330 ao
665 3259 809 3356 legitime
838 3259 921 3330 sacta
954 3253 1125 3326 abdicatio.
1158 3251 1205 3321 Ea

136 3357 190 3430 vel
226 3359 334 3448 tacita,
370 3357 421 3428 vel
450 3383 596 3455 expressa
641 3373 702 3428 est.
733 3357 844 3430 Tacita
892 3357 995 3427 oritur
1041 3377 1079 3422 ex
1122 3351 1207 3420 facto

137 3459 230 3553 ipso,
272 3471 371 3568 atque
405 3483 424 3526 a
455 3458 532 3556 jure
563 3454 718 3526 indicitur
764 3481 839 3528 cum
884 3452 1095 3524 beneficiatus
1130 3472 1207 3518 uxo

137 3579 211 3625 rem
251 3551 341 3624 duort
378 3553 451 3650 (1),
497 3579 572 3625 oum
605 3553 760 3650 regularia
794 3553 933 3625 instituti
975 3549 1208 3648 professionem

138 3654 262 3722 emittit
282 3649 356 3748 (2),
395 3677 470 3722 cum
506 3651 701 3724 beneficium
742 3653 969 3749 consequitur,
993 3645 1082 3744 quod
1109 3643 1208 3740 priori

136 3763 322 3848 repugnat,
357 3751 441 3838 sive,
484 3765 520 3820 ut
552 3751 729 3846 inquiunt,
774 3747 1036 3847 {compariciis
1063 3759 1110 3814 est
1139 3742 1151 3832 (
1178 3741 1204 3836 )

136 3849 236 3920 Tunc
263 3847 351 3918 enim
378 3863 491 3918 vacant
518 3845 697 3937 beneficia,
728 3873 804 3946 quae
832 3845 929 3920 simul
959 3869 1034 3916 cum
1065 3841 1207 3934 nuptiis,

133 3972 214 4017 cum
256 3943 395 4039 regulari
435 3947 603 4036 instituto,
640 3972 714 4018 cum
754 3946 855 4019 altero
890 3935 1124 4038 incompatibili
1156 3935 1209 4008 be·

132 4042 258 4118 ueiicio
272 4057 358 4115 stare
374 4067 441 4116 non
455 4059 601 4140 possunt.
