3102 5184
533 484 753 554 -555-

116 649 165 692 non
180 649 241 692 asse
255 629 473 710 prohibendum
489 630 589 708 donet,
604 633 684 712 qnod
701 641 803 696 uotum
821 641 981 714 pareutum
1001 628 1061 712 (qui
1078 631 1173 692 lilium

116 715 140 773 in
155 716 327 775 monasterio
344 713 522 796 obtulerant)
536 715 686 800 intepram
699 723 846 776 monetet
869 713 977 776 oblatio
997 731 1099 774 eorum
1117 731 1178 774 noo

115 803 151 856 eat
161 795 323 873 exibendo,
339 795 392 858 aed
406 793 571 858 cumulato.
586 799 665 874 Quid
679 806 776 858 autem
795 798 904 858 servari
924 795 1045 870 debeat,
1062 803 1096 854 ut
1110 796 1177 874 quis

114 879 254 938 arctiorem
266 881 398 973 regulam
411 877 469 939 rite
481 897 515 939 ae
527 887 607 940 reete
621 879 775 958 suscipiat,
794 879 917 958 explieat
935 876 1174 957 Scbmalzgrneb.

115 961 164 1020 las
176 957 342 1022 sedante.
361 960 411 1024 lib.
428 963 446 1022 5
463 980 533 1043 por.
549 965 569 1024 4
586 962 632 1024 tit.
652 965 685 1024 st
705 959 730 1042 §.
751 964 769 1021 8
784 979 816 1022 n.
837 962 1128 1024 patarenorum
1146 967 1178 1020 ut

116 1060 142 1101 ea
162 1061 207 1102 res
223 1044 335 1104 exitum
350 1044 455 1108 habeat
469 1045 656 1122 celeriorem,
671 1045 870 1125 regularibus,
893 1043 943 1122 qui
962 1044 993 1103 in
1018 1042 1174 1103 arctiorem

114 1123 275 1204 religionem
289 1128 422 1190 conferre
435 1145 466 1190 se
480 1129 614 1207 eupiunt,
637 1153 649 1180 ιι
661 1131 817 1208 Postquam
828 1125 985 1186 voluntatis
996 1143 1055 1185 sure
1066 1141 1175 1198 causas,

116 1213 143 1264 nt
157 1207 252 1285 inquit
272 1209 408 1271 Giraldus
425 1227 526 1291 expos.
542 1213 615 1271 Jur.
635 1211 725 1271 Perit.
746 1227 816 1292 por.
839 1209 944 1269 iseet.
966 1209 1005 1268 tu
1023 1225 1095 1288 pap.
1115 1206 1175 1267 865

116 1295 177 1348 tour.
194 1291 228 1364 5,
254 1307 352 1352 eoram
371 1291 604 1372 eompetentibus
624 1291 795 1371 Apostoliee
815 1290 893 1352 sedis
912 1287 1108 1348 tribunalibus
1126 1307 1179 1350 ex-

115 1373 254 1446 posuerint
279 1381 367 1453 atque
398 1375 603 1454 probaverint,
633 1374 713 1436 baud
736 1391 814 1456 aegre
840 1391 857 1434 a
882 1375 1012 1432 Romano
1038 1369 1179 1431 Pontifioe

116 1451 296 1535 indulgentur
312 1465 484 1535 opportune
497 1456 648 1518 facultates
663 1458 694 1517 in
712 1457 819 1534 quibus
834 1453 983 1535 derogatio
1007 1469 1095 1530 super
1109 1469 1177 1512 oon-

117 1551 192 1596 sensu
205 1539 371 1616 Superioris
384 1539 498 1600 ordinis
508 1539 627 1600 laxioris
637 1539 809 1600 includitur.

150 1617 188 1696 (i)
208 1621 363 1680 Summum
374 1625 460 1683 Pont.
475 1621 659 1704 regularibus
671 1620 804 1681 tribuere
817 1635 901 1698 posse
914 1616 1080 1676 facultatem
1093 1613 1178 1676 dese·

117 1699 192 1759 rendi
205 1701 373 1763 institutum
391 1722 494 1780 suum,
510 1723 543 1765 ae
555 1702 699 1764 redeundi
714 1703 751 1764 ad
765 1701 919 1762 bominum
934 1715 1119 1758 communem
1133 1699 1178 1758 vi-

118 1787 187 1856 tam,
201 1783 272 1858 sive,
296 1794 329 1845 ut
349 1786 503 1864 inquiunt,
520 1785 562 1848 od
576 1781 734 1862 seculum,
753 1785 832 1846 inter
851 1799 953 1842 omnes
966 1787 1089 1840 constat.
1103 1783 1178 1841 Sunt

120 1869 208 1923 tamen
218 1883 233 1924 e
245 1865 461 1948 Theologorum
479 1868 605 1944 familia,
621 1869 688 1948 qui,
704 1875 821 1928 auctore
839 1863 1002 1944 presertim
1016 1865 1047 1923 S.
1064 1861 1176 1923 Thomu

120 1943 148 2002 2·
162 1945 180 2004 2
192 1965 218 2028 p.
232 1949 270 2010 88
281 1957 343 2009 ort.
360 1953 413 2027 ll,
435 1959 558 2030 negent,
578 1967 645 2010 eum
660 1950 772 2010 solvere
789 1947 954 2029 regularem
969 1961 1052 2024 posse
1070 1944 1177 2004 soleni-

118 2025 195 2088 nibus
204 2031 288 2110 votis,
302 2051 369 2110 quea
382 2032 494 2110 emisit3
516 2033 568 2094 sed
582 2041 682 2092 eontra
702 2031 755 2092 bos
772 2029 922 2110 disputant
936 2025 1174 2106 Sobmalzgrueb.

116 2103 228 2269 §essert
249 2109 277 2194 S.
298 2115 316 2174 7
336 2134 369 2174 rr.
389 2115 445 2177 iil
468 2123 498 2175 et
515 2114 640 2196 Pirhing
651 2114 708 2196 jus
729 2131 837 2176 eonon.
856 2109 908 2173 lib.
926 2110 1003 2173 brit.
1020 2111 1055 2170 54
1074 2110 1176 2169 seet.5

133 2233 140 2250 .
180 2212 264 2255 num.
284 2198 356 2258 444.

150 2273 188 2354 (ὅ)
206 2274 299 2339 Auel.
320 2277 448 2362 inpressi
470 2279 502 2340 G.
532 2277 567 2339 de
582 2281 701 2341 Sacros.
728 2273 857 2352 derlee,
875 2271 968 2338 Aust.
992 2271 1177 2357 presbyteros

118 2357 144 2414 C.
156 2355 300 2440 despire„
318 2370 347 2422 et
357 2357 454 2422 derio.

149 2437 188 2522 (4)
209 2446 286 2525 Cap.
302 2447 321 2504 4
336 2441 372 2506 de
384 2452 444 2505 not.
457 2451 486 2506 et
499 2450 558 2506 vot.
571 2441 717 2527 redempt.

154 2593 182 2696 S.
209 2595 288 2670 XV.
317 2599 417 2686 Quod
459 2603 486 2672 si
517 2599 640 2698 aliquid
678 2600 930 2698 praetermissum
961 2613 1010 2669 est
1042 2621 1175 2686 eorum,

115 2717 180 2790 quae
203 2722 332 2769 servare
357 2699 541 2796 oportebat,
570 2701 661 2770 irrita
691 2713 738 2770 est
760 2696 935 2796 professio,
966 2697 1081 2794 etqui
1106 2721 1178 2766 eam

114 2795 229 2886 emisit,
257 2795 432 2870 recimere
456 2800 542 2869 intra
565 2799 830 2898 quinquennium
850 2809 958 2892 potest
971 2795 1046 2894 (l),
1070 2793 1177 2890 elapsu

115 2895 334 2992 quinquennio
362 2922 431 2968 non
458 2913 586 2995 potest,
622 2897 683 2967 nisi
718 2919 761 2966 ex
788 2897 877 2994 justa
907 2919 1001 2964 causa
1032 2893 1130 2964 suerit
1160 2917 1178 2961 a

113 2987 268 3065 Pontifioe
308 2997 475 3066 restitutus
506 2995 576 3093 (2).
616 2993 722 3066 Nemo
761 3009 870 3064 autem
909 2992 1077 3086 audietur,
1120 2991 1177 3094 qui

114 3092 289 3184 regularem
318 3091 465 3164 habitum
505 3093 646 3185 dimisit,
687 3093 749 3162 nisi
777 3093 923 3189 primum
960 3117 1035 3162 eum
1068 3094 1177 3165 denuo

114 3192 283 3287 susoeperit
311 3217 349 3261 ao
376 3191 508 3262 redierit
548 3191 589 3262 ad
629 3191 881 3280 monesterium,
922 3189 1013 3264 unde
1059 3193 1179 3266 duee-

114 3303 188 3357 serat
214 3287 282 3386 (5).
309 3289 473 3388 Numqui
499 3291 647 3362 habitum
666 3305 700 3360 et
727 3291 958 3359 monasterium
978 3317 1034 3366 sua
1062 3311 1178 3392 sponte

115 3384 267 3478 deseruit,
309 3405 476 3486 tamquam
507 3405 650 3487 apostata
683 3385 822 3458 habetur
870 3403 903 3456 et
932 3391 1070 3483 punitur
1103 3419 1178 3491 poe-

115 3485 157 3553 nis
180 3486 302 3583 quibus
339 3489 521 3582 puniuntur
560 3503 716 3584 apostatas
752 3485 824 3580 (d),
856 3487 966 3580 quales
1001 3505 1079 3562 sunt
1109 3491 1175 3578 illi,

116 3585 164 3677 qui
180 3609 315 3681 prorsus
332 3583 514 3658 retinendae
534 3586 696 3682 religionis
713 3586 858 3658 animum
875 3586 1077 3683 abjecerunt.

149 3743 189 3908 pl)
209 3752 301 3810 Cone.
316 3747 400 3810 l'rid.
413 3767 485 3812 teas.
499 3751 539 3811 tt
550 3769 618 3832 cup.
636 3753 675 3814 49
689 3749 725 3814 de
735 3749 829 3835 repul.

112 3831 188 3971 nati
209 3829 946 3978 fflgcigppcffipapoeg}bpgpigpgprpp
966 3833 1178 3977 Qiini'siriiii

114 3955 234 4069 oporiet,
249 4013 315 4054 eum
330 3997 473 4073 quaeritur
486 3935 668 4058 deirullitate
679 3936 875 4076 proiessionis.
939 3936 979 3994 ’q

149 4073 190 4158 (5)
210 4081 300 4138 cone.
315 4077 399 4140 Trid.
416 4075 471 4140 loc.
483 4079 549 4158 eit,
561 4087 589 4140 et
601 4080 650 4141 cit.
669 4083 768 4142 Cenat.
783 4081 835 4141 47.
848 4079 958 4141 Bened.
972 4082 1052 4143 xlv.
