3134 5144
508 387 653 460 -265
678 429 728 444 -

105 537 300 600 discanouibus
317 535 484 598 nullatenus
506 546 671 618 respuatur.
689 539 746 616 Qui
770 537 840 598 durn
861 538 950 600 luerit
971 539 1149 618 postulatus,

103 620 346 682 etmsolemnitatc
367 617 493 690 decreti,
514 621 647 680 omnium
670 619 932 699 subscriptionibus
956 621 1101 698 roborati,
1121 631 1152 684 et

104 703 253 764 olscnorir
262 710 321 762 tue
331 702 499 764 testimonio
511 703 677 764 litterarum
690 703 727 764 ad
739 719 792 764 nos
805 703 962 764 merendus
974 711 1118 765 occurrat.
1131 730 1145 760 ι

103 784 192 846 lisdem
215 783 312 846 rerbis
330 791 477 862 concepte
490 793 559 846 sunt
577 786 698 864 relique
722 785 855 864 Gregorii
874 785 1019 864 epistole,
1044 785 1152 864 quibus

103 867 216 928 risitnm
230 864 430 928 constituitur.
450 870 493 928 Ex
509 866 556 928 bis
575 876 674 928 autem
694 867 899 947 intelligimus,
919 867 1030 930 clermn
1057 877 1088 928 et
1104 887 1153 948 po-

103 949 188 1026 pulum
209 957 324 1012 tantum
345 948 494 1026 laudasse,
516 957 567 1010 aut
589 949 747 1028 postulasse
769 951 951 1028 episcopum,
976 951 1027 1012 sed
1053 967 1153 1014 reram

16 1055 17 1062 ¹
103 1033 290 1110 propriame
302 1027 474 1094 electionem
486 1031 524 1092 ad
537 1049 605 1092 eum
617 1033 804 1111 pertinuisse,
815 1031 898 1110 cujus
907 1039 971 1094 erat
980 1033 1153 1113 postulatio·

104 1129 158 1172 nem
181 1115 301 1193 rejicere
325 1121 377 1174 aut
390 1113 551 1192 approbare
569 1121 599 1174 ct
618 1115 784 1194 episcopum
799 1131 977 1176 consecrare.
994 1119 1028 1178 in
1052 1116 1153 1178 multis

102 1195 205 1270 quidem
226 1197 368 1270 eeclesiis,
388 1214 453 1256 cum
472 1195 510 1256 de
528 1195 662 1277 eligendo
681 1197 814 1276 episeopo
830 1195 1019 1278 agebatur,a
1042 1205 1154 1259 metro·

102 1277 178 1352 pclita
198 1279 375 1340 visitatorem
400 1277 477 1338 mitti
501 1279 684 1340 consuevisse
706 1285 833 1356 constat3
858 1277 910 1340 sed
935 1297 994 1340 non
1019 1279 1097 1340 idem
1122 1282 1153 1340 in

101 1359 220 1420 omnibus
235 1361 399 1444 generatim
417 1361 544 1422 ecclesiis
564 1361 672 1422 iactum
693 1361 826 1436 ridetur,
847 1379 1024 1441 quamquam
1047 1361 1156 1442 ubique

102 1443 237 1520 precipue
250 1444 362 1504 luerint
375 1443 568 1522 metropolite
580 1451 677 1522 partes
691 1443 721 1502 in
736 1441 938 1521 episcoporum
953 1443 1153 1506 electionibus.

103 1522 194 1583 Plures
210 1533 302 1585 autem
325 1525 459 1586 formula
483 1525 610 1602 decreti,
634 1524 748 1602 quoda
770 1523 848 1585 clero
873 1531 902 1584 ct
926 1526 1033 1604 populo
1051 1523 1154 1602 fiebat,

104 1613 207 1664 essunt
218 1607 290 1684 apud
302 1607 453 1670 Baluzium
468 1603 603 1668 Formati.
618 1607 713 1692 antiq.
732 1613 860 1688 proanot.
877 1605 1006 1689 episcop.
1022 1625 1107 1668 num.
1125 1608 1154 1685 7,

106 1686 143 1743 tc
155 1695 180 1745 et
188 1691 220 1748 21
233 1697 298 1750 tom.
316 1693 335 1750 2
349 1709 385 1750 co
411 1691 503 1766 .dl8‚
517 1691 577 1749 ild
591 1691 701 1765 estet,
718 1687 790 1749 edit.
809 1690 909 1749 Venct.

142 1765 180 1850 (ἲ)
198 1772 313 1834 domate
326 1773 363 1834 tit
397 1789 446 1832 um
461 1771 652 1834 decretalium
666 1770 702 1832 dc
716 1767 874 1834 illectione.

145 1945 172 2048 ff.
196 1949 248 2024 IX
279 1951 428 2024 Tandem
444 1969 518 2048 post
543 1951 747 2024 Clementem
768 1951 818 2041 V,
837 1949 1051 2024 benedictum
1072 1951 1154 2040 Xll,

102 2063 272 2147 ceterosque
294 2048 486 2141 Pontifices,
513 2053 738 2147 episcoporum
766 2049 939 2123 electiones
959 2047 1028 2120 sedi
1048 2047 1157 2146 Apos-

103 2143 194 2218 tolicae
222 2163 393 2220 reservate
427 2163 515 2220 sunt.
550 2147 734 2220 Avertenda
762 2150 918 2220 nimirum
945 2161 1039 2220 erent
1073 2148 1157 2218 malo

102 2244 324 2342 complurima,
366 2272 441 2342 quae
470 2249 504 2320 in
538 2248 614 2343 ipsis
642 2245 872 2336 electionibus,
911 2271 949 2317 ex
981 2244 1158 2318 ambitione

100 2339 270 2434 bominum,
302 2371 342 2416 ex
361 2343 557 2418 dissensione
579 2343 757 2442 studiisque
780 2347 922 2442 partium
953 2342 1153 2416 oriebantur.

100 2437 214 2522 Quibus
234 2443 336 2515 rebus
350 2469 426 2514 cum
460 2441 640 2514 remedium
669 2441 823 2516 adhibere
844 2458 1009 2540 oporteret
1031 2441 1157 2514 lloma-

98 2565 147 2611 nos
172 2540 369 2632 Pontifices,
393 2541 514 2612 sactum
544 2557 613 2630 est,
644 2557 681 2612 ut
710 2543 770 2639 ipsi
792 2555 955 2612 servarent
979 2539 1038 2608 sibi
1068 2543 1157 2634 epis-

97 2661 239 2733 coporum
266 2637 459 2729 electiones,
492 2655 529 2710 ut
551 2639 692 2712 ecclesiae
714 2637 936 2726 consulerent,
969 2651 1006 2706 ut
1028 2635 1157 2706 dissidia

94 2735 256 2830 tollerent,
295 2753 332 2808 ut
363 2737 505 2810 savorem
547 2753 580 2808 ct
618 2739 754 2838 gratiam
795 2749 961 2824 arcerent,
1005 2749 1043 2804 ut
1075 2735 1156 2804 ratio

96 2830 256 2908 baberetur
271 2862 339 2906 una
353 2838 544 2908 meritorum
559 2836 624 2934 (l).

13 3033 14 3044 ¹
127 3006 164 3085 (l)
183 2997 315 3071 Plenum
340 3017 384 3070 est
406 3027 511 3089 corpus
536 3006 617 3072 luris
641 3007 771 3071 canonici
798 3005 1003 3084 dissidiorum,
1031 3025 1097 3085 que
1124 3007 1155 3067 in

94 3087 274 3154 electionibus
298 3092 479 3154 oriebantur.
498 3095 556 3154 beo
570 3095 598 3154 X
612 3092 646 3152 ira
661 3091 783 3154 constit.
799 3087 960 3152 Primitioo
972 3087 998 3170 S.
1014 3091 1034 3150 c
1049 3098 1119 3150 tom.
1137 3090 1155 3150 5

93 3189 151 3249 por.
172 3177 190 3235 5
208 3193 285 3256 pop.
311 3170 516 3249 454ὁιι1ίαν.,
537 3193 603 3253 qum
627 3172 829 3252 complectitur
846 3171 1033 3247 concordata,
1054 3169 1156 3232 erbis

93 3256 173 3318 cusis
184 3257 300 3336 repetit
310 3257 526 3336 episcopatuum
541 3257 767 3331 reservationes,
782 3263 812 3315 et
823 3263 952 3334 apposite
970 3257 1156 3315 innocentius

93 3337 159 3413 apud
175 3339 407 3401 Tbomassinum
430 3347 499 3399 tom.
521 3341 540 3400 2
560 3336 609 3400 tc.
630 3341 648 3400 2
671 3357 737 3418 cop.
762 3339 801 3398 55
824 3356 908 3398 nem.
933 3333 1084 3418 binfin,
1107 3335 1155 3396 in·

94 3419 166 3494 quit:
189 3424 259 3484 «Ne
274 3420 406 3482 sidcnuo
419 3421 640 3482 restitueremus
649 3419 732 3482 robis
742 3420 889 3482 licentiam
900 3417 1042 3499 eligendi,
1057 3417 1154 3480 denuo

93 3503 236 3576 rmntios
251 3503 372 3564 licentia
393 3501 545 3564 abutentes
568 3507 739 3564 lismensem
759 3501 930 3563 scinderetis
953 3501 1113 3560 ecclcsiam.
1134 3525 1146 3552 r

93 3583 176 3660 litque
196 3585 266 3646 brec
289 3584 409 3661 quidem
424 3583 542 3646 dissidia
563 3594 592 3646 et
607 3585 653 3646 ine
677 3585 787 3660 turbe,
802 3584 846 3644 uti
864 3581 991 3644 ostendit
1011 3581 1153 3644 Thomas·

92 3663 161 3726 dnm
179 3663 245 3728 loeo
269 3685 343 3728 mcc
367 3664 512 3743 indicato,
533 3686 568 3728 cx
592 3668 691 3748 populi
716 3665 890 3736 lectionibus
911 3663 1095 3738 criebantur,
1123 3670 1154 3721 et

91 3745 233 3810 interdum
249 3748 342 3810 etiarn
361 3749 393 3810 in
412 3749 505 3811 cedes
519 3751 727 3830 erumpebant,
741 3747 813 3810 adeo
836 3755 871 3808 ut
884 3747 915 3807 in
938 3745 1064 3806 eeclesiis
1087 3743 1153 3820 qui·

91 3825 203 3892 busdam
220 3831 428 3910 episcoporum
449 3832 602 3893 electiones
620 3833 815 3892 intermittere
834 3829 1011 3908 oportuerit,
1031 3823 1109 3918 quod
1123 3824 1153 3884 in

89 3911 209 3974 ccdcsiis
225 3912 423 3988 Bituricensi,
439 3913 642 3993 Lugdunensi,
667 3912 883 3994 burdigalensi,
899 3913 1068 3972 carnotensi
1086 3923 1154 3966 crc-

90 3993 159 4054 nisse
182 4001 314 4056 constat.
343 3997 413 4057 ilem
441 3995 517 4057 banc
541 3997 755 4058 testatissimam
779 3994 849 4056 iacit
872 4009 964 4054 canon
994 3991 1007 4050 l
1040 3987 1153 4050 concilii

179 4102 263 4146 ron.
295 4100 317 4144 ι.
1014 4067 1058 4139 12
