3134 5144
573 460 720 533 -nott
746 503 794 516 -

136 603 610 688 montemtremitum)
631 609 669 670 de
686 613 758 672 Jure
783 629 801 672 e
821 609 951 690 isoopolra
973 609 1140 690 Jurrsdrotro
1170 622 1216 676 at-

131 706 191 767 que
207 687 339 783 epeleeiae
353 687 571 784 aomiuietratio
589 689 756 754 devolvitur
774 629 819 754 all
826 693 1001 773 capitulum,
1020 711 1079 756 uon
1096 694 1218 772 quidem

131 788 167 830 ex
194 769 297 848 aliquo
315 769 486 866 privilegio,
515 771 561 866 vel
578 771 776 854 delegatione,
795 774 848 836 oed
871 791 907 836 ex
922 774 1132 870 rationenjuria
1159 795 1219 837 non

130 849 342 993 pemmoenrp3
362 871 435 994 opp,
450 851 569 914 eooleera
592 853 768 917 cathedralis
790 853 962 918 ellormatur
983 864 1163 936 oouJouotrm
1182 857 1219 918 ab

145 951 303 1013 preoopoe
326 951 390 1013 capr
437 951 466 995 o.
483 959 496 988 a

179 1133 214 1234 §.
256 1135 362 1207 LXll.
405 1135 515 1222 Quam
539 1155 735 1238 potestatem
773 1139 954 1238 capitulum
996 1158 1124 1214 exercet
1178 1169 1214 1214 er

128 1233 291 1305 neantnn
315 1233 548 1330 capitularem,
579 1263 679 1334 quem
709 1239 796 1310 intra
825 1257 899 1312 ooto
931 1239 999 1311 dies
1031 1257 1105 1336 post
1138 1169 1213 1313 oli-

132 1345 207 1400 tum
239 1333 383 1430 episcopi
410 1333 528 1430 eligere
557 1333 676 1424 debet,
708 1361 750 1408 ue
775 1335 926 1434 pluribus
956 1339 1125 1410 commissa
1150 1364 1213 1408 ne-

129 1429 246 1522 gotia,
283 1433 413 1525 segnius
455 1449 489 1501 et
529 1429 694 1503 difficilius
731 1431 958 1530 expediantur.
999 1433 1117 1528 Elapso
1150 1433 1213 1506 hoc

127 1539 303 1621 tempore,
323 1530 380 1626 jus
420 1527 561 1624 eligendi
593 1529 788 1600 transfertur
817 1529 857 1599 ad
890 1529 1154 1626 metropolitem,
1180 1545 1213 1601 et

129 1623 160 1689 si
198 1621 326 1693 eerleeia
355 1627 424 1722 ipsu
452 1625 703 1724 metropolitana
735 1626 835 1700 luerit
860 1625 910 1698 rel
940 1639 1109 1722 exempta,
1135 1643 1215 1698 tuno

132 1719 305 1814 antiquior
337 1726 507 1820 episeopus
547 1749 586 1796 ex
618 1721 827 1820 suffraganeis
869 1727 906 1794 in
940 1723 1212 1822 metropolitana,

131 1829 184 1928 et.
197 1823 409 2012 l'ffi'ffllllior
440 1823 609 1919 episswpus
639 1824 675 1892 in
703 1837 855 1920 exempta
894 1823 1048 1892 vicarium
1088 1823 1213 1894 eonsti-

129 1928 201 1984 ttttt
276 1968 284 1984 .

169 2133 215 2216 (1)
237 2138 399 2200 Concilium
413 2139 622 2201 Tridentinum
635 2156 706 2202 aeta.
720 2141 760 2200 tt
774 2157 841 2222 cap.
861 2141 899 2200 16
917 2137 953 2200 tle
969 2138 1126 2220 reformat.

178 2313 214 2414 S.
243 2315 363 2388 LXlll.
392 2317 519 2390 Tamen
543 2317 601 2390 ubi
617 2317 783 2390 ecelesiam
814 2315 1070 2412 suffraganeam,
1100 2341 1210 2390 coren-

126 2429 201 2485 tem
227 2413 389 2510 capitulo,
415 2441 578 2488 unacum
604 2414 855 2512 metropolitana
875 2441 987 2488 raoare
1012 2417 1208 2510 eontigerit,

125 2511 246 2582 electio
274 2515 383 2584 vicarii
414 2511 607 2610 suffraganei
636 2537 703 2586 non
729 2513 770 2583 ad
802 2515 1020 2610 antiquiorem
1050 2513 1210 2608 suffraga-

123 2633 253 2698 neum,
278 2609 335 2681 ted
360 2609 401 2680 ad
416 2611 596 2708 capitulum
619 2609 909 2708 metropolitanum
933 2610 1111 2708 pertinebit
1138 2611 1205 2707 (l)

124 2703 232 2792 Quod
250 2709 282 2776 ei
307 2733 421 2780 omnes
451 2711 606 2780 ricarium
631 2707 749 2804 eligere
774 2701 999 2802 neglexerint,
1031 2731 1107 2776 eum
1133 2731 1210 2778 oon·

123 2805 237 2874 stituit
264 2803 431 2878 Romanus
460 2805 633 2896 Pontifex,
657 2821 714 2878 aut
742 2830 830 2876 euora
854 2805 1060 2900 oongregatio
1083 2805 1210 2901 episeo-

123 2925 250 2997 porum
274 2918 308 2973 et
329 2902 550 2998 regularium,
574 2906 710 3003 ejusque
733 2902 900 2974 saoultatea
916 2901 1016 2973 modo
1039 2903 1208 2996 angustio·

123 2997 220 3070 ribus
245 3003 459 3072 eontinentur
489 2999 630 3092 finibus,
667 2999 767 3072 modo
803 2997 1015 3096 amplioribus
1048 2997 1210 3096 explican-

124 3111 197 3164 tur.
216 3094 375 3180 Quiuimo
394 3123 470 3168 oum
492 3102 643 3197 episeopo
669 3097 764 3168 datus
779 3113 828 3168 eet
850 3096 893 3166 ab
920 3095 1105 3194 Apostolioa
1131 3095 1208 3168 sede

125 3195 288 3283 vinarius,
316 3198 362 3285 is,
394 3198 491 3265 etiam
517 3195 573 3268 illo
601 3211 753 3286 mortuo,
777 3193 922 3266 officium
946 3195 1084 3282 retinet,
1102 3217 1210 3290 neque

124 3305 213 3360 tune
244 3289 289 3362 ob
314 3295 529 3364 reverentiam
573 3317 737 3389 supremae
767 3290 835 3364 aedi
868 3290 1012 3382 debitam
1043 3289 1132 3362 loeus
1161 3305 1210 3362 eet

125 3387 237 3458 ricerii
250 3389 437 3504 oppitularis
453 3389 604 3462 electioni
621 3389 689 3488 (ἢ).

170 3607 214 3688 (1)
235 3609 362 3671 Consule
376 3610 569 3674 Benedictum
586 3613 655 3674 XIV
675 3609 711 3673 ale
728 3607 836 3694 synod.
858 3607 972 3673 dinoot.
993 3606 1045 3670 lib.
1066 3611 1168 3690 trop.
1191 3611 1209 3669 9

129 3694 313 3914 Μέἶνῧὶῗίε
330 3774 529 3837 Gaudentium
548 3769 583 3834 tle
601 3773 680 3838 visit.
703 3779 732 3833 ot
740 3769 857 3856 juriad.
875 3769 995 3866 proelot.
1018 3781 1040 3832 t.
1065 3773 1078 3830 1
1102 3787 1136 3829 ro
1161 3773 1209 3830 ‚o

123 3851 166 3914 ἄν
190 3853 257 3946 ,15
274 3863 343 3916 rect.
362 3859 380 3917 2
401 3875 487 3918 noni.
511 3857 566 3933 18,
588 3862 618 3915 et
636 3853 716 3916 card.
744 3859 861 3915 Petram
878 3862 993 3914 oonatrt.
1022 3871 1040 3911 a
1063 3858 1156 3942 orto...
1169 3847 1210 3910 ad

123 3941 247 4078 gprtetpt.
255 3935 410 4080 1ἓῚξίοοηίε
426 3937 480 3999 IX
491 3943 560 3998 rect.
582 3937 699 3999 liorem.
722 3935 762 3997 ta
777 3945 848 4000 tom.
867 3937 880 3996 1
899 3951 972 4017 pag.
990 3935 1028 3996 tt
1055 3975 1065 4008 ‚
1084 3927 1209 3992 edtltooe

153 4033 234 4078 ene.
339 4061 348 4078 .
